{"gold_per_floor":[112,112,112,80,133,163,163,198,198,209,235,235,185,195,195,297,347,359,370,370,383,398,398,415,415,442,442,460,475,574,61,61,165,165,176,176,195,541,555,589,589,617,617,617,0,17,17,30,30,30],"floor_reached":50,"playtime":4387,"items_purged":["Strike_G","Normality"],"score":674,"play_id":"3266630d-8ec3-4e23-89da-b49c38a38091","local_time":"20180816040303","is_ascension_mode":true,"campfire_choices":[{"floor":7,"key":"REST"},{"data":"Endless Agony","floor":12,"key":"SMITH"},{"data":"Poisoned Stab","floor":15,"key":"SMITH"},{"data":"Skewer","floor":23,"key":"SMITH"},{"data":"All Out Attack","floor":25,"key":"SMITH"},{"data":"Dagger Throw","floor":27,"key":"SMITH"},{"floor":32,"key":"REST"},{"floor":41,"key":"REST"},{"floor":44,"key":"REST"},{"floor":47,"key":"REST"},{"floor":49,"key":"REST"}],"neow_cost":"NONE","seed_source_timestamp":877400761162248,"circlet_count":0,"master_deck":["Defend_G","Defend_G","Defend_G","Defend_G+1","Defend_G+1","Strike_G+1","Strike_G","Survivor","Neutralize","Poisoned Stab+1","Quick Slash","Backstab","Endless Agony+1","Prepared","Dagger Throw","Corpse Explosion","Outmaneuver","Backflip+1","All Out Attack+1","Skewer+1","Dagger Throw+1","Bouncing Flask+1","Quick Slash+1","Endless Agony","Acrobatics","Infinite Blades","Doppelganger","Sadistic Nature","Flash of Steel","Enlightenment","Blur","Backflip","Calculated Gamble","Footwork","Dash"],"relics":["Busted Crown","Bronze Scales","Mercury Hourglass","Potion Belt","Orichalcum","Ninja Scroll","Tiny House","Omamori","Vajra","Toolbox","Calling Bell","Centennial Puzzle","Matryoshka","Du-Vu Doll","Old Coin","Boot","Regal Pillow","Gremlin Horn","Bottled Tornado","Pear"],"potions_floor_usage":[33,38,38,38,40,40,40,46,50,50],"damage_taken":[{"damage":0,"enemies":"Small Slimes","floor":1,"turns":4},{"damage":15,"enemies":"Lagavulin","floor":6,"turns":7},{"damage":0,"enemies":"3 Sentries","floor":8,"turns":6},{"damage":0,"enemies":"Cultist","floor":10,"turns":2},{"damage":0,"enemies":"Lagavulin","floor":11,"turns":5},{"damage":0,"enemies":"Jaw Worm","floor":14,"turns":1},{"damage":3,"enemies":"Slime Boss","floor":16,"turns":9},{"damage":0,"enemies":"Shell Parasite","floor":18,"turns":3},{"damage":0,"enemies":"Spheric Guardian","floor":19,"turns":3},{"damage":4,"enemies":"Centurion and Healer","floor":21,"turns":3},{"damage":3,"enemies":"Snecko","floor":22,"turns":3},{"damage":5,"enemies":"Cultist and Chosen","floor":24,"turns":4},{"damage":4,"enemies":"Chosen and Byrds","floor":28,"turns":4},{"damage":4,"enemies":"Centurion and Healer","floor":29,"turns":3},{"damage":40,"enemies":"Collector","floor":33,"turns":7},{"damage":0,"enemies":"Flame Bruiser 1 Orb","floor":35,"turns":2},{"damage":0,"enemies":"Orb Walker","floor":37,"turns":2},{"damage":29,"floor":38,"turns":4},{"damage":27,"enemies":"3 Darklings","floor":39,"turns":3},{"damage":5,"enemies":"Nemesis","floor":40,"turns":5},{"damage":25,"enemies":"2 Orb Walkers","floor":42,"turns":3},{"damage":3,"enemies":"Transient","floor":46,"turns":5},{"damage":27,"enemies":"Maw","floor":48,"turns":7},{"damage":93,"enemies":"Awakened One","floor":50,"turns":14}],"seed_played":"-4505671581797019444","potions_obtained":[{"floor":8,"key":"Weak Potion"},{"floor":11,"key":"Poison Potion"},{"floor":14,"key":"Explosive Potion"},{"floor":17,"key":"Energy Potion"},{"floor":21,"key":"Explosive Potion"},{"floor":22,"key":"Fire Potion"},{"floor":28,"key":"Swift Potion"},{"floor":33,"key":"Weak Potion"},{"floor":39,"key":"GamblersBrew"},{"floor":46,"key":"Explosive Potion"},{"floor":48,"key":"GhostInAJar"}],"is_trial":false,"path_per_floor":["M","?","?","?","T","E","R","E","T","M","E","R","?","M","R","B",null,"M","M","?","M","M","R","M","R","T","R","M","M","?","$","R","B",null,"M","?","M","?","M","E","R","E","T","R","$","M","R","M","R"],"character_chosen":"THE_SILENT","items_purchased":["Vajra","Infinite Blades","Toolbox","Explosive Potion","Calculated Gamble","Footwork","Dash","Pear"],"campfire_rested":6,"item_purchase_floors":[31,31,31,45,45,45,45,45],"current_hp_per_floor":[70,70,56,56,56,41,62,62,62,62,62,62,62,62,62,59,75,75,75,75,71,68,68,63,63,63,63,59,55,55,55,75,35,75,75,65,65,36,9,4,26,1,1,38,48,45,85,58,85,0],"gold":30,"neow_bonus":"BOSS_RELIC","is_prod":false,"is_daily":false,"chose_seed":false,"campfire_upgraded":5,"win_rate":0,"timestamp":1534410183,"path_taken":["M","?","?","?","?","E","R","E","T","M","E","R","?","M","R","BOSS","M","M","?","M","M","R","M","R","T","R","M","?","?","$","R","BOSS","M","?","M","?","M","E","R","E","T","R","?","M","R","?","R","BOSS"],"build_version":"2018-08-09","purchased_purges":2,"victory":false,"max_hp_per_floor":[70,70,70,70,70,70,70,70,70,70,70,70,70,70,70,70,75,75,75,75,75,75,75,75,75,75,75,75,75,75,75,75,75,75,75,75,75,75,75,75,75,75,75,75,85,85,85,85,85,85],"card_choices":[{"not_picked":[],"picked":"Poisoned Stab","floor":1},{"not_picked":[],"picked":"Quick Slash","floor":6},{"not_picked":[],"picked":"Backstab","floor":8},{"not_picked":[],"picked":"Endless Agony","floor":10},{"not_picked":[],"picked":"Prepared","floor":11},{"not_picked":[],"picked":"Dagger Throw","floor":14},{"not_picked":[],"picked":"Corpse Explosion","floor":16},{"not_picked":[],"picked":"Outmaneuver","floor":17},{"not_picked":[],"picked":"Backflip+1","floor":18},{"not_picked":[],"picked":"All Out Attack","floor":19},{"not_picked":[],"picked":"Dagger Throw","floor":21},{"not_picked":[],"picked":"Bouncing Flask+1","floor":22},{"not_picked":[],"picked":"Quick Slash+1","floor":24},{"not_picked":[],"picked":"Endless Agony","floor":28},{"not_picked":[],"picked":"Acrobatics","floor":29},{"not_picked":[],"picked":"Doppelganger","floor":33},{"not_picked":["Eviscerate+1"],"picked":"SKIP","floor":35},{"not_picked":[],"picked":"Sadistic Nature","floor":36},{"not_picked":[],"picked":"Flash of Steel","floor":36},{"not_picked":[],"picked":"Enlightenment","floor":36},{"not_picked":[],"picked":"Blur","floor":37},{"not_picked":["Choke"],"picked":"SKIP","floor":39},{"not_picked":[],"picked":"Backflip","floor":40},{"not_picked":["Backflip"],"picked":"SKIP","floor":42},{"not_picked":["Heel Hook+1"],"picked":"SKIP","floor":46},{"not_picked":["Tactician+1"],"picked":"SKIP","floor":48}],"player_experience":92032,"relics_obtained":[{"floor":5,"key":"Bronze Scales"},{"floor":6,"key":"Mercury Hourglass"},{"floor":8,"key":"Potion Belt"},{"floor":9,"key":"Orichalcum"},{"floor":11,"key":"Ninja Scroll"},{"floor":26,"key":"Omamori"},{"floor":34,"key":"Centennial Puzzle"},{"floor":34,"key":"Matryoshka"},{"floor":34,"key":"Du-Vu Doll"},{"floor":38,"key":"Old Coin"},{"floor":40,"key":"Boot"},{"floor":42,"key":"Regal Pillow"},{"floor":43,"key":"Gremlin Horn"},{"floor":43,"key":"Bottled Tornado"}],"event_choices":[{"event_name":"Wheel of Change","player_choice":"Card Removal","floor":2,"damage_taken":0},{"event_name":"Shining Light","player_choice":"Entered Light","floor":3,"damage_taken":0},{"event_name":"World of Goop","player_choice":"Left","floor":4,"damage_taken":0},{"event_name":"The Cleric","player_choice":"Card Removal","floor":13,"damage_taken":0},{"event_name":"The Library","player_choice":"Read","floor":20,"damage_taken":0},{"event_name":"Nest","player_choice":"Stole From Cult","floor":30,"damage_taken":0},{"event_name":"SensoryStone","player_choice":"Memory 3","floor":36,"damage_taken":0},{"event_name":"Mysterious Sphere","player_choice":"Fight","floor":38,"damage_taken":0}],"is_beta":false,"boss_relics":[{"not_picked":["Eternal Feather","White Beast Statue"],"picked":"Tiny House"},{"not_picked":["Coffee Dripper","Snecko Eye"],"picked":"Calling Bell"}],"items_purged_floors":[31,45],"is_endless":false,"potions_floor_spawned":[8,11,14,21,22,28,33,39,46,48],"killed_by":"Awakened One","ascension_level":1}