{"gold_per_floor":[115,38,38,48,18,49,59,59,59,69,69,88,88,98,98,169,169,185,196,196,86,101,101,26,26,26,26,26,36,48,60,60,60],"floor_reached":33,"playtime":876,"items_purged":["Strike_R"],"score":473,"play_id":"1e7988d0-3a80-4d18-85fc-a69744db0dc9","local_time":"20190113142919","is_ascension_mode":true,"campfire_choices":[{"data":"Armaments","floor":8,"key":"SMITH"},{"data":"Body Slam","floor":11,"key":"SMITH"},{"data":"Body Slam","floor":13,"key":"SMITH"},{"data":"True Grit","floor":15,"key":"SMITH"},{"data":"Flame Barrier","floor":23,"key":"SMITH"},{"floor":25,"key":"REST"},{"floor":32,"key":"REST"}],"neow_cost":"NONE","seed_source_timestamp":844327807974,"circlet_count":0,"master_deck":["AscendersBane","Strike_R","Strike_R","Strike_R","Defend_R","Defend_R","Defend_R","Defend_R","Bash","Carnage+1","Flame Barrier+1","Shrug It Off","True Grit+1","Ghostly Armor+1","Armaments+1","Body Slam+1","Body Slam+1","Iron Wave","Reaper","Warcry+1","True Grit+1"],"relics":["Burning Blood","Lantern","Kunai","Centennial Puzzle","Sozu","Anchor"],"potions_floor_usage":[14,16],"damage_taken":[{"damage":1,"enemies":"2 Louse","floor":1,"turns":4},{"damage":1,"enemies":"Small Slimes","floor":4,"turns":3},{"damage":56,"enemies":"Gremlin Nob","floor":6,"turns":5},{"damage":17,"enemies":"Cultist","floor":7,"turns":6},{"damage":0,"enemies":"3 Louse","floor":10,"turns":4},{"damage":0,"enemies":"Gremlin Gang","floor":12,"turns":6},{"damage":12,"enemies":"Exordium Thugs","floor":14,"turns":6},{"damage":3,"enemies":"The Guardian","floor":16,"turns":12},{"damage":27,"enemies":"Spheric Guardian","floor":18,"turns":6},{"damage":6,"enemies":"Chosen","floor":19,"turns":5},{"damage":10,"enemies":"3 Cultists","floor":22,"turns":6},{"damage":0,"enemies":"Snake Plant","floor":29,"turns":1},{"damage":16,"enemies":"Snecko","floor":30,"turns":6},{"damage":21,"enemies":"3 Cultists","floor":31,"turns":6},{"damage":111,"enemies":"Automaton","floor":33,"turns":12}],"seed_played":"-6122761866229530773","potions_obtained":[{"floor":7,"key":"PowerPotion"},{"floor":10,"key":"GamblersBrew"}],"is_trial":false,"path_per_floor":["M","$","?","M","$","E","M","R","T","M","R","M","R","M","R","B",null,"M","M","?","?","M","R","$","R","T","?","$","M","M","M","R","B"],"character_chosen":"IRONCLAD","items_purchased":["Flame Barrier","True Grit"],"campfire_rested":2,"item_purchase_floors":[2,5],"current_hp_per_floor":[73,73,73,75,75,25,14,14,14,20,20,26,26,20,20,23,62,41,45,24,24,32,32,32,56,56,56,56,62,57,42,66,0],"gold":60,"neow_bonus":"RANDOM_COMMON_RELIC","is_prod":false,"is_daily":false,"chose_seed":false,"campfire_upgraded":5,"win_rate":0,"timestamp":1547389759,"path_taken":["M","$","?","M","$","E","M","R","T","M","R","M","R","M","R","BOSS","M","M","?","?","?","R","$","R","T","?","$","?","M","M","R","BOSS"],"build_version":"2019-01-10","purchased_purges":1,"victory":false,"max_hp_per_floor":[75,75,75,75,75,75,75,75,75,75,75,75,75,75,75,75,75,75,75,80,80,80,80,80,80,80,80,80,80,80,80,80,80],"card_choices":[{"not_picked":["Cleave","Second Wind"],"picked":"Carnage","floor":1},{"not_picked":["Clothesline","Headbutt"],"picked":"Shrug It Off","floor":4},{"not_picked":["Perfected Strike","Anger"],"picked":"Ghostly Armor","floor":6},{"not_picked":["Flex","Pommel Strike"],"picked":"Armaments","floor":7},{"not_picked":["Cleave","Intimidate"],"picked":"Body Slam","floor":10},{"not_picked":["Fire Breathing","Whirlwind"],"picked":"Body Slam","floor":12},{"not_picked":["Spot Weakness","Searing Blow"],"picked":"Iron Wave","floor":14},{"not_picked":["Bludgeon","Demon Form"],"picked":"Reaper","floor":16},{"not_picked":["Reckless Charge","Thunderclap","Pommel Strike"],"picked":"SKIP","floor":18},{"not_picked":["True Grit","Flex"],"picked":"Warcry+1","floor":19},{"not_picked":["Searing Blow","Ghostly Armor","Body Slam"],"picked":"SKIP","floor":22},{"not_picked":["Shrug It Off","Dropkick"],"picked":"True Grit+1","floor":29},{"not_picked":["Anger","Heavy Blade","Entrench"],"picked":"SKIP","floor":30},{"not_picked":["Heavy Blade","Rupture","Inflame"],"picked":"SKIP","floor":31}],"player_experience":379264,"relics_obtained":[{"floor":6,"key":"Kunai"},{"floor":9,"key":"Centennial Puzzle"},{"floor":26,"key":"Anchor"}],"event_choices":[{"damage_healed":0,"gold_gain":0,"player_choice":"Grow","damage_taken":0,"max_hp_gain":0,"max_hp_loss":0,"event_name":"Living Wall","floor":3,"gold_loss":0,"cards_upgraded":["Carnage"]},{"damage_healed":0,"gold_gain":0,"player_choice":"Shed Blood","damage_taken":26,"max_hp_gain":5,"max_hp_loss":0,"event_name":"Forgotten Altar","floor":20,"gold_loss":0},{"cards_removed":["Strike_R"],"damage_healed":0,"gold_gain":0,"player_choice":"Upgrade and Remove","damage_taken":0,"max_hp_gain":0,"max_hp_loss":0,"event_name":"Designer","floor":21,"gold_loss":110,"cards_upgraded":["Ghostly Armor"]},{"damage_healed":0,"gold_gain":0,"player_choice":"Got Potions","damage_taken":0,"max_hp_gain":0,"max_hp_loss":0,"event_name":"Lab","floor":27,"gold_loss":0}],"is_beta":false,"boss_relics":[{"not_picked":["Runic Cube","White Beast Statue"],"picked":"Sozu"}],"items_purged_floors":[24],"is_endless":false,"potions_floor_spawned":[7,10,12,19,30,31],"killed_by":"Automaton","ascension_level":18}