{"gold_per_floor":[115,132,151,165,165,165,198,198,198,198,216,260,260,11,11,136,136,155,80,80,131,156,156,200,200,223,223,123,156,156,13,13,13],"floor_reached":33,"playtime":2523,"items_purged":["Pain","Shame"],"score":376,"play_id":"b69e9801-4b24-43f9-beb1-04bb036452d8","local_time":"20190107161150","is_ascension_mode":true,"campfire_choices":[{"data":"Armaments","floor":6,"key":"SMITH"},{"data":"Shockwave","floor":10,"key":"SMITH"},{"data":"Immolate","floor":13,"key":"SMITH"},{"data":"Disarm","floor":15,"key":"SMITH"},{"data":"Offering","floor":23,"key":"SMITH"},{"data":"Metallicize","floor":25,"key":"SMITH"},{"data":"Bash","floor":27,"key":"SMITH"},{"data":"Entrench","floor":30,"key":"SMITH"},{"data":"Battle Trance","floor":32,"key":"SMITH"}],"neow_cost":"NONE","seed_source_timestamp":3629182307223157,"circlet_count":0,"master_deck":["Strike_R","Strike_R","Strike_R","Strike_R","Strike_R","Defend_R","Defend_R","Defend_R","Defend_R","Bash+1","Armaments+1","Shockwave+1","Immolate+1","Headbutt","Disarm+1","Offering+1","Decay","Metallicize+1","Battle Trance+1","Entrench+1"],"relics":["Burning Blood","Golden Idol","Dodecahedron","Pen Nib","Matryoshka","Du-Vu Doll","Molten Egg 2","Calling Bell","Bag of Marbles","Meat on the Bone","Magic Flower","Potion Belt","Darkstone Periapt","Omamori","Bottled Tornado","Blue Candle","Mercury Hourglass","Blood Vial"],"potions_floor_usage":[7,12,24,24,24,29,29,33,33,33],"damage_taken":[{"damage":0,"enemies":"Cultist","floor":1,"turns":4},{"damage":0,"enemies":"Small Slimes","floor":2,"turns":3},{"damage":0,"enemies":"2 Louse","floor":3,"turns":3},{"damage":0,"enemies":"Exordium Wildlife","floor":4,"turns":3},{"damage":10,"enemies":"3 Sentries","floor":7,"turns":3},{"damage":0,"enemies":"Lots of Slimes","floor":11,"turns":1},{"damage":28,"enemies":"Gremlin Nob","floor":12,"turns":4},{"damage":9,"enemies":"Hexaghost","floor":16,"turns":9},{"damage":11,"enemies":"3 Byrds","floor":18,"turns":2},{"damage":15,"enemies":"Chosen","floor":22,"turns":4},{"damage":12,"enemies":"Gremlin Leader","floor":24,"turns":5},{"damage":23,"enemies":"Book of Stabbing","floor":29,"turns":4},{"damage":74,"enemies":"Champ","floor":33,"turns":8}],"seed_played":"-1669659046506152057","potions_obtained":[{"floor":1,"key":"SkillPotion"},{"floor":3,"key":"Explosive Potion"},{"floor":7,"key":"Block Potion"},{"floor":16,"key":"FearPotion"},{"floor":22,"key":"EntropicBrew"},{"floor":24,"key":"AttackPotion"},{"floor":29,"key":"GamblersBrew"}],"is_trial":false,"path_per_floor":["M","M","M","M","?","R","E","?","T","R","M","E","R","$","R","B",null,"M","$","?","T","M","R","E","R","T","R","$","E","R","$","R","B"],"character_chosen":"IRONCLAD","items_purchased":["Molten Egg 2","Blood Vial"],"campfire_rested":0,"item_purchase_floors":[14,31],"current_hp_per_floor":[86,88,88,88,66,66,62,59,59,59,65,43,43,43,43,40,76,74,74,74,74,68,68,65,65,65,65,65,69,69,69,69,0],"gold":13,"neow_bonus":"TEN_PERCENT_HP_BONUS","is_prod":false,"is_daily":false,"chose_seed":false,"campfire_upgraded":9,"win_rate":0,"timestamp":1546906310,"path_taken":["M","M","M","M","?","R","E","?","T","R","M","E","R","$","R","BOSS","M","$","?","?","?","R","E","R","T","R","$","E","R","$","R","BOSS"],"build_version":"2019-01-03v4","purchased_purges":2,"victory":false,"max_hp_per_floor":[88,88,88,88,88,88,88,88,88,88,88,88,88,88,88,88,88,88,88,88,88,88,88,88,88,88,88,88,88,88,88,88,88],"card_choices":[{"not_picked":["Perfected Strike","Corruption"],"picked":"Armaments","floor":1},{"not_picked":["Searing Blow","Thunderclap"],"picked":"Shockwave","floor":2},{"not_picked":["Uppercut","Twin Strike"],"picked":"Immolate","floor":3},{"not_picked":["Havoc","Iron Wave"],"picked":"Headbutt","floor":4},{"not_picked":["Perfected Strike","Cleave"],"picked":"Disarm","floor":7},{"not_picked":["Clash","Headbutt","Havoc"],"picked":"SKIP","floor":11},{"not_picked":["Carnage","Clothesline","Combust"],"picked":"SKIP","floor":12},{"not_picked":["Brutality","Juggernaut"],"picked":"Offering","floor":16},{"not_picked":["Dual Wield","Combust"],"picked":"Metallicize","floor":18},{"not_picked":["Cleave+1","Searing Blow+1"],"picked":"Battle Trance","floor":22},{"not_picked":["Battle Trance","Offering","Clothesline+1"],"picked":"SKIP","floor":24},{"not_picked":["True Grit+1","Headbutt+1"],"picked":"Entrench","floor":29}],"player_experience":227665,"relics_obtained":[{"floor":7,"key":"Dodecahedron"},{"floor":9,"key":"Matryoshka"},{"floor":12,"key":"Du-Vu Doll"},{"floor":17,"key":"Bag of Marbles"},{"floor":17,"key":"Meat on the Bone"},{"floor":17,"key":"Magic Flower"},{"floor":21,"key":"Darkstone Periapt"},{"floor":21,"key":"Omamori"},{"floor":24,"key":"Bottled Tornado"},{"floor":26,"key":"Blue Candle"},{"floor":29,"key":"Mercury Hourglass"}],"event_choices":[{"damage_healed":0,"gold_gain":0,"player_choice":"Take Damage","damage_taken":22,"relics_obtained":["Golden Idol"],"max_hp_gain":0,"max_hp_loss":0,"event_name":"Golden Idol","floor":5,"gold_loss":0},{"damage_healed":0,"gold_gain":0,"player_choice":"Success","damage_taken":3,"relics_obtained":["Pen Nib"],"max_hp_gain":0,"max_hp_loss":0,"event_name":"Scrap Ooze","floor":8,"gold_loss":0},{"damage_healed":0,"gold_gain":0,"player_choice":"Opened","damage_taken":0,"relics_obtained":["Potion Belt"],"max_hp_gain":0,"max_hp_loss":0,"event_name":"The Mausoleum","floor":20,"gold_loss":0}],"is_beta":false,"boss_relics":[{"not_picked":["Velvet Choker","Lizard Tail"],"picked":"Calling Bell"}],"items_purged_floors":[19,28],"is_endless":false,"potions_floor_spawned":[1,3,7,16,22,24,29],"killed_by":"Champ","ascension_level":6}