{"gold_per_floor":[111,127,140,17,34,34,50,50,50,77,77,177,197,197,197,302,302,312,237,188,287,14,43,43,43,94,94,94,19,119,136,136,136],"floor_reached":33,"playtime":1964,"items_purged":["Strike_B"],"score":287,"play_id":"53ef9d2a-6c35-4d09-a49b-d5b5b582d6bd","local_time":"20190204053059","is_ascension_mode":true,"campfire_choices":[{"data":"Static Discharge","floor":6.0,"key":"SMITH"},{"data":"Zap","floor":8.0,"key":"SMITH"},{"data":"Chill","floor":11.0,"key":"SMITH"},{"data":"Darkness","floor":15.0,"key":"SMITH"},{"data":"Electrodynamics","floor":24,"key":"SMITH"},{"data":"Go for the Eyes","floor":32,"key":"SMITH"}],"neow_cost":"NONE","seed_source_timestamp":316293336698900,"circlet_count":0,"master_deck":["Strike_B","Strike_B","Defend_B+1","Defend_B","Defend_B","Defend_B","Zap+1","Dualcast","Darkness+1","Go for the Eyes+1","Melter","Static Discharge+1","Stack","Chill+1","Turbo+1","Core Surge","Cold Snap","Electrodynamics+1","Conserve Battery","Self Repair","Necronomicurse","Self Repair","Heatsinks+1"],"special_seed":0,"relics":["Cracked Core","Lantern","Anchor","Juzu Bracelet","Busted Crown","ClockworkSouvenir","Cables","War Paint","Necronomicon","Turnip","Blue Candle"],"potions_floor_usage":[30,30],"damage_taken":[{"damage":1.0,"enemies":"Cultist","floor":1.0,"turns":3.0},{"damage":0.0,"enemies":"Small Slimes","floor":2.0,"turns":3.0},{"damage":0.0,"enemies":"Jaw Worm","floor":3.0,"turns":2.0},{"damage":8.0,"enemies":"Looter","floor":5.0,"turns":3.0},{"damage":2.0,"enemies":"3 Louse","floor":7.0,"turns":3.0},{"damage":3.0,"enemies":"Gremlin Nob","floor":10.0,"turns":3.0},{"damage":7.0,"enemies":"Red Slaver","floor":13.0,"turns":3.0},{"damage":28.0,"enemies":"Hexaghost","floor":16.0,"turns":9.0},{"damage":3,"enemies":"Shell Parasite","floor":18,"turns":4},{"damage":5,"enemies":"2 Thieves","floor":19,"turns":5},{"damage":12,"enemies":"Book of Stabbing","floor":23,"turns":5},{"damage":2,"enemies":"Colosseum Slavers","floor":30,"turns":2},{"damage":17,"enemies":"Colosseum Nobs","floor":30,"turns":4},{"damage":5,"enemies":"Shelled Parasite and Fungi","floor":31,"turns":5},{"damage":53,"enemies":"Collector","floor":33,"turns":7}],"seed_played":"2586415135417125322","potions_obtained":[{"floor":1.0,"key":"Weak Potion"},{"floor":2.0,"key":"PowerPotion"},{"floor":5.0,"key":"Block Potion"},{"floor":16.0,"key":"SkillPotion"},{"floor":23,"key":"Explosive Potion"}],"is_trial":false,"path_per_floor":["?","?","?","?","?","?","?"],"character_chosen":"DEFECT","items_purchased":["Static Discharge","Stack","Conserve Battery","Self Repair","ClockworkSouvenir"],"campfire_rested":0,"item_purchase_floors":[4,4,20,22,22],"current_hp_per_floor":[74,74,74,74,66,66,64,64,64,61,61,61,54,54,54,26,75,72,67,67,67,67,62,62,62,62,46,46,46,41,50,50,0],"gold":136,"neow_bonus":"RANDOM_COMMON_RELIC","is_prod":false,"is_daily":false,"chose_seed":false,"campfire_upgraded":6,"win_rate":0,"timestamp":1549254659,"path_taken":["M","M","M","$","M","R","M","R","T","E","R","?","M","?","R","BOSS","M","M","$","?","$","E","R","?","T","?","?","$","?","M","R","BOSS"],"build_version":"2019-01-23","purchased_purges":1,"victory":false,"max_hp_per_floor":[75,75,75,75,75,75,75,75,75,75,75,75,75,75,75,75,75,75,75,75,75,75,75,75,75,75,75,75,75,75,75,75,75],"card_choices":[{"not_picked":["Recycle","Hologram"],"picked":"Darkness","floor":1.0},{"not_picked":["Consume","Turbo"],"picked":"Go for the Eyes","floor":2.0},{"not_picked":["Auto Shields","Loop"],"picked":"Melter","floor":3.0},{"not_picked":["Static Discharge","Barrage"],"picked":"Chill","floor":5.0},{"not_picked":["Rebound","Skim","Gash"],"picked":"SKIP","floor":7.0},{"not_picked":["Recycle","Compile Driver"],"picked":"Turbo","floor":10.0},{"not_picked":["Steam Power","Cold Snap"],"picked":"Core Surge","floor":13.0},{"not_picked":["Biased Cognition","Fission"],"picked":"Electrodynamics","floor":16.0},{"not_picked":["Gash+1"],"picked":"SKIP","floor":18},{"not_picked":["Coolheaded"],"picked":"SKIP","floor":19},{"not_picked":["Ball Lightning"],"picked":"SKIP","floor":23},{"not_picked":[],"picked":"Heatsinks+1","floor":31}],"player_experience":188797,"relics_obtained":[{"floor":9.0,"key":"Anchor"},{"floor":10.0,"key":"Juzu Bracelet"},{"floor":23,"key":"Cables"},{"floor":26,"key":"War Paint"},{"floor":27,"key":"Necronomicon"},{"floor":30,"key":"Turnip"},{"floor":30,"key":"Blue Candle"}],"event_choices":[{"damage_healed":0.0,"max_hp_gain":0.0,"max_hp_loss":0.0,"gold_gain":100.0,"event_name":"Golden Shrine","player_choice":"Pray","floor":12.0,"gold_loss":0.0,"damage_taken":0.0},{"damage_healed":0.0,"max_hp_gain":0.0,"max_hp_loss":0.0,"gold_gain":0.0,"cards_transformed":["Strike_B"],"event_name":"Living Wall","player_choice":"Change","floor":14.0,"gold_loss":0.0,"damage_taken":0.0,"cards_obtained":["Cold Snap"]},{"damage_healed":0,"gold_gain":99,"player_choice":"Stole From Cult","damage_taken":0,"max_hp_gain":0,"max_hp_loss":0,"event_name":"Nest","floor":21,"gold_loss":0},{"damage_healed":0,"gold_gain":0,"player_choice":"Ignored","damage_taken":0,"max_hp_gain":0,"max_hp_loss":0,"event_name":"Ghosts","floor":25,"gold_loss":0},{"damage_healed":0,"gold_gain":0,"player_choice":"Obtained Book","damage_taken":16,"max_hp_gain":0,"max_hp_loss":0,"event_name":"Cursed Tome","floor":27,"gold_loss":0},{"damage_healed":0,"gold_gain":0,"player_choice":"Copied","damage_taken":0,"max_hp_gain":0,"max_hp_loss":0,"event_name":"Duplicator","floor":28,"gold_loss":0,"cards_obtained":["Self Repair"]},{"damage_healed":0,"gold_gain":0,"player_choice":"Fight","damage_taken":0,"max_hp_gain":0,"max_hp_loss":0,"event_name":"Colosseum","floor":30,"gold_loss":0},{"damage_healed":0,"gold_gain":0,"player_choice":"Fought Nobs","damage_taken":0,"max_hp_gain":0,"max_hp_loss":0,"event_name":"Colosseum","floor":30,"gold_loss":0}],"is_beta":false,"boss_relics":[{"not_picked":["Orrery","Runic Dome"],"picked":"Busted Crown"}],"items_purged_floors":[29],"is_endless":false,"potions_floor_spawned":[1,2,5,16,23,30],"killed_by":"Collector","ascension_level":2}