{"gold_per_floor":[118,130,140,41,51,76,76,107,107,122,122,151,164,164,164,263,263,274,291,307,10,45,73,73,73,73,37,37,48,10,28,28,129,129,139,158,1157,481,495,515,545,545,545,545,545,562,562,38,38,38],"floor_reached":51,"playtime":9101,"items_purged":["Strike_G","Normality","Normality"],"score":767,"play_id":"64797ac7-dbe0-4b93-b730-446041e70931","local_time":"20190204220230","is_ascension_mode":false,"campfire_choices":[{"floor":11.0,"key":"REST"},{"floor":15.0,"key":"REST"},{"floor":24.0,"key":"REST"},{"data":"Noxious Fumes","floor":32.0,"key":"SMITH"},{"floor":42,"key":"REST"},{"data":"Envenom","floor":45,"key":"SMITH"},{"data":"Noxious Fumes","floor":47,"key":"SMITH"},{"data":"Neutralize","floor":49,"key":"SMITH"}],"neow_cost":"NONE","seed_source_timestamp":0,"circlet_count":0,"master_deck":["Defend_G","Defend_G","Defend_G","Defend_G","Defend_G","Survivor","Neutralize+1","Flying Knee","Noxious Fumes+1","Blade Dance","Quick Slash","Quick Slash","Malaise","Backflip","Crippling Poison","Skewer","Leg Sweep","Burst","Parasite","Backstab","Envenom+1","Backstab","Dodge and Roll+1","Deadly Poison+1","Bandage Up","Acrobatics+1","Heel Hook","All Out Attack+1","Backstab","Bite","Bite","Bite","Bite","Bite","Backstab","Noxious Fumes+1","Poisoned Stab+1","Venomology","Poisoned Stab+1","Normality","Dramatic Entrance","Apotheosis","Acrobatics+1","Injury","Dash+1","Good Instincts+1","Noxious Fumes"],"special_seed":0,"relics":["Ring of the Snake","Dream Catcher","Question Card","Paper Crane","Pear","Cursed Key","Toy Ornithopter","Red Mask","StoneCalendar","MutagenicStrength","Bottled Tornado","Lizard Tail","The Specimen","PreservedInsect","Toxic Egg 2","Bottled Flame"],"potions_floor_usage":[46,50,50,50,50],"damage_taken":[{"damage":0.0,"enemies":"Small Slimes","floor":1.0,"turns":4.0},{"damage":1.0,"enemies":"Jaw Worm","floor":2.0,"turns":4.0},{"damage":0.0,"enemies":"2 Louse","floor":3.0,"turns":4.0},{"damage":11.0,"enemies":"Large Slime","floor":5.0,"turns":7.0},{"damage":15.0,"enemies":"3 Sentries","floor":6.0,"turns":8.0},{"damage":25.0,"enemies":"Gremlin Nob","floor":8.0,"turns":6.0},{"damage":2.0,"enemies":"Blue Slaver","floor":10.0,"turns":4.0},{"damage":14.0,"enemies":"Lagavulin","floor":12.0,"turns":7.0},{"damage":3.0,"enemies":"2 Fungi Beasts","floor":13.0,"turns":4.0},{"damage":24.0,"enemies":"Hexaghost","floor":16.0,"turns":13.0},{"damage":10.0,"enemies":"2 Thieves","floor":18.0,"turns":3.0},{"damage":3.0,"enemies":"Spheric Guardian","floor":19.0,"turns":4.0},{"damage":12.0,"enemies":"Centurion and Healer","floor":20.0,"turns":9.0},{"damage":22.0,"enemies":"Masked Bandits","floor":22.0,"turns":6.0},{"damage":5.0,"enemies":"Slavers","floor":23.0,"turns":7.0},{"damage":0.0,"enemies":"3 Cultists","floor":29.0,"turns":5.0},{"damage":4.0,"enemies":"Snecko","floor":31.0,"turns":4.0},{"damage":41.0,"enemies":"Automaton","floor":33.0,"turns":8.0},{"damage":3.0,"enemies":"Orb Walker","floor":35.0,"turns":3.0},{"damage":0.0,"enemies":"3 Shapes","floor":36.0,"turns":2.0},{"damage":46.0,"enemies":"Transient","floor":39.0,"turns":5.0},{"damage":14.0,"enemies":"Maw","floor":40.0,"turns":7.0},{"damage":24.0,"enemies":"Reptomancer","floor":41.0,"turns":7.0},{"damage":10,"enemies":"Jaw Worm Horde","floor":46,"turns":4},{"damage":61,"enemies":"Donu and Deca","floor":50,"turns":8}],"seed_played":"1482993638593856258","potions_obtained":[{"floor":3.0,"key":"Weak Potion"},{"floor":5.0,"key":"PowerPotion"},{"floor":12.0,"key":"Dexterity Potion"},{"floor":13.0,"key":"Explosive Potion"},{"floor":20.0,"key":"Regen Potion"},{"floor":22.0,"key":"FearPotion"},{"floor":23.0,"key":"Energy Potion"},{"floor":33.0,"key":"AttackPotion"},{"floor":35.0,"key":"Ancient Potion"},{"floor":40.0,"key":"AttackPotion"},{"floor":41.0,"key":"SteroidPotion"}],"is_trial":false,"path_per_floor":["M","M","M","$","M","E","?","E","T","M","R","E","M","?","R","B",null,"M","M","M","$","?","E","R","?","T","$","?","M","$","M","R","B",null,"M","M","?","$","M","M","E","R","T","?","R","M","R","$","R","B",null],"character_chosen":"THE_SILENT","items_purchased":["Quick Slash","Toy Ornithopter","Bandage Up","Backstab","Noxious Fumes","The Specimen","Dramatic Entrance","Apotheosis","Bottled Flame","Good Instincts+1","Noxious Fumes"],"campfire_rested":4,"item_purchase_floors":[4,21,21,27,30,38,38,38,48,48,48],"current_hp_per_floor":[77,76,76,76,65,50,55,30,30,28,52,48,45,68,92,68,92,82,79,67,67,54,53,80,80,80,80,64,64,64,64,64,39,64,63,64,64,64,20,45,41,60,60,60,60,57,57,57,57,25],"gold":38,"neow_bonus":"TEN_PERCENT_HP_BONUS","is_prod":false,"is_daily":false,"chose_seed":false,"campfire_upgraded":4,"win_rate":0.0,"timestamp":1549314150,"path_taken":["M","M","M","$","M","E","?","E","T","M","R","E","M","?","R","BOSS","M","M","M","$","?","E","R","?","T","$","?","M","?","M","R","BOSS","M","M","?","$","M","M","E","R","T","?","R","?","R","?","R","BOSS"],"build_version":"2019-01-23","purchased_purges":3,"victory":true,"max_hp_per_floor":[77,77,77,77,77,77,82,82,82,82,82,92,92,92,92,92,92,92,92,92,92,92,92,92,92,92,92,64,64,64,64,64,64,64,64,64,64,64,64,64,64,64,64,64,64,64,64,64,64,64],"card_choices":[{"not_picked":["Tactician","Outmaneuver"],"picked":"Flying Knee","floor":1.0},{"not_picked":["Outmaneuver","Masterful Stab"],"picked":"Noxious Fumes","floor":2.0},{"not_picked":["Riddle With Holes","Bouncing Flask"],"picked":"Blade Dance","floor":3.0},{"not_picked":["Dodge and Roll","Flying Knee"],"picked":"Quick Slash","floor":5.0},{"not_picked":["Prepared","Blur"],"picked":"Malaise","floor":6.0},{"not_picked":["Poisoned Stab","Dodge and Roll"],"picked":"Backflip","floor":8.0},{"not_picked":["Poisoned Stab","Underhanded Strike","Terror"],"picked":"Crippling Poison","floor":10.0},{"not_picked":["Choke","Prepared","Deflect"],"picked":"Skewer","floor":11.0},{"not_picked":["Underhanded Strike","Reflex","PiercingWail"],"picked":"Leg Sweep","floor":12.0},{"not_picked":["Dagger Throw","Deadly Poison","Outmaneuver"],"picked":"Burst","floor":13.0},{"not_picked":["Flying Knee","Acrobatics","Outmaneuver"],"picked":"Backstab","floor":15.0},{"not_picked":["Night Terror","Die Die Die","A Thousand Cuts"],"picked":"Envenom","floor":16.0},{"not_picked":["Outmaneuver","Backflip","Dash+1"],"picked":"Backstab","floor":18.0},{"not_picked":["Crippling Poison+1","Flying Knee","Dagger Throw"],"picked":"Dodge and Roll+1","floor":19.0},{"not_picked":["Flechettes+1","Backflip","PiercingWail"],"picked":"Deadly Poison+1","floor":20.0},{"not_picked":["Flechettes","Dodge and Roll","Deadly Poison"],"picked":"Acrobatics+1","floor":22.0},{"not_picked":["Flying Knee","Blade Dance+1","A Thousand Cuts"],"picked":"Heel Hook","floor":23.0},{"not_picked":["PiercingWail","Prepared+1","Acrobatics"],"picked":"All Out Attack+1","floor":24.0},{"not_picked":["PiercingWail","Underhanded Strike+1","Adrenaline"],"picked":"Backstab","floor":29.0},{"not_picked":["Riddle With Holes","PiercingWail","Expertise"],"picked":"Poisoned Stab+1","floor":31.0},{"not_picked":["Die Die Die","Envenom","Bullet Time"],"picked":"Venomology","floor":33.0},{"not_picked":["All Out Attack+1","Acrobatics","Flying Knee"],"picked":"Poisoned Stab+1","floor":35.0},{"not_picked":["Slice+1","Envenom","Quick Slash+1","Dodge and Roll"],"picked":"SKIP","floor":36.0},{"not_picked":["Deadly Poison","Blade Dance","Bouncing Flask","Quick Slash+1"],"picked":"SKIP","floor":39.0},{"not_picked":["Deadly Poison","Underhanded Strike+1","Crippling Poison+1","Flying Knee+1"],"picked":"SKIP","floor":40.0},{"not_picked":["Flechettes","Skewer","Outmaneuver","All Out Attack+1"],"picked":"SKIP","floor":41.0},{"not_picked":["Outmaneuver","Dagger Spray","Masterful Stab"],"picked":"Acrobatics+1","floor":42},{"not_picked":["Quick Slash+1","Die Die Die","Acrobatics+1"],"picked":"Dash+1","floor":46}],"player_experience":8037,"relics_obtained":[{"floor":6.0,"key":"Dream Catcher"},{"floor":8.0,"key":"Question Card"},{"floor":9.0,"key":"Paper Crane"},{"floor":12.0,"key":"Pear"},{"floor":22.0,"key":"Red Mask"},{"floor":23.0,"key":"StoneCalendar"},{"floor":26.0,"key":"Bottled Tornado"},{"floor":41.0,"key":"PreservedInsect"},{"floor":43,"key":"Toxic Egg 2"}],"event_choices":[{"damage_healed":0.0,"max_hp_gain":5.0,"max_hp_loss":0.0,"gold_gain":0.0,"event_name":"Big Fish","player_choice":"Donut","floor":7.0,"gold_loss":0.0,"damage_taken":0.0},{"damage_healed":23.0,"max_hp_gain":0.0,"max_hp_loss":0.0,"gold_gain":0.0,"event_name":"Mushrooms","player_choice":"Healed and dodged fight","floor":14.0,"gold_loss":0.0,"damage_taken":0.0,"cards_obtained":["Parasite"]},{"damage_healed":0.0,"max_hp_gain":0.0,"max_hp_loss":0.0,"gold_gain":0.0,"event_name":"Masked Bandits","player_choice":"Fought Bandits","floor":22.0,"gold_loss":0.0,"damage_taken":0.0},{"damage_healed":0.0,"max_hp_gain":0.0,"max_hp_loss":0.0,"gold_gain":0.0,"event_name":"Drug Dealer","player_choice":"Inject Mutagens","floor":25.0,"gold_loss":0.0,"damage_taken":0.0,"relics_obtained":["MutagenicStrength"]},{"damage_healed":0.0,"max_hp_gain":0.0,"max_hp_loss":28.0,"gold_gain":0.0,"event_name":"Vampires","player_choice":"Became a vampire","floor":28.0,"gold_loss":0.0,"damage_taken":0.0,"cards_obtained":["Bite","Bite","Bite","Bite","Bite"]},{"damage_healed":0.0,"max_hp_gain":0.0,"max_hp_loss":0.0,"gold_gain":999.0,"event_name":"MindBloom","player_choice":"Gold","floor":37.0,"gold_loss":0.0,"damage_taken":0.0,"cards_obtained":["Normality","Normality"]},{"damage_healed":0,"gold_gain":0,"player_choice":"Bought 0 Potions","damage_taken":0,"max_hp_gain":0,"max_hp_loss":0,"event_name":"The Woman in Blue","floor":44,"gold_loss":0}],"is_beta":false,"boss_relics":[{"not_picked":["Runic Dome","Orrery"],"picked":"Cursed Key"},{"not_picked":["Empty Cage","Philosopher\u0027s Stone"],"picked":"Lizard Tail"}],"items_purged_floors":[4,38,48],"is_endless":false,"potions_floor_spawned":[3,5,12,13,20,22,23,29,33,35,40,41,46],"ascension_level":0}