{"gold_per_floor":[17,43,55,55,55,55,5,15,41,41,67,83,33,50,50,154,204,189,58,78,78,95,95,95,95,165,176,188,203,203,214,214,309,309,323,64,64,14,14,14,28,51,51,51,63,63,83,83],"floor_reached":48,"playtime":1415,"items_purged":["Strike_R","Strike_R","Bash+1","Defend_R"],"score":716,"play_id":"163cb785-a4a8-41c5-9532-75c09d2ec97a","local_time":"20181130220354","is_ascension_mode":true,"campfire_choices":[{"data":"Rampage","floor":6,"key":"SMITH"},{"data":"Bash","floor":15,"key":"SMITH"},{"data":"Flame Barrier","floor":23,"key":"SMITH"},{"data":"Disarm","floor":30,"key":"SMITH"},{"data":"Offering","floor":32,"key":"SMITH"},{"data":"Brutality","floor":40,"key":"SMITH"},{"floor":46,"key":"REST"}],"neow_cost":"NO_GOLD","seed_source_timestamp":6274379099050,"circlet_count":0,"master_deck":["AscendersBane","Defend_R","Shrug It Off","Rampage+1","Disarm+1","Headbutt","Reaper","Metallicize","Flame Barrier+1","Warcry","Bloodletting","Disarm+1","Offering+1","Shrug It Off","Metallicize","Brutality+1","Violence","Rampage+1","Rage","Parasite"],"relics":["Black Blood","Red Skull","Boot","Smiling Mask","Orichalcum","Tiny House","Matryoshka","Blue Candle","Pen Nib","Juzu Bracelet","Mummified Hand","Anchor"],"potions_floor_usage":[16,20,22,33,33,47],"damage_taken":[{"damage":6,"enemies":"Cultist","floor":1,"turns":3},{"damage":8,"enemies":"Jaw Worm","floor":3,"turns":5},{"damage":0,"enemies":"2 Louse","floor":8,"turns":2},{"damage":28,"enemies":"Gremlin Nob","floor":11,"turns":4},{"damage":0,"enemies":"Large Slime","floor":12,"turns":4},{"damage":4,"enemies":"Looter","floor":14,"turns":4},{"damage":36,"enemies":"Slime Boss","floor":16,"turns":11},{"damage":25,"enemies":"2 Thieves","floor":18,"turns":4},{"damage":1,"enemies":"Shell Parasite","floor":20,"turns":7},{"damage":8,"enemies":"Centurion and Healer","floor":22,"turns":11},{"damage":9,"enemies":"Snake Plant","floor":27,"turns":5},{"damage":8,"enemies":"Snecko","floor":28,"turns":5},{"damage":27,"enemies":"Centurion and Healer","floor":29,"turns":8},{"damage":9,"enemies":"Snake Plant","floor":31,"turns":5},{"damage":84,"enemies":"Automaton","floor":33,"turns":12},{"damage":34,"enemies":"Orb Walker","floor":35,"turns":6},{"damage":43,"enemies":"3 Darklings","floor":41,"turns":6},{"damage":35,"enemies":"Writhing Mass","floor":45,"turns":5},{"damage":27,"enemies":"Spire Growth","floor":47,"turns":6},{"damage":35,"enemies":"Transient","floor":48,"turns":4}],"seed_played":"-6367511088814544470","potions_obtained":[{"floor":1,"key":"SpeedPotion"},{"floor":3,"key":"SkillPotion"},{"floor":16,"key":"FearPotion"},{"floor":20,"key":"Regen Potion"},{"floor":27,"key":"Fire Potion"},{"floor":35,"key":"Explosive Potion"},{"floor":45,"key":"Energy Potion"}],"is_trial":false,"path_per_floor":["M","T","M","?","?","R","?","M","T","$","E","M","$","M","R","B",null,"M","$","M","?","M","R","?","?","T","M","M","M","R","M","R","B",null,"M","$","?","$","?","R","M","T","T","?","M","R","M","M"],"character_chosen":"IRONCLAD","items_purchased":["Flame Barrier","Violence","Rampage"],"campfire_rested":1,"item_purchase_floors":[19,36,36],"current_hp_per_floor":[72,72,70,75,68,68,68,74,74,74,52,58,58,64,64,40,79,68,68,79,79,85,85,85,85,85,83,87,74,74,75,75,13,71,51,51,51,51,51,51,39,39,39,39,19,46,36,1],"gold":83,"neow_bonus":"REMOVE_TWO","is_prod":false,"is_daily":false,"chose_seed":false,"campfire_upgraded":6,"win_rate":0,"timestamp":1543615434,"path_taken":["M","?","M","?","?","R","?","M","T","?","E","?","$","M","R","BOSS","M","$","M","?","M","R","?","?","T","?","M","M","R","M","R","BOSS","M","$","?","$","?","R","?","?","T","?","M","R","M","M"],"build_version":"2018-11-15","purchased_purges":4,"victory":false,"max_hp_per_floor":[80,80,80,85,85,85,85,85,85,85,85,85,85,85,85,85,90,90,90,90,90,90,90,90,90,90,90,90,90,90,90,90,90,90,90,90,90,90,90,90,90,90,90,90,90,90,90,90],"card_choices":[{"not_picked":["Rampage","Spot Weakness"],"picked":"Shrug It Off","floor":1},{"not_picked":["Iron Wave","Flex"],"picked":"Rampage","floor":3},{"not_picked":["Thunderclap","Clash"],"picked":"Disarm","floor":8},{"not_picked":["Pummel","Warcry"],"picked":"Headbutt","floor":11},{"not_picked":["Cleave","Whirlwind"],"picked":"Reaper","floor":12},{"not_picked":["Havoc","Dual Wield","Clothesline"],"picked":"SKIP","floor":14},{"not_picked":["Iron Wave","Cleave"],"picked":"Metallicize","floor":18},{"not_picked":["Hemokinesis+1","Cleave"],"picked":"Warcry","floor":20},{"not_picked":["Body Slam","Combust+1","Headbutt"],"picked":"SKIP","floor":22},{"not_picked":["Intimidate","Dropkick+1"],"picked":"Disarm","floor":27},{"not_picked":["Warcry","Combust"],"picked":"Offering","floor":28},{"not_picked":["Whirlwind","Headbutt+1"],"picked":"Shrug It Off","floor":29},{"not_picked":["Body Slam","Flex"],"picked":"Metallicize","floor":31},{"not_picked":["Limit Break","Demon Form"],"picked":"Brutality","floor":33},{"not_picked":["Whirlwind","Twin Strike+1","Thunderclap"],"picked":"SKIP","floor":35},{"not_picked":["Clash","Carnage"],"picked":"Rage","floor":41},{"not_picked":["Flame Barrier+1","True Grit","Pummel"],"picked":"SKIP","floor":45},{"not_picked":["Warcry","Iron Wave","Clash"],"picked":"SKIP","floor":47}],"player_experience":222080,"relics_obtained":[{"floor":2,"key":"Red Skull"},{"floor":9,"key":"Smiling Mask"},{"floor":11,"key":"Orichalcum"},{"floor":26,"key":"Matryoshka"},{"floor":42,"key":"Blue Candle"},{"floor":42,"key":"Pen Nib"},{"floor":43,"key":"Juzu Bracelet"},{"floor":43,"key":"Mummified Hand"}],"event_choices":[{"damage_healed":0,"gold_gain":0,"player_choice":"Donut","damage_taken":0,"max_hp_gain":5,"max_hp_loss":0,"event_name":"Big Fish","floor":4,"gold_loss":0},{"damage_healed":0,"gold_gain":0,"player_choice":"Success","damage_taken":7,"relics_obtained":["Boot"],"max_hp_gain":0,"max_hp_loss":0,"event_name":"Scrap Ooze","floor":5,"gold_loss":0},{"cards_removed":["Strike_R"],"damage_healed":0,"gold_gain":0,"player_choice":"Card Removal","damage_taken":0,"max_hp_gain":0,"max_hp_loss":0,"event_name":"The Cleric","floor":7,"gold_loss":50},{"damage_healed":0,"gold_gain":0,"player_choice":"Ignored","damage_taken":0,"max_hp_gain":0,"max_hp_loss":0,"event_name":"The Mausoleum","floor":21,"gold_loss":0},{"cards_removed":["Strike_R"],"damage_healed":0,"gold_gain":0,"player_choice":"Elegance","damage_taken":0,"max_hp_gain":0,"max_hp_loss":0,"event_name":"Back to Basics","floor":24,"gold_loss":0},{"damage_healed":0,"gold_gain":0,"cards_transformed":["Strike_R"],"player_choice":"Transformed","damage_taken":0,"max_hp_gain":0,"max_hp_loss":0,"event_name":"Transmorgrifier","floor":25,"gold_loss":0,"cards_obtained":["Bloodletting"]},{"damage_healed":0,"gold_gain":0,"player_choice":"Ignored","damage_taken":0,"max_hp_gain":0,"max_hp_loss":0,"event_name":"Mysterious Sphere","floor":37,"gold_loss":0},{"damage_healed":0,"gold_gain":0,"player_choice":"Forge","damage_taken":0,"max_hp_gain":0,"max_hp_loss":0,"event_name":"Accursed Blacksmith","floor":39,"gold_loss":0,"cards_upgraded":["Rampage"]},{"damage_healed":0,"gold_gain":0,"player_choice":"Gave Potion","damage_taken":0,"relics_obtained":["Anchor"],"max_hp_gain":0,"max_hp_loss":0,"event_name":"WeMeetAgain","floor":44,"gold_loss":0}],"is_beta":false,"boss_relics":[{"not_picked":["Runic Dome","Philosopher\u0027s Stone"],"picked":"Tiny House"},{"not_picked":["Orrery","Coffee Dripper"],"picked":"Black Blood"}],"items_purged_floors":[13,19,36,38],"is_endless":false,"potions_floor_spawned":[1,3,8,16,20,27,28,31,35,45],"killed_by":"Transient","ascension_level":12}