{"gold_per_floor":[119,119,142,142,66,100,100,118,168,188,188,211,211,138,138,262,262,278,246,120,135,153,153,153],"floor_reached":24,"playtime":901,"items_purged":[],"score":256,"play_id":"1471a803-557e-4bf8-91c5-7467e9003507","local_time":"20190204161435","is_ascension_mode":true,"campfire_choices":[{"floor":7,"key":"REST"},{"floor":13,"key":"REST"},{"data":"Envenom","floor":15,"key":"SMITH"},{"floor":23,"key":"REST"}],"neow_cost":"NONE","seed_source_timestamp":2037106093981271,"circlet_count":0,"master_deck":["Defend_G","Defend_G+1","Defend_G","Defend_G","Defend_G","Strike_G+1","Strike_G","Strike_G","Strike_G","Survivor","Neutralize","Well Laid Plans","Prepared","Terror","Backflip","Well Laid Plans","Cloak And Dagger","Envenom+1","Venomology","Noxious Fumes","Backstab+1","Cloak And Dagger","Deflect"],"relics":["Ring of the Snake","NeowsBlessing","Golden Idol","Strawberry","Orichalcum","WristBlade"],"potions_floor_usage":[16,16,16,19,19,19,21,21,21,22,24],"damage_taken":[{"damage":0,"enemies":"Cultist","floor":1,"turns":1},{"damage":0,"enemies":"2 Louse","floor":3,"turns":1},{"damage":0,"enemies":"3 Sentries","floor":6,"turns":1},{"damage":0,"enemies":"Small Slimes","floor":8,"turns":4},{"damage":1,"enemies":"Blue Slaver","floor":10,"turns":4},{"damage":17,"enemies":"Exordium Wildlife","floor":12,"turns":7},{"damage":52,"enemies":"Slime Boss","floor":16,"turns":18},{"damage":17,"enemies":"Shell Parasite","floor":18,"turns":8},{"damage":12,"enemies":"2 Thieves","floor":19,"turns":5},{"damage":13,"enemies":"Snake Plant","floor":21,"turns":7},{"damage":26,"enemies":"Chosen and Byrds","floor":22,"turns":6},{"damage":35,"enemies":"Book of Stabbing","floor":24,"turns":6}],"seed_played":"2838463596142037926","potions_obtained":[{"floor":3,"key":"Dexterity Potion"},{"floor":6,"key":"EssenceOfSteel"},{"floor":8,"key":"LiquidBronze"},{"floor":18,"key":"Fire Potion"},{"floor":19,"key":"EssenceOfSteel"}],"is_trial":false,"path_per_floor":["M","?","M","?","$","E","R","M","T","M","?","M","R","$","R","B",null,"M","M","$","M","M","R","E"],"character_chosen":"THE_SILENT","items_purchased":["Terror","Envenom","EssenceOfSteel","Block Potion"],"campfire_rested":3,"item_purchase_floors":[5,14,20,20],"current_hp_per_floor":[70,53,53,39,39,46,69,69,69,68,61,44,67,67,67,15,77,60,48,48,35,9,32,0],"gold":153,"neow_bonus":"THREE_ENEMY_KILL","is_prod":false,"is_daily":false,"chose_seed":false,"campfire_upgraded":1,"win_rate":0,"timestamp":1549318475,"path_taken":["M","?","M","?","$","E","R","M","T","M","?","M","R","$","R","BOSS","M","M","$","M","M","R","E"],"build_version":"2019-01-23","purchased_purges":0,"victory":false,"max_hp_per_floor":[70,70,70,70,70,77,77,77,77,77,77,77,77,77,77,77,77,77,77,77,77,77,77,77],"card_choices":[{"not_picked":["Poisoned Stab","Bane"],"picked":"Well Laid Plans","floor":1},{"not_picked":["Deadly Poison","Setup"],"picked":"Prepared","floor":3},{"not_picked":["Tools of the Trade","Catalyst"],"picked":"Backflip","floor":6},{"not_picked":["Flechettes","Poisoned Stab"],"picked":"Well Laid Plans","floor":8},{"not_picked":["Deadly Poison","Blade Dance","Prepared"],"picked":"SKIP","floor":10},{"not_picked":["Skewer","Outmaneuver"],"picked":"Cloak And Dagger","floor":12},{"not_picked":["Glass Knife","Burst"],"picked":"Venomology","floor":16},{"not_picked":["Masterful Stab","Dodge and Roll"],"picked":"Noxious Fumes","floor":18},{"not_picked":["Poisoned Stab+1","Expertise"],"picked":"Backstab+1","floor":19},{"not_picked":["Outmaneuver","Slice"],"picked":"Cloak And Dagger","floor":21},{"not_picked":["Calculated Gamble","Concentrate"],"picked":"Deflect","floor":22}],"player_experience":80634,"relics_obtained":[{"floor":6,"key":"Strawberry"},{"floor":9,"key":"Orichalcum"}],"event_choices":[{"damage_healed":0,"gold_gain":0,"player_choice":"Take Damage","damage_taken":17,"relics_obtained":["Golden Idol"],"max_hp_gain":0,"max_hp_loss":0,"event_name":"Golden Idol","floor":2,"gold_loss":0},{"damage_healed":0,"gold_gain":0,"player_choice":"Entered Light","damage_taken":14,"max_hp_gain":0,"max_hp_loss":0,"event_name":"Shining Light","floor":4,"gold_loss":0,"cards_upgraded":["Strike_G","Defend_G"]},{"cards_removed":["Strike_G"],"damage_healed":0,"gold_gain":0,"player_choice":"Card Removal","damage_taken":7,"max_hp_gain":0,"max_hp_loss":0,"event_name":"Golden Wing","floor":11,"gold_loss":0}],"is_beta":true,"boss_relics":[{"not_picked":["Calling Bell","Ring of the Serpent"],"picked":"WristBlade"}],"items_purged_floors":[],"is_endless":false,"potions_floor_spawned":[3,6,8,10,18,19],"killed_by":"Book of Stabbing","ascension_level":3}