{"gold_per_floor":[115,126,87,0,0,33,43,43,43,78,78,94,94,110,110,209,209,225,238,253,353,145,145,171,191,263,263,274,293,293,312,312,410,410,429,484,187,198,218,218,218,218,218,228,228,228],"floor_reached":46,"playtime":6722,"items_purged":["Defend_G"],"score":828,"play_id":"8ae84307-9a74-428a-a7ae-f917f81c7642","local_time":"20190120182631","is_ascension_mode":true,"campfire_choices":[{"data":"Footwork","floor":8,"key":"SMITH"},{"data":"Cloak And Dagger","floor":13,"key":"SMITH"},{"data":"Noxious Fumes","floor":15,"key":"SMITH"},{"data":"Tools of the Trade","floor":23,"key":"SMITH"},{"data":"Catalyst","floor":27,"key":"SMITH"},{"data":"Bandage Up","floor":30,"key":"SMITH"},{"data":"Malaise","floor":32,"key":"SMITH"},{"data":"Terror","floor":40,"key":"SMITH"},{"data":"Well Laid Plans","floor":42,"key":"SMITH"},{"floor":45,"key":"REST"}],"neow_cost":"NONE","seed_source_timestamp":861060591369507,"circlet_count":0,"master_deck":["AscendersBane","Defend_G","Defend_G","Strike_G","Strike_G","Strike_G","Survivor","Neutralize","Cloak And Dagger+1","Cloak And Dagger+1","Noxious Fumes+1","Bandage Up+1","Catalyst+1","Footwork+1","Blur","Tools of the Trade+1","Dodge and Roll+1","Bouncing Flask","Escape Plan","Terror+1","Malaise+1","Die Die Die","Bane+1","Outmaneuver+1","Heel Hook+1","Well Laid Plans+1","Infinite Blades","Infinite Blades","Footwork+1"],"relics":["Ring of the Snake","NeowsBlessing","Shuriken","Blood Vial","Strawberry","Sozu","Chemical X","Snake Skull","Pantograph","Astrolabe","Mango","Anchor","Frozen Egg 2"],"potions_floor_usage":[10,12,16,16],"damage_taken":[{"damage":0,"enemies":"Cultist","floor":1,"turns":1},{"damage":0,"enemies":"Jaw Worm","floor":2,"turns":1},{"damage":0,"enemies":"3 Sentries","floor":6,"turns":1},{"damage":0,"enemies":"Small Slimes","floor":7,"turns":5},{"damage":37,"enemies":"Gremlin Nob","floor":10,"turns":6},{"damage":2,"enemies":"Gremlin Gang","floor":12,"turns":7},{"damage":0,"enemies":"3 Louse","floor":14,"turns":6},{"damage":29,"enemies":"Hexaghost","floor":16,"turns":11},{"damage":0,"enemies":"Chosen","floor":18,"turns":6},{"damage":9,"enemies":"Shell Parasite","floor":19,"turns":6},{"damage":32,"enemies":"Sentry and Sphere","floor":20,"turns":8},{"damage":12,"enemies":"Book of Stabbing","floor":24,"turns":7},{"damage":12,"enemies":"Snake Plant","floor":25,"turns":5},{"damage":10,"enemies":"Cultist and Chosen","floor":28,"turns":5},{"damage":0,"enemies":"Chosen and Byrds","floor":29,"turns":7},{"damage":10,"enemies":"Sentry and Sphere","floor":31,"turns":5},{"damage":47,"enemies":"Collector","floor":33,"turns":10},{"damage":0,"enemies":"3 Shapes","floor":35,"turns":6},{"damage":48,"enemies":"2 Orb Walkers","floor":36,"turns":6},{"damage":42,"enemies":"3 Darklings","floor":38,"turns":5},{"damage":7,"enemies":"Maw","floor":39,"turns":7},{"damage":16,"enemies":"Sphere and 2 Shapes","floor":44,"turns":6},{"damage":58,"enemies":"Reptomancer","floor":46,"turns":2}],"seed_played":"2172123644217972176","potions_obtained":[{"floor":7,"key":"EssenceOfSteel"},{"floor":10,"key":"Regen Potion"},{"floor":12,"key":"AttackPotion"},{"floor":14,"key":"SkillPotion"}],"is_trial":false,"path_per_floor":["M","M","$","$","?","E","M","R","T","E","?","M","R","M","R","B",null,"M","M","M","?","$","R","E","M","T","R","M","M","R","M","R","B",null,"M","?","$","M","M","R","?","R","T","M","R","E"],"character_chosen":"THE_SILENT","items_purchased":["Noxious Fumes","Bandage Up","Chemical X","Anchor","Well Laid Plans"],"campfire_rested":1,"item_purchase_floors":[3,4,22,37,37],"current_hp_per_floor":[63,63,63,63,56,60,64,64,64,40,40,59,59,65,65,42,68,74,71,45,45,45,45,39,33,33,33,29,35,35,33,33,19,63,71,45,45,11,12,12,12,12,12,4,31,0],"gold":228,"neow_bonus":"THREE_ENEMY_KILL","is_prod":false,"is_daily":false,"chose_seed":false,"campfire_upgraded":9,"win_rate":0,"timestamp":1548037591,"path_taken":["M","M","?","$","?","E","M","R","T","E","?","M","R","M","R","BOSS","M","M","?","?","?","R","E","?","T","R","M","?","R","M","R","BOSS","M","?","$","M","M","R","?","R","T","?","R","E"],"build_version":"2019-01-17v2","purchased_purges":1,"victory":false,"max_hp_per_floor":[70,70,70,70,70,70,70,70,70,77,77,77,77,77,77,77,77,77,77,77,77,77,77,77,77,77,77,77,77,77,77,77,77,77,77,91,91,91,91,91,91,91,91,91,91,91],"card_choices":[{"not_picked":["Outmaneuver","Dagger Spray"],"picked":"Cloak And Dagger","floor":1},{"not_picked":["Masterful Stab","Prepared"],"picked":"Cloak And Dagger","floor":2},{"not_picked":["Crippling Poison","Deadly Poison"],"picked":"Catalyst","floor":6},{"not_picked":["Dagger Spray","Underhanded Strike"],"picked":"Footwork","floor":7},{"not_picked":["Underhanded Strike","Storm of Steel"],"picked":"Blur","floor":10},{"not_picked":["Expertise","Poisoned Stab","Flying Knee"],"picked":"SKIP","floor":12},{"not_picked":["Acrobatics","Blade Dance","Caltrops"],"picked":"SKIP","floor":14},{"not_picked":["Grand Finale","Night Terror"],"picked":"Tools of the Trade","floor":16},{"not_picked":["Sucker Punch","Dagger Throw"],"picked":"Dodge and Roll+1","floor":18},{"not_picked":["Setup","Choke"],"picked":"Bouncing Flask","floor":19},{"not_picked":["Dagger Spray","Sucker Punch","Dodge and Roll"],"picked":"SKIP","floor":20},{"not_picked":["Outmaneuver","Flying Knee"],"picked":"Escape Plan","floor":24},{"not_picked":["Acrobatics","Deadly Poison","Prepared"],"picked":"SKIP","floor":25},{"not_picked":["Acrobatics","Skewer+1"],"picked":"Terror","floor":28},{"not_picked":["Acrobatics","Outmaneuver","Setup"],"picked":"SKIP","floor":29},{"not_picked":["Escape Plan","Caltrops"],"picked":"Malaise","floor":31},{"not_picked":["Doppelganger","Unload"],"picked":"Die Die Die","floor":33},{"not_picked":["Blade Dance","Dagger Spray","Bouncing Flask"],"picked":"SKIP","floor":35},{"not_picked":["Poisoned Stab","Flying Knee+1"],"picked":"Infinite Blades","floor":38},{"not_picked":["Deadly Poison+1","Dagger Throw"],"picked":"Infinite Blades","floor":39},{"not_picked":["Flying Knee","Prepared","Blade Dance+1"],"picked":"SKIP","floor":44}],"player_experience":426693,"relics_obtained":[{"floor":6,"key":"Shuriken"},{"floor":9,"key":"Blood Vial"},{"floor":10,"key":"Strawberry"},{"floor":24,"key":"Snake Skull"},{"floor":26,"key":"Pantograph"},{"floor":36,"key":"Mango"},{"floor":43,"key":"Frozen Egg 2"}],"event_choices":[{"cards_removed":["Defend_G"],"damage_healed":0,"gold_gain":0,"player_choice":"Card Removal","damage_taken":7,"max_hp_gain":0,"max_hp_loss":0,"event_name":"Golden Wing","floor":5,"gold_loss":0},{"damage_healed":0,"gold_gain":0,"player_choice":"Upgraded","damage_taken":0,"max_hp_gain":0,"max_hp_loss":0,"event_name":"Upgrade Shrine","floor":11,"gold_loss":0,"cards_upgraded":["Cloak And Dagger"]},{"damage_healed":0,"gold_gain":100,"player_choice":"Pray","damage_taken":0,"max_hp_gain":0,"max_hp_loss":0,"event_name":"Golden Shrine","floor":21,"gold_loss":0},{"damage_healed":0,"gold_gain":0,"player_choice":"Fight","damage_taken":0,"max_hp_gain":0,"max_hp_loss":0,"event_name":"Mysterious Sphere","floor":36,"gold_loss":0},{"damage_healed":0,"gold_gain":0,"player_choice":"Copied","damage_taken":0,"max_hp_gain":0,"max_hp_loss":0,"event_name":"Duplicator","floor":41,"gold_loss":0,"cards_obtained":["Footwork"]}],"is_beta":false,"boss_relics":[{"not_picked":["Snecko Eye","Cursed Key"],"picked":"Sozu"},{"not_picked":["HoveringKite","Fusion Hammer"],"picked":"Astrolabe"}],"items_purged_floors":[37],"is_endless":false,"potions_floor_spawned":[7,10,12,14,19,24,28,31,36,44],"killed_by":"Reptomancer","ascension_level":12}