{"gold_per_floor":[110,110,129,54,73,108,120,132],"floor_reached":8,"playtime":219,"items_purged":["Decay"],"score":106,"play_id":"8afe254e-e32e-49d7-b02c-57d5b9cec03d","local_time":"20190130205930","is_ascension_mode":true,"campfire_choices":[],"neow_cost":"NONE","seed_source_timestamp":903292234041,"circlet_count":0,"master_deck":["AscendersBane","Defend_G","Defend_G","Defend_G","Defend_G","Defend_G","Strike_G","Strike_G","Strike_G+1","Strike_G","Strike_G+1","Survivor","Neutralize","Poisoned Stab","Deadly Poison","Die Die Die","Leg Sweep","Deflect","Deflect","Slice","Backflip","Noxious Fumes"],"relics":["Orrery","MawBank"],"potions_floor_usage":[8,8],"damage_taken":[{"damage":0,"enemies":"2 Louse","floor":1,"turns":3},{"damage":2,"enemies":"Cultist","floor":3,"turns":3},{"damage":4,"enemies":"Small Slimes","floor":5,"turns":4},{"damage":26,"enemies":"Lagavulin","floor":6,"turns":8},{"damage":8,"enemies":"Gremlin Nob","floor":8,"turns":3}],"seed_played":"505175877495357176","potions_obtained":[{"floor":3,"key":"SpeedPotion"},{"floor":6,"key":"Weak Potion"}],"is_trial":false,"path_per_floor":["M","?","M","$","M","E","?","E"],"character_chosen":"THE_SILENT","items_purchased":[],"campfire_rested":0,"item_purchase_floors":[],"current_hp_per_floor":[59,59,57,57,53,27,7,0],"gold":132,"neow_bonus":"BOSS_RELIC","is_prod":false,"is_daily":false,"chose_seed":false,"campfire_upgraded":0,"win_rate":0,"timestamp":1548881970,"path_taken":["M","?","?","$","M","E","?","E"],"build_version":"2019-01-23","purchased_purges":1,"victory":false,"max_hp_per_floor":[66,66,66,66,66,66,66,66],"card_choices":[{"not_picked":["Slice","Dodge and Roll"],"picked":"Poisoned Stab","floor":0},{"not_picked":["Outmaneuver","Prepared"],"picked":"Deadly Poison","floor":0},{"not_picked":["Sucker Punch","Flechettes"],"picked":"Die Die Die","floor":0},{"not_picked":["Dagger Spray","Bane"],"picked":"Leg Sweep","floor":0},{"not_picked":["Noxious Fumes","Slice"],"picked":"Deflect","floor":0},{"not_picked":["Crippling Poison","Blade Dance"],"picked":"Deflect","floor":1},{"not_picked":["Acrobatics","Endless Agony"],"picked":"Slice","floor":3},{"not_picked":["Crippling Poison","Dodge and Roll"],"picked":"Backflip","floor":5},{"not_picked":["Deflect","Poisoned Stab"],"picked":"Noxious Fumes","floor":6}],"player_experience":413357,"relics_obtained":[{"floor":6,"key":"MawBank"}],"event_choices":[{"damage_healed":0,"gold_gain":0,"player_choice":"Cursed","damage_taken":0,"max_hp_gain":0,"max_hp_loss":0,"event_name":"Wheel of Change","floor":2,"gold_loss":0,"cards_obtained":["Decay"]},{"damage_healed":0,"gold_gain":0,"player_choice":"Entered Light","damage_taken":20,"max_hp_gain":0,"max_hp_loss":0,"event_name":"Shining Light","floor":7,"gold_loss":0,"cards_upgraded":["Strike_G","Strike_G"]}],"is_beta":false,"boss_relics":[],"items_purged_floors":[4],"is_endless":false,"potions_floor_spawned":[3,6],"killed_by":"Gremlin Nob","ascension_level":18}