{"gold_per_floor":[112,164,164,182,196,196,196,212,212,231,196,196,229,242,242,347,347,358,358,385,154,179,213,213,231,231,244,244,244],"floor_reached":29,"playtime":797,"items_purged":["Fire Breathing"],"score":245,"play_id":"39a7b943-81b3-47d3-86b2-cbfa286f8a31","local_time":"20190129174118","is_ascension_mode":false,"campfire_choices":[{"data":"Whirlwind","floor":6,"key":"SMITH"},{"data":"Metallicize","floor":12,"key":"SMITH"},{"data":"Spot Weakness","floor":15,"key":"SMITH"},{"data":"Spot Weakness","floor":24,"key":"SMITH"}],"neow_cost":"NONE","seed_source_timestamp":143378891807030,"circlet_count":0,"master_deck":["Bash","Heavy Blade","Intimidate","Sword Boomerang","Whirlwind+1","Shockwave","Metallicize+1","Rampage","Pommel Strike","Spot Weakness+1","Spot Weakness+1","Limit Break","Rage+1"],"relics":["Pandora\u0027s Box","Bottled Tornado","Ice Cream","Empty Cage","Red Mask","Happy Flower","Blood Vial","Oddly Smooth Stone","Kunai"],"potions_floor_usage":[13,16,23,28,28],"damage_taken":[{"damage":8,"enemies":"Jaw Worm","floor":1,"turns":2},{"damage":0,"enemies":"2 Louse","floor":4,"turns":2},{"damage":10,"enemies":"Small Slimes","floor":5,"turns":2},{"damage":0,"enemies":"3 Louse","floor":8,"turns":1},{"damage":13,"enemies":"Exordium Wildlife","floor":10,"turns":3},{"damage":18,"enemies":"Lagavulin","floor":13,"turns":6},{"damage":12,"enemies":"Looter","floor":14,"turns":3},{"damage":16,"enemies":"Hexaghost","floor":16,"turns":6},{"damage":26,"enemies":"2 Thieves","floor":18,"turns":4},{"damage":6,"enemies":"Masked Bandits","floor":20,"turns":2},{"damage":12,"enemies":"Gremlin Leader","floor":23,"turns":4},{"damage":13,"enemies":"Chosen","floor":25,"turns":5},{"damage":28,"enemies":"Snake Plant","floor":27,"turns":5},{"damage":0,"enemies":"Shelled Parasite and Fungi","floor":28,"turns":2},{"damage":15,"enemies":"Book of Stabbing","floor":29,"turns":2}],"seed_played":"-8342248186362173971","potions_obtained":[{"floor":4,"key":"Ancient Potion"},{"floor":5,"key":"SmokeBomb"},{"floor":10,"key":"Regen Potion"},{"floor":14,"key":"AttackPotion"},{"floor":20,"key":"Strength Potion"},{"floor":27,"key":"LiquidBronze"}],"is_trial":false,"path_per_floor":["M","?","?","M","M","R","?","M","T","M","?","R","E","M","R","B",null,"M","?","?","$","T","E","R","M","T","M","M","E"],"character_chosen":"IRONCLAD","items_purchased":["Happy Flower"],"campfire_rested":0,"item_purchase_floors":[21],"current_hp_per_floor":[72,72,72,72,62,62,67,67,67,54,75,75,66,54,54,38,85,59,59,53,53,53,43,43,32,32,6,8,0],"gold":244,"neow_bonus":"BOSS_RELIC","is_prod":false,"is_daily":false,"chose_seed":false,"campfire_upgraded":4,"win_rate":0,"timestamp":1548801678,"path_taken":["M","?","?","M","M","R","?","M","T","M","?","R","E","M","R","BOSS","M","?","?","?","?","E","R","M","T","M","M","E"],"build_version":"2019-01-23","purchased_purges":1,"victory":false,"max_hp_per_floor":[80,80,80,80,80,80,85,85,85,85,85,85,85,85,85,85,85,85,85,85,85,85,85,85,85,85,85,85,85],"card_choices":[{"not_picked":["Headbutt","Heavy Blade"],"picked":"Metallicize","floor":1},{"not_picked":["Clothesline","Heavy Blade","Bloodletting"],"picked":"SKIP","floor":4},{"not_picked":["Headbutt","Clothesline"],"picked":"Pommel Strike","floor":5},{"not_picked":["Flex","Searing Blow","Armaments"],"picked":"SKIP","floor":8},{"not_picked":["Warcry","Headbutt","Wild Strike"],"picked":"SKIP","floor":10},{"not_picked":["Warcry","Battle Trance"],"picked":"Spot Weakness","floor":13},{"not_picked":["Power Through","Burning Pact"],"picked":"Spot Weakness","floor":14},{"not_picked":["Bludgeon","Feed"],"picked":"Limit Break","floor":16},{"not_picked":["Thunderclap","Shrug It Off","Headbutt"],"picked":"SKIP","floor":18},{"not_picked":["Pommel Strike","Dark Embrace"],"picked":"Rage+1","floor":23},{"not_picked":["Heavy Blade+1","Anger","Thunderclap+1"],"picked":"SKIP","floor":25},{"not_picked":["Sentinel","Feel No Pain","Anger"],"picked":"SKIP","floor":27}],"player_experience":405975,"relics_obtained":[{"floor":9,"key":"Bottled Tornado"},{"floor":13,"key":"Ice Cream"},{"floor":20,"key":"Red Mask"},{"floor":22,"key":"Blood Vial"},{"floor":23,"key":"Oddly Smooth Stone"},{"floor":26,"key":"Kunai"}],"event_choices":[{"damage_healed":0,"gold_gain":52,"player_choice":"Gained Gold","damage_taken":0,"max_hp_gain":0,"max_hp_loss":0,"event_name":"Golden Wing","floor":2,"gold_loss":0},{"damage_healed":0,"gold_gain":0,"cards_transformed":["Evolve"],"player_choice":"Change","damage_taken":0,"max_hp_gain":0,"max_hp_loss":0,"event_name":"Living Wall","floor":3,"gold_loss":0,"cards_obtained":["Rampage"]},{"damage_healed":0,"gold_gain":0,"player_choice":"Donut","damage_taken":0,"max_hp_gain":5,"max_hp_loss":0,"event_name":"Big Fish","floor":7,"gold_loss":0},{"damage_healed":21,"gold_gain":0,"player_choice":"Healed","damage_taken":0,"max_hp_gain":0,"max_hp_loss":0,"event_name":"The Cleric","floor":11,"gold_loss":35},{"damage_healed":0,"gold_gain":0,"player_choice":"Ignored","damage_taken":0,"max_hp_gain":0,"max_hp_loss":0,"event_name":"Vampires","floor":19,"gold_loss":0},{"damage_healed":0,"gold_gain":0,"player_choice":"Fought Bandits","damage_taken":0,"max_hp_gain":0,"max_hp_loss":0,"event_name":"Masked Bandits","floor":20,"gold_loss":0}],"is_beta":false,"boss_relics":[{"not_picked":["Orrery","White Beast Statue"],"picked":"Empty Cage"}],"items_purged_floors":[21],"is_endless":false,"potions_floor_spawned":[4,5,10,14,20,27],"killed_by":"Book of Stabbing","ascension_level":0}