{"gold_per_floor":[118,135,310,320,96,127,143,172,197,210,210,210,210,238,238,343,343,357,357,367,184,199,225,237,265,265,281,281,292,308,328,328,433,433,452,466,480,528,206,236,248,280,342,354,379,424,447,474,486,498],"floor_reached":50,"playtime":3429,"items_purged":["Doubt","Strike_R","Defend_R"],"score":695,"play_id":"25445227-d4e3-4f9e-af10-984cdcba4a8d","local_time":"20190129154918","is_ascension_mode":false,"campfire_choices":[{"data":"Whirlwind","floor":11,"key":"SMITH"},{"data":"Barricade","floor":15,"key":"SMITH"},{"data":"Dual Wield","floor":28,"key":"SMITH"},{"floor":32,"key":"REST"},{"data":"1","floor":41,"key":"LIFT"},{"data":"2","floor":44,"key":"LIFT"},{"floor":49,"key":"RECALL"}],"neow_cost":"NONE","seed_source_timestamp":134025747867705,"circlet_count":0,"master_deck":["Strike_R","Defend_R","Defend_R","Defend_R","Bash+1","Heavy Blade","Shrug It Off","Whirlwind+1","Clothesline+1","Headbutt+1","Double Tap","Barricade+1","Demon Form","Flex","Power Through","Ghostly Armor","Armaments","Ghostly Armor","Offering","Inflame+1","Dual Wield+1","Inflame","Body Slam","Berserk","Headbutt+1","Parasite","Body Slam+1","Rage","Reaper","Entrench+1","Warcry+1","Uppercut+1"],"relics":["Burning Blood","Ancient Tea Set","Bronze Scales","Bag of Marbles","Oddly Smooth Stone","Bag of Preparation","Philosopher\u0027s Stone","Nloth\u0027s Gift","Whetstone","Thread and Needle","Anchor","Empty Cage","Girya","Brimstone","MawBank","Gremlin Horn"],"potions_floor_usage":[6,8,16,23,25,27,30,33,38,42,47,50,50,50],"damage_taken":[{"damage":0,"enemies":"2 Louse","floor":1,"turns":4},{"damage":8,"enemies":"Jaw Worm","floor":2,"turns":6},{"damage":1,"enemies":"Cultist","floor":4,"turns":4},{"damage":0,"enemies":"Gremlin Nob","floor":6,"turns":2},{"damage":14,"enemies":"Red Slaver","floor":7,"turns":5},{"damage":18,"enemies":"Lagavulin","floor":8,"turns":5},{"damage":13,"enemies":"Exordium Thugs","floor":10,"turns":3},{"damage":0,"enemies":"Gremlin Nob","floor":14,"turns":2},{"damage":32,"enemies":"Slime Boss","floor":16,"turns":10},{"damage":0,"enemies":"Chosen","floor":18,"turns":4},{"damage":32,"enemies":"Spheric Guardian","floor":20,"turns":5},{"damage":3,"enemies":"Snecko","floor":22,"turns":5},{"damage":6,"enemies":"Gremlin Leader","floor":23,"turns":7},{"damage":14,"enemies":"Centurion and Healer","floor":24,"turns":18},{"damage":20,"enemies":"Slavers","floor":25,"turns":9},{"damage":11,"enemies":"3 Cultists","floor":27,"turns":4},{"damage":6,"enemies":"Snake Plant","floor":29,"turns":1},{"damage":0,"enemies":"Sentry and Sphere","floor":30,"turns":5},{"damage":27,"enemies":"Cultist and Chosen","floor":31,"turns":6},{"damage":15,"enemies":"Collector","floor":33,"turns":9},{"damage":0,"enemies":"Orb Walker","floor":35,"turns":2},{"damage":6,"enemies":"3 Shapes","floor":36,"turns":20},{"damage":25,"enemies":"Writhing Mass","floor":37,"turns":7},{"damage":0,"enemies":"2 Orb Walkers","floor":38,"turns":3},{"damage":32,"enemies":"Reptomancer","floor":40,"turns":5},{"damage":16,"enemies":"Spire Growth","floor":42,"turns":4},{"damage":6,"enemies":"Sphere and 2 Shapes","floor":45,"turns":5},{"damage":0,"enemies":"Giant Head","floor":46,"turns":6},{"damage":0,"enemies":"Jaw Worm Horde","floor":47,"turns":1},{"damage":14,"enemies":"Writhing Mass","floor":48,"turns":5},{"damage":72,"enemies":"Time Eater","floor":50,"turns":9}],"seed_played":"1731102372291746982","potions_obtained":[{"floor":2,"key":"Explosive Potion"},{"floor":4,"key":"AttackPotion"},{"floor":7,"key":"Poison Potion"},{"floor":10,"key":"SpeedPotion"},{"floor":14,"key":"LiquidBronze"},{"floor":16,"key":"AttackPotion"},{"floor":23,"key":"Poison Potion"},{"floor":25,"key":"FairyPotion"},{"floor":29,"key":"Block Potion"},{"floor":31,"key":"SkillPotion"},{"floor":36,"key":"Swift Potion"},{"floor":42,"key":"Fruit Juice"},{"floor":46,"key":"Energy Potion"},{"floor":47,"key":"Poison Potion"},{"floor":48,"key":"SteroidPotion"}],"is_trial":false,"path_per_floor":["M","M","?","M","$","E","M","E","T","M","R","T","?","E","R","B",null,"M","?","M","$","M","E","M","E","T","M","R","M","M","M","R","B",null,"M","M","M","?","$","E","R","M","T","R","M","E","M","M","R","B"],"character_chosen":"IRONCLAD","items_purchased":["PreservedInsect","Ghostly Armor","Armaments","Brimstone"],"campfire_rested":1,"item_purchase_floors":[5,21,21,39],"current_hp_per_floor":[80,78,78,80,80,80,72,60,60,53,53,53,53,59,59,33,80,80,80,54,54,57,57,49,35,35,30,30,30,36,15,39,30,80,80,80,61,67,67,41,41,36,36,36,64,70,76,68,68,0],"gold":498,"neow_bonus":"REMOVE_CARD","is_prod":false,"is_daily":false,"chose_seed":false,"campfire_upgraded":3,"win_rate":0,"timestamp":1548794958,"path_taken":["M","M","?","M","$","E","M","E","T","M","R","?","?","E","R","BOSS","M","?","M","$","M","E","M","E","T","M","R","M","M","?","R","BOSS","M","M","M","?","$","E","R","M","T","R","M","E","M","M","R","BOSS"],"build_version":"2019-01-23","purchased_purges":3,"victory":false,"max_hp_per_floor":[80,80,80,80,80,80,80,80,80,80,80,80,80,80,80,80,80,80,80,80,80,80,80,80,80,80,80,80,80,80,80,80,80,80,80,80,80,80,80,80,80,85,85,85,85,85,85,85,85,85],"card_choices":[{"not_picked":["Anger","Thunderclap"],"picked":"Heavy Blade","floor":1},{"not_picked":["Heavy Blade","Clothesline"],"picked":"Shrug It Off","floor":2},{"not_picked":["Thunderclap","Pommel Strike"],"picked":"Whirlwind","floor":4},{"not_picked":["Pommel Strike","Armaments"],"picked":"Clothesline","floor":6},{"not_picked":["Corruption","Sword Boomerang"],"picked":"Headbutt","floor":7},{"not_picked":["Burning Pact","Armaments"],"picked":"Double Tap","floor":8},{"not_picked":["Reckless Charge","Warcry","Pummel"],"picked":"SKIP","floor":10},{"not_picked":["Seeing Red","Shrug It Off"],"picked":"Barricade","floor":14},{"not_picked":["Fiend Fire","Exhume"],"picked":"Demon Form","floor":16},{"not_picked":["Second Wind","Armaments"],"picked":"Flex","floor":18},{"not_picked":["True Grit","Havoc"],"picked":"Power Through","floor":20},{"not_picked":["Havoc+1","Sword Boomerang"],"picked":"Ghostly Armor","floor":22},{"not_picked":["Perfected Strike","Clash+1"],"picked":"Offering","floor":23},{"not_picked":["Anger","Armaments+1"],"picked":"Inflame+1","floor":24},{"not_picked":["Twin Strike","Anger+1"],"picked":"Dual Wield","floor":25},{"not_picked":["Rampage","Clothesline"],"picked":"Inflame","floor":27},{"not_picked":["Combust","Infernal Blade","Ghostly Armor"],"picked":"SKIP","floor":29},{"not_picked":["Dropkick","Sever Soul"],"picked":"Body Slam","floor":30},{"not_picked":["Second Wind","Warcry","Body Slam"],"picked":"SKIP","floor":31},{"not_picked":["Fiend Fire","Brutality"],"picked":"Berserk","floor":33},{"not_picked":["Anger","Carnage","Flex"],"picked":"SKIP","floor":35},{"not_picked":["Sword Boomerang+1","Dropkick"],"picked":"Headbutt+1","floor":36},{"not_picked":["Headbutt+1","Uppercut+1"],"picked":"Body Slam+1","floor":37},{"not_picked":["Heavy Blade+1","Thunderclap"],"picked":"Rage","floor":38},{"not_picked":["Clash+1","Double Tap"],"picked":"Reaper","floor":40},{"not_picked":["Pommel Strike","Infernal Blade","Wild Strike"],"picked":"SKIP","floor":42},{"not_picked":["Flex","Havoc+1"],"picked":"Entrench+1","floor":45},{"not_picked":["Cleave","Sword Boomerang","Pommel Strike"],"picked":"SKIP","floor":46},{"not_picked":["Twin Strike+1","Corruption+1"],"picked":"Warcry+1","floor":47},{"not_picked":["Cleave","Pommel Strike+1"],"picked":"Uppercut+1","floor":48}],"player_experience":396947,"relics_obtained":[{"floor":6,"key":"Ancient Tea Set"},{"floor":8,"key":"Bronze Scales"},{"floor":9,"key":"Bag of Marbles"},{"floor":12,"key":"Oddly Smooth Stone"},{"floor":14,"key":"Bag of Preparation"},{"floor":23,"key":"Whetstone"},{"floor":25,"key":"Thread and Needle"},{"floor":26,"key":"Anchor"},{"floor":38,"key":"Girya"},{"floor":40,"key":"MawBank"},{"floor":46,"key":"Gremlin Horn"}],"event_choices":[{"damage_healed":0,"gold_gain":175,"player_choice":"AGREE","damage_taken":0,"max_hp_gain":0,"max_hp_loss":0,"event_name":"Liars Game","floor":3,"gold_loss":0,"cards_obtained":["Doubt"]},{"damage_healed":0,"gold_gain":0,"player_choice":"Upgraded","damage_taken":0,"max_hp_gain":0,"max_hp_loss":0,"event_name":"Upgrade Shrine","floor":13,"gold_loss":0,"cards_upgraded":["Bash"]},{"damage_healed":0,"gold_gain":0,"player_choice":"Traded Relic","damage_taken":0,"relics_obtained":["Nloth\u0027s Gift"],"max_hp_gain":0,"max_hp_loss":0,"event_name":"N\u0027loth","floor":19,"relics_lost":["PreservedInsect"],"gold_loss":0},{"damage_healed":0,"gold_gain":0,"player_choice":"Fight","damage_taken":0,"max_hp_gain":0,"max_hp_loss":0,"event_name":"Mysterious Sphere","floor":38,"gold_loss":0}],"is_beta":false,"boss_relics":[{"not_picked":["Black Star","Busted Crown"],"picked":"Philosopher\u0027s Stone"},{"not_picked":["Runic Dome","Lizard Tail"],"picked":"Empty Cage"}],"items_purged_floors":[5,21,39],"is_endless":false,"potions_floor_spawned":[2,4,7,10,14,16,23,24,25,29,31,36,42,46,47,48],"killed_by":"Time Eater","ascension_level":0}