{"gold_per_floor":[16,16,16,16,31,31,57,57,126,145,44,44,9,9,9,107,107,124,42,42,55,75,75,92,112,181,191,205,240,254,274,274,274],"floor_reached":33,"playtime":1052,"items_purged":["Strike_B"],"score":455,"play_id":"1ce98fff-a3c4-4577-921b-13ac2a808c5f","local_time":"20181102214205","is_ascension_mode":true,"campfire_choices":[{"data":"Dramatic Entrance","floor":6,"key":"SMITH"},{"data":"Zap","floor":8,"key":"SMITH"},{"data":"Trip","floor":12,"key":"SMITH"},{"data":"Sunder","floor":15,"key":"SMITH"},{"data":"Mind Blast","floor":23,"key":"SMITH"},{"data":"Reboot","floor":32,"key":"SMITH"}],"neow_cost":"NO_GOLD","seed_source_timestamp":4296615068620,"circlet_count":0,"master_deck":["AscendersBane","Defend_B","Defend_B","Defend_B","Defend_B","Zap+1","Dualcast","Dramatic Entrance+1","Trip+1","Ball Lightning","Self Repair","Coolheaded","Go for the Eyes","Cold Snap","Sunder+1","Buffer","Gash","Mind Blast+1","Bite","Bite","Bite","Bite","Bite","Aggregate","Stack+1","Gash","Conserve Battery","Reboot+1","Stack","Glacier","Hologram+1","Sweeping Beam","White Noise"],"relics":["FrozenCore","Turnip","Bottled Lightning","Incense Burner","Symbiotic Virus","Prayer Wheel"],"potions_floor_usage":[7,7,7,7,7,25,27,33,33],"damage_taken":[{"damage":8,"enemies":"2 Louse","floor":1,"turns":2},{"damage":0,"enemies":"Small Slimes","floor":5,"turns":3},{"damage":18,"enemies":"3 Sentries","floor":7,"turns":5},{"damage":0,"enemies":"Cultist","floor":10,"turns":2},{"damage":37,"enemies":"Slime Boss","floor":16,"turns":11},{"damage":22,"enemies":"Chosen","floor":18,"turns":8},{"damage":16,"enemies":"2 Thieves","floor":21,"turns":4},{"damage":4,"enemies":"Centurion and Healer","floor":22,"turns":8},{"damage":43,"enemies":"Shelled Parasite and Fungi","floor":24,"turns":8},{"damage":5,"enemies":"Sentry and Sphere","floor":25,"turns":7},{"damage":17,"enemies":"Snake Plant","floor":27,"turns":3},{"damage":1,"enemies":"Snecko","floor":28,"turns":4},{"damage":24,"enemies":"Gremlin Leader","floor":29,"turns":8},{"damage":9,"enemies":"Centurion and Healer","floor":30,"turns":4},{"damage":25,"enemies":"Shelled Parasite and Fungi","floor":31,"turns":8},{"damage":49,"enemies":"Collector","floor":33,"turns":6}],"seed_played":"-6948411287834667865","potions_obtained":[{"floor":4,"key":"GamblersBrew"},{"floor":4,"key":"EntropicBrew"},{"floor":5,"key":"EntropicBrew"},{"floor":10,"key":"Ancient Potion"},{"floor":16,"key":"SteroidPotion"},{"floor":21,"key":"SpeedPotion"},{"floor":28,"key":"SteroidPotion"},{"floor":30,"key":"FearPotion"}],"is_trial":false,"path_per_floor":["M","?","?","?","M","R","E","R","T","M","$","R","$","?","R","B",null,"M","$","?","M","M","R","M","M","T","M","M","E","M","M","R","B"],"character_chosen":"DEFECT","items_purchased":["Cold Snap","Sunder","Mind Blast"],"campfire_rested":0,"item_purchase_floors":[11,13,19],"current_hp_per_floor":[60,60,53,53,53,53,56,56,56,56,56,56,56,56,56,26,63,48,48,48,49,52,52,32,48,48,40,41,36,35,35,35,0],"gold":274,"neow_bonus":"RANDOM_COLORLESS_2","is_prod":false,"is_daily":false,"chose_seed":false,"campfire_upgraded":6,"win_rate":0,"timestamp":1541194925,"path_taken":["M","?","?","?","M","R","E","R","T","?","$","R","$","?","R","BOSS","M","?","?","M","M","R","M","M","T","M","M","E","M","M","R","BOSS"],"build_version":"2018-11-01","purchased_purges":1,"victory":false,"max_hp_per_floor":[75,75,75,75,75,75,75,75,75,75,75,75,75,75,75,75,75,75,75,52,52,52,52,52,52,52,52,52,52,52,52,52,52],"card_choices":[{"not_picked":["Chill","Rebound"],"picked":"Ball Lightning","floor":1},{"not_picked":["Skim","Steam"],"picked":"Self Repair","floor":5},{"not_picked":["Tempest","Rebound"],"picked":"Coolheaded","floor":7},{"not_picked":["Steam","Hologram"],"picked":"Go for the Eyes","floor":10},{"not_picked":["Amplify","Rainbow"],"picked":"Buffer","floor":16},{"not_picked":["Leap","Cold Snap"],"picked":"Gash","floor":18},{"not_picked":["Compile Driver","Recycle","Auto Shields"],"picked":"SKIP","floor":21},{"not_picked":["Leap","Go for the Eyes"],"picked":"Aggregate","floor":22},{"not_picked":["Biased Cognition","Double Energy"],"picked":"Stack+1","floor":24},{"not_picked":["Reinforced Body","Redo"],"picked":"Gash","floor":25},{"not_picked":["Steam","Leap"],"picked":"Conserve Battery","floor":27},{"not_picked":["Rebound","Compile Driver"],"picked":"Reboot","floor":28},{"not_picked":["Recycle","Turbo"],"picked":"Stack","floor":29},{"not_picked":["Gash","Undo"],"picked":"Glacier","floor":30},{"not_picked":["Steam Power","Go for the Eyes"],"picked":"Hologram+1","floor":30},{"not_picked":["Steam","Heatsinks+1"],"picked":"Sweeping Beam","floor":31},{"not_picked":["Genetic Algorithm","Streamline"],"picked":"White Noise","floor":31}],"player_experience":100314,"relics_obtained":[{"floor":7,"key":"Turnip"},{"floor":9,"key":"Bottled Lightning"},{"floor":26,"key":"Symbiotic Virus"},{"floor":29,"key":"Prayer Wheel"}],"event_choices":[{"damage_healed":0,"gold_gain":0,"player_choice":"Ignored","damage_taken":0,"max_hp_gain":0,"max_hp_loss":0,"event_name":"Liars Game","floor":2,"gold_loss":0},{"cards_removed":["Strike_B"],"damage_healed":0,"gold_gain":0,"player_choice":"Card Removal","damage_taken":7,"max_hp_gain":0,"max_hp_loss":0,"event_name":"Golden Wing","floor":3,"gold_loss":0},{"damage_healed":0,"gold_gain":0,"player_choice":"Got Potions","damage_taken":0,"max_hp_gain":0,"max_hp_loss":0,"event_name":"Lab","floor":4,"gold_loss":0},{"damage_healed":0,"gold_gain":0,"player_choice":"Gave Potion","damage_taken":0,"relics_obtained":["Incense Burner"],"max_hp_gain":0,"max_hp_loss":0,"event_name":"WeMeetAgain","floor":14,"gold_loss":0},{"damage_healed":0,"gold_gain":0,"player_choice":"Became a vampire","damage_taken":0,"max_hp_gain":0,"max_hp_loss":23,"event_name":"Vampires","floor":20,"gold_loss":0,"cards_obtained":["Bite","Bite","Bite","Bite","Bite"]}],"is_beta":false,"boss_relics":[{"not_picked":["Tiny House","Fusion Hammer"],"picked":"FrozenCore"}],"items_purged_floors":[11],"is_endless":false,"potions_floor_spawned":[5,10,16,21,22,24,28,30],"killed_by":"Collector","ascension_level":12}