{"gold_per_floor":[112,62,75,75,94,94,124,124,124,124,143,161,15,35,35,130,130,143,157,72,32,48,77,77,89,89,89,100,100,129,147,147,246,246,256,8,21,40,54,84,84,9,9,27,27,27,42,52,52,52],"floor_reached":51,"playtime":5388,"items_purged":["Strike_G"],"score":1157,"play_id":"3f192b1a-e5a3-4717-86ed-9adba432fa5d","local_time":"20181025004427","is_ascension_mode":true,"campfire_choices":[{"floor":6,"key":"REST"},{"floor":8,"key":"REST"},{"data":"Skewer","floor":10,"key":"SMITH"},{"data":"Crippling Poison","floor":15,"key":"SMITH"},{"data":"Catalyst","floor":24,"key":"SMITH"},{"floor":27,"key":"REST"},{"data":"Backflip","floor":32,"key":"SMITH"},{"floor":41,"key":"REST"},{"floor":45,"key":"REST"},{"data":"Well Laid Plans","floor":49,"key":"SMITH"}],"neow_cost":"NONE","seed_source_timestamp":2816724836495862,"circlet_count":0,"master_deck":["Defend_G","Defend_G","Defend_G","Defend_G+1","Defend_G","Strike_G","Strike_G","Strike_G","Survivor+1","Neutralize","AscendersBane","Catalyst+1","Well Laid Plans+1","Skewer+1","Backflip+1","PiercingWail","Deadly Poison","Crippling Poison+1","Glass Knife","PiercingWail","Flying Knee","Noxious Fumes","Bane","PiercingWail+1","Bane+1","Bouncing Flask","PiercingWail+1","Glass Knife","Blur+1","Leg Sweep+1","Noxious Fumes+1","Footwork+1","Dash"],"relics":["Ring of the Snake","Ornamental Fan","Question Card","Happy Flower","Velvet Choker","Bronze Scales","Pear","Boot","Bag of Preparation","Shuriken","Sozu","Bottled Lightning","Strawberry","Letter Opener"],"potions_floor_usage":[7,22,30,30],"damage_taken":[{"damage":2,"enemies":"Jaw Worm","floor":1,"turns":5},{"damage":9,"enemies":"Small Slimes","floor":3,"turns":6},{"damage":0,"enemies":"2 Louse","floor":5,"turns":5},{"damage":45,"enemies":"3 Sentries","floor":7,"turns":13},{"damage":9,"enemies":"Lots of Slimes","floor":11,"turns":6},{"damage":0,"enemies":"2 Fungi Beasts","floor":12,"turns":4},{"damage":1,"enemies":"Looter","floor":14,"turns":4},{"damage":15,"enemies":"The Guardian","floor":16,"turns":10},{"damage":0,"enemies":"3 Byrds","floor":18,"turns":4},{"damage":13,"enemies":"2 Thieves","floor":19,"turns":4},{"damage":1,"enemies":"Chosen and Byrds","floor":22,"turns":4},{"damage":1,"enemies":"Gremlin Leader","floor":23,"turns":5},{"damage":4,"enemies":"Centurion and Healer","floor":25,"turns":4},{"damage":11,"enemies":"Shelled Parasite and Fungi","floor":28,"turns":3},{"damage":6,"enemies":"Book of Stabbing","floor":30,"turns":4},{"damage":0,"enemies":"Snake Plant","floor":31,"turns":2},{"damage":29,"enemies":"Collector","floor":33,"turns":8},{"damage":1,"enemies":"3 Darklings","floor":35,"turns":4},{"damage":0,"enemies":"Orb Walker","floor":37,"turns":4},{"damage":6,"enemies":"Transient","floor":38,"turns":5},{"damage":6,"enemies":"Jaw Worm Horde","floor":39,"turns":4},{"damage":39,"enemies":"Nemesis","floor":40,"turns":7},{"damage":20,"enemies":"Spire Growth","floor":44,"turns":3},{"damage":0,"enemies":"3 Darklings","floor":47,"turns":4},{"damage":1,"enemies":"Sphere and 2 Shapes","floor":48,"turns":7},{"damage":7,"enemies":"Time Eater","floor":50,"turns":11}],"seed_played":"3525438449727088214","potions_obtained":[{"floor":3,"key":"Regen Potion"},{"floor":7,"key":"GhostInAJar"},{"floor":11,"key":"FearPotion"},{"floor":12,"key":"Swift Potion"},{"floor":22,"key":"Swift Potion"}],"is_trial":false,"path_per_floor":["M","?","M","?","M","R","E","R","T","R","M","M","$","M","R","B",null,"M","M","?","$","M","E","R","M","T","R","M","T","E","M","R","B",null,"M","$","M","M","M","E","R","$","T","M","R","?","M","M","R","B"],"character_chosen":"THE_SILENT","items_purchased":["Happy Flower","Noxious Fumes","Bottled Lightning"],"campfire_rested":5,"item_purchase_floors":[13,21,36],"current_hp_per_floor":[68,68,59,44,44,67,37,60,60,60,51,51,51,50,50,35,67,67,54,54,54,53,62,62,58,58,84,73,73,67,67,67,38,75,74,74,74,68,62,30,58,58,58,38,66,104,104,103,103,96],"gold":52,"neow_bonus":"TEN_PERCENT_HP_BONUS","is_prod":false,"is_daily":false,"chose_seed":false,"campfire_upgraded":5,"win_rate":0,"timestamp":1540446267,"path_taken":["M","?","M","?","M","R","E","R","T","R","M","M","$","M","R","BOSS","M","?","?","?","?","E","R","M","T","R","M","?","E","M","R","BOSS","M","$","M","M","M","E","R","$","T","M","R","?","M","M","R","BOSS"],"build_version":"2018-10-18","purchased_purges":1,"victory":true,"max_hp_per_floor":[77,77,77,77,77,77,77,77,77,77,77,77,77,77,77,77,77,77,77,77,77,77,87,87,87,87,87,87,87,87,87,87,87,87,87,87,87,87,87,94,94,94,94,94,94,104,104,104,104,104],"card_choices":[{"not_picked":["Underhanded Strike","Dagger Throw"],"picked":"Catalyst","floor":1},{"not_picked":["Expertise","Reflex"],"picked":"Well Laid Plans","floor":3},{"not_picked":["Quick Slash","All Out Attack"],"picked":"Skewer","floor":5},{"not_picked":["Prepared","Slice"],"picked":"Backflip","floor":7},{"not_picked":["Blade Dance","Tools of the Trade","Accuracy"],"picked":"PiercingWail","floor":11},{"not_picked":["Deflect","Setup","Blade Dance"],"picked":"Deadly Poison","floor":12},{"not_picked":["Dodge and Roll","Prepared","Backflip"],"picked":"Crippling Poison","floor":14},{"not_picked":["Adrenaline","A Thousand Cuts","Phantasmal Killer"],"picked":"Glass Knife","floor":16},{"not_picked":["Endless Agony+1","Terror","Cloak And Dagger"],"picked":"PiercingWail","floor":18},{"not_picked":["Deflect","Prepared","Cloak And Dagger"],"picked":"Flying Knee","floor":19},{"not_picked":["Quick Slash","Escape Plan+1","Dagger Throw"],"picked":"Bane","floor":22},{"not_picked":["Prepared+1","Outmaneuver+1","Blade Dance+1"],"picked":"Corpse Explosion","floor":23},{"not_picked":["Finisher","Riddle With Holes","Caltrops+1"],"picked":"PiercingWail+1","floor":25},{"not_picked":["Backflip","Sucker Punch+1","Flying Knee"],"picked":"Bane+1","floor":28},{"not_picked":["Well Laid Plans+1","Setup","Distraction"],"picked":"Bouncing Flask","floor":30},{"not_picked":["Riddle With Holes","Outmaneuver","Dagger Spray"],"picked":"PiercingWail+1","floor":31},{"not_picked":["A Thousand Cuts","Bullet Time","Adrenaline"],"picked":"Glass Knife","floor":33},{"not_picked":["Poisoned Stab+1","Accuracy+1","Deadly Poison"],"picked":"Blur+1","floor":35},{"not_picked":["Expertise","Acrobatics+1","Infinite Blades"],"picked":"Leg Sweep+1","floor":37},{"not_picked":["Underhanded Strike","Blade Dance+1","Sucker Punch+1"],"picked":"Noxious Fumes+1","floor":38},{"not_picked":["Underhanded Strike","Dodge and Roll+1","Quick Slash"],"picked":"Footwork+1","floor":39},{"not_picked":["Outmaneuver+1","Accuracy","Bullet Time","Underhanded Strike+1"],"picked":"SKIP","floor":40},{"not_picked":["Concentrate","Cloak And Dagger+1","Bane","Quick Slash+1"],"picked":"SKIP","floor":44},{"not_picked":["Calculated Gamble","Blade Dance+1","Dagger Throw"],"picked":"Dash","floor":47},{"not_picked":["Heel Hook+1","Underhanded Strike","Deadly Poison","Dagger Throw"],"picked":"SKIP","floor":48}],"player_experience":410597,"relics_obtained":[{"floor":7,"key":"Ornamental Fan"},{"floor":9,"key":"Question Card"},{"floor":23,"key":"Pear"},{"floor":26,"key":"Boot"},{"floor":29,"key":"Bag of Preparation"},{"floor":30,"key":"Shuriken"},{"floor":40,"key":"Strawberry"},{"floor":43,"key":"Letter Opener"}],"event_choices":[{"cards_removed":["Strike_G"],"damage_healed":0,"gold_gain":0,"player_choice":"Card Removal","damage_taken":0,"max_hp_gain":0,"max_hp_loss":0,"event_name":"The Cleric","floor":2,"gold_loss":50},{"damage_healed":0,"gold_gain":0,"player_choice":"Entered Light","damage_taken":15,"max_hp_gain":0,"max_hp_loss":0,"event_name":"Shining Light","floor":4,"gold_loss":0,"cards_upgraded":["Survivor","Defend_G"]},{"damage_healed":0,"gold_gain":0,"player_choice":"Obtained Relic","damage_taken":0,"relics_obtained":["Bronze Scales"],"max_hp_gain":0,"max_hp_loss":0,"event_name":"Addict","floor":20,"gold_loss":85},{"cards_removed":["Corpse Explosion"],"damage_healed":28,"gold_gain":0,"player_choice":"Offered Rare","damage_taken":0,"max_hp_gain":10,"max_hp_loss":0,"event_name":"Bonfire Elementals","floor":46,"gold_loss":0}],"is_beta":false,"boss_relics":[{"not_picked":["Tiny House","Empty Cage"],"picked":"Velvet Choker"},{"not_picked":["WristBlade","Philosopher\u0027s Stone"],"picked":"Sozu"}],"items_purged_floors":[42],"is_endless":false,"potions_floor_spawned":[3,7,11,12,22,23,28,37,39],"ascension_level":11}