{"gold_per_floor":[116,116,216,236,236,274,288,304,377,392,392,392,408,433,433,558,558,528,453,453,49,69,69,100,100,100,124,24,47,82,82,82,82],"floor_reached":33,"playtime":1109,"items_purged":["Strike_G","Strike_G"],"score":437,"play_id":"92913c67-7e4f-4faa-863f-877eadda2ce1","local_time":"20181123194211","is_ascension_mode":true,"campfire_choices":[{"data":"Neutralize","floor":11,"key":"SMITH"},{"data":"Blade Dance","floor":15,"key":"SMITH"},{"data":"RitualDagger","floor":23,"key":"SMITH"},{"data":"Footwork","floor":25,"key":"SMITH"},{"data":"Chrysalis","floor":32,"key":"SMITH"}],"neow_cost":"NONE","seed_source_timestamp":5804452653256,"circlet_count":0,"master_deck":["Defend_G","Defend_G","Defend_G","Defend_G","Strike_G","Strike_G","Strike_G","Survivor","Neutralize+1","Slice","PiercingWail","After Image+1","Footwork+1","Blade Dance+1","Dagger Spray","Backflip","Backflip","Envenom","Backstab+1","RitualDagger+1","Chrysalis+1","Caltrops+1","Blade Dance+1"],"relics":["Ring of the Snake","NeowsBlessing","Golden Idol","Incense Burner","Meat on the Bone","Sozu","Vajra","Centennial Puzzle","Matryoshka","Omamori"],"potions_floor_usage":[16],"damage_taken":[{"damage":0,"enemies":"Jaw Worm","floor":1,"turns":1},{"damage":0,"enemies":"Small Slimes","floor":4,"turns":1},{"damage":0,"enemies":"Gremlin Nob","floor":6,"turns":1},{"damage":6,"enemies":"Cultist","floor":7,"turns":5},{"damage":1,"enemies":"Blue Slaver","floor":8,"turns":6},{"damage":0,"enemies":"3 Louse","floor":10,"turns":6},{"damage":13,"enemies":"Exordium Thugs","floor":13,"turns":8},{"damage":0,"enemies":"Blue Slaver","floor":14,"turns":4},{"damage":29,"enemies":"The Guardian","floor":16,"turns":21},{"damage":11,"enemies":"2 Thieves","floor":18,"turns":5},{"damage":0,"enemies":"Shell Parasite","floor":22,"turns":6},{"damage":13,"enemies":"Book of Stabbing","floor":24,"turns":6},{"damage":7,"enemies":"Cultist and Chosen","floor":27,"turns":8},{"damage":2,"enemies":"Centurion and Healer","floor":29,"turns":6},{"damage":1,"enemies":"Gremlin Leader","floor":30,"turns":6},{"damage":47,"enemies":"Automaton","floor":33,"turns":6}],"seed_played":"1757897482775764940","potions_obtained":[{"floor":7,"key":"Dexterity Potion"},{"floor":8,"key":"Dexterity Potion"},{"floor":13,"key":"GhostInAJar"}],"is_trial":false,"path_per_floor":["M","?","?","M","?","E","M","M","T","M","R","?","M","M","R","B",null,"M","?","?","$","M","R","E","R","T","M","$","M","E","?","R","B"],"character_chosen":"THE_SILENT","items_purchased":["Vajra","Chrysalis"],"campfire_rested":0,"item_purchase_floors":[21,21],"current_hp_per_floor":[63,68,68,68,68,68,62,61,61,61,61,61,48,48,48,31,60,49,49,43,43,43,43,42,42,42,35,35,45,44,44,44,0],"gold":82,"neow_bonus":"THREE_ENEMY_KILL","is_prod":false,"is_daily":false,"chose_seed":false,"campfire_upgraded":5,"win_rate":0,"timestamp":1543002131,"path_taken":["M","?","?","?","?","E","M","M","T","M","R","?","M","?","R","BOSS","M","?","?","$","M","R","E","R","T","M","$","M","E","?","R","BOSS"],"build_version":"2018-11-15","purchased_purges":2,"victory":false,"max_hp_per_floor":[70,75,75,75,69,69,69,69,69,69,69,69,69,69,69,69,69,69,69,69,69,69,69,69,69,69,69,69,69,69,69,69,69],"card_choices":[{"not_picked":["PiercingWail","Acrobatics"],"picked":"Slice","floor":1},{"not_picked":["Predator","Backflip"],"picked":"PiercingWail","floor":4},{"not_picked":["Venomology","Blade Dance"],"picked":"After Image","floor":6},{"not_picked":["Prepared","Dodge and Roll"],"picked":"Footwork","floor":7},{"not_picked":["Slice","All Out Attack"],"picked":"Blade Dance","floor":8},{"not_picked":["Setup","Bouncing Flask"],"picked":"Dagger Spray","floor":10},{"not_picked":["Corpse Explosion","Quick Slash"],"picked":"Backflip","floor":13},{"not_picked":["Blade Dance","Quick Slash"],"picked":"Backflip","floor":14},{"not_picked":["Unload","Storm of Steel"],"picked":"Envenom","floor":16},{"not_picked":["Well Laid Plans","Quick Slash"],"picked":"Backstab+1","floor":18},{"not_picked":["Cloak And Dagger","Bane"],"picked":"Caltrops+1","floor":22},{"not_picked":["Riddle With Holes","Sucker Punch","Cloak And Dagger"],"picked":"SKIP","floor":24},{"not_picked":["Cloak And Dagger","Heel Hook"],"picked":"Blade Dance+1","floor":27},{"not_picked":["Cloak And Dagger","Acrobatics","Deflect"],"picked":"SKIP","floor":29},{"not_picked":["PiercingWail","Eviscerate","Skewer"],"picked":"SKIP","floor":30}],"player_experience":201357,"relics_obtained":[{"floor":6,"key":"Incense Burner"},{"floor":9,"key":"Meat on the Bone"},{"floor":24,"key":"Centennial Puzzle"},{"floor":26,"key":"Matryoshka"},{"floor":30,"key":"Omamori"}],"event_choices":[{"damage_healed":0,"gold_gain":0,"player_choice":"Donut","damage_taken":0,"max_hp_gain":5,"max_hp_loss":0,"event_name":"Big Fish","floor":2,"gold_loss":0},{"damage_healed":0,"gold_gain":100,"player_choice":"Pray","damage_taken":0,"max_hp_gain":0,"max_hp_loss":0,"event_name":"Golden Shrine","floor":3,"gold_loss":0},{"damage_healed":0,"gold_gain":0,"player_choice":"Lose Max HP","damage_taken":0,"relics_obtained":["Golden Idol"],"max_hp_gain":0,"max_hp_loss":6,"event_name":"Golden Idol","floor":5,"gold_loss":0},{"damage_healed":0,"gold_gain":0,"player_choice":"Upgraded","damage_taken":0,"max_hp_gain":0,"max_hp_loss":0,"event_name":"Upgrade Shrine","floor":12,"gold_loss":0,"cards_upgraded":["After Image"]},{"cards_removed":["Defend_G"],"damage_healed":0,"gold_gain":0,"player_choice":"Gave Gold","damage_taken":0,"max_hp_gain":0,"max_hp_loss":0,"event_name":"Beggar","floor":19,"gold_loss":75},{"damage_healed":0,"gold_gain":0,"player_choice":"Joined the Cult","damage_taken":6,"max_hp_gain":0,"max_hp_loss":0,"event_name":"Nest","floor":20,"gold_loss":0,"cards_obtained":["RitualDagger"]},{"damage_healed":0,"gold_gain":0,"player_choice":"Ignored","damage_taken":0,"max_hp_gain":0,"max_hp_loss":0,"event_name":"Vampires","floor":31,"gold_loss":0}],"is_beta":false,"boss_relics":[{"not_picked":["Calling Bell","HoveringKite"],"picked":"Sozu"}],"items_purged_floors":[21,28],"is_endless":false,"potions_floor_spawned":[7,8,13,14,18,27],"killed_by":"Automaton","ascension_level":8}