{"gold_per_floor":[362,373,22,22,40,72,72,106,136,136,147,216,216,234,234,330,330,341,360,44,62,62,62,72,91,91,125,142,161,161,42,42,143,143,154,164,175,185,196,196,225,240,263,275,287,313,325,337,349,361],"floor_reached":50,"playtime":4202,"items_purged":[],"score":761,"play_id":"a3b4906d-03ac-4783-8255-df28e07c8998","local_time":"20180909162659","is_ascension_mode":true,"campfire_choices":[{"floor":7,"key":"REST"},{"floor":10,"key":"REST"},{"data":"Anger","floor":15,"key":"SMITH"},{"data":"True Grit","floor":23,"key":"SMITH"},{"floor":30,"key":"REST"},{"floor":32,"key":"REST"},{"floor":40,"key":"REST"},{"floor":45,"key":"REST"},{"floor":47,"key":"REST"},{"data":"Purity","floor":49,"key":"SMITH"}],"neow_cost":"PERCENT_DAMAGE","seed_source_timestamp":922809743486235,"circlet_count":0,"master_deck":["Strike_R","Strike_R","Strike_R","Strike_R","Strike_R","Defend_R","Defend_R","Defend_R","Defend_R","Bash","Anger+1","Havoc+1","Burning Pact+1","Iron Wave","Offering","Impervious","Seeing Red","Uppercut","Dark Embrace+1","Headbutt","Carnage","True Grit+1","Purity+1","Panache+1","Sentinel","Disarm","Cleave+1","Feed","Infernal Blade+1","Feel No Pain+1","Juggernaut+1","Corruption+1","Disarm","Headbutt","Disarm+1","Carnage","Armaments+1"],"relics":["Burning Blood","Charon\u0027s Ashes","Orichalcum","Frozen Egg 2","Tiny Chest","Matryoshka","Runic Dome","Vajra","PreservedInsect","StoneCalendar","Runic Pyramid","Anchor","MawBank","Blood Vial"],"potions_floor_usage":[6,14,24,24,27,27,28,33,37,37,39,41,42,50],"damage_taken":[{"damage":2,"enemies":"2 Louse","floor":1,"turns":3},{"damage":7,"enemies":"Jaw Worm","floor":2,"turns":3},{"damage":11,"enemies":"Small Slimes","floor":5,"turns":3},{"damage":48,"enemies":"Lagavulin","floor":6,"turns":7},{"damage":26,"enemies":"Gremlin Nob","floor":8,"turns":4},{"damage":6,"enemies":"3 Louse","floor":11,"turns":1},{"damage":3,"enemies":"Blue Slaver","floor":14,"turns":3},{"damage":13,"enemies":"Slime Boss","floor":16,"turns":8},{"damage":22,"enemies":"Spheric Guardian","floor":18,"turns":4},{"damage":9,"enemies":"3 Byrds","floor":19,"turns":5},{"damage":10,"enemies":"3 Cultists","floor":21,"turns":4},{"damage":30,"enemies":"Snake Plant","floor":24,"turns":4},{"damage":6,"enemies":"Shelled Parasite and Fungi","floor":25,"turns":3},{"damage":10,"enemies":"Book of Stabbing","floor":27,"turns":3},{"damage":21,"enemies":"3 Cultists","floor":28,"turns":4},{"damage":7,"enemies":"Sentry and Sphere","floor":29,"turns":4},{"damage":54,"enemies":"Champ","floor":33,"turns":9},{"damage":14,"enemies":"Orb Walker","floor":35,"turns":3},{"damage":1,"enemies":"3 Shapes","floor":36,"turns":3},{"damage":32,"enemies":"3 Darklings","floor":37,"turns":2},{"damage":13,"enemies":"Spire Growth","floor":38,"turns":6},{"damage":26,"enemies":"Maw","floor":39,"turns":6},{"damage":20,"enemies":"2 Orb Walkers","floor":41,"turns":4},{"damage":0,"enemies":"3 Darklings","floor":42,"turns":3},{"damage":9,"enemies":"Sphere and 2 Shapes","floor":46,"turns":4},{"damage":105,"enemies":"Awakened One","floor":50,"turns":10}],"seed_played":"8280720503038546974","potions_obtained":[{"floor":2,"key":"FearPotion"},{"floor":8,"key":"Fire Potion"},{"floor":11,"key":"Regen Potion"},{"floor":14,"key":"PowerPotion"},{"floor":16,"key":"Energy Potion"},{"floor":18,"key":"Block Potion"},{"floor":19,"key":"BloodPotion"},{"floor":24,"key":"EssenceOfSteel"},{"floor":25,"key":"SkillPotion"},{"floor":28,"key":"Explosive Potion"},{"floor":33,"key":"Explosive Potion"},{"floor":36,"key":"GamblersBrew"},{"floor":38,"key":"Strength Potion"},{"floor":39,"key":"PowerPotion"},{"floor":46,"key":"Regen Potion"}],"is_trial":false,"path_per_floor":["M","M","$","?","M","E","R","E","T","R","M","T","?","M","R","B",null,"M","M","$","M","?","R","M","M","T","E","M","M","R","$","R","B",null,"M","M","M","M","M","R","E","M","T","?","R","M","R","?","R"],"character_chosen":"IRONCLAD","items_purchased":["Charon\u0027s Ashes","Burning Pact","True Grit","Purity","Panache+1","Feel No Pain+1","Swift Potion"],"campfire_rested":7,"item_purchase_floors":[3,3,20,20,20,31,31],"current_hp_per_floor":[55,54,54,54,49,7,31,11,11,35,35,35,35,38,38,31,68,52,49,49,45,45,45,29,29,29,34,19,18,42,42,66,18,65,57,62,36,32,12,36,22,31,31,31,56,58,84,84,84,0],"gold":361,"neow_bonus":"TWO_FIFTY_GOLD","is_prod":false,"is_daily":false,"chose_seed":false,"campfire_upgraded":3,"win_rate":0,"timestamp":1536528419,"path_taken":["M","M","$","?","M","E","R","E","T","R","M","?","?","?","R","BOSS","M","M","$","M","?","R","M","M","T","E","M","?","R","$","R","BOSS","M","M","M","?","M","R","E","M","T","?","R","M","R","?","R","BOSS"],"build_version":"2018-09-06","purchased_purges":0,"victory":false,"max_hp_per_floor":[80,80,80,80,80,80,80,80,80,80,80,80,80,80,80,80,80,80,80,80,80,80,80,80,80,80,80,80,80,80,80,80,80,80,80,80,80,83,83,83,83,86,86,86,86,89,89,89,89,92],"card_choices":[{"not_picked":["True Grit","Armaments"],"picked":"Anger","floor":1},{"not_picked":["Spot Weakness","Metallicize"],"picked":"Havoc","floor":2},{"not_picked":["Armaments","Dual Wield"],"picked":"Iron Wave","floor":5},{"not_picked":["Thunderclap","Cleave"],"picked":"Offering","floor":6},{"not_picked":["Rage","Headbutt"],"picked":"Impervious","floor":8},{"not_picked":["Fire Breathing+1","Reckless Charge"],"picked":"Seeing Red","floor":11},{"not_picked":["Cleave","Iron Wave"],"picked":"Uppercut","floor":14},{"not_picked":["Berserk+1","Immolate"],"picked":"Dark Embrace+1","floor":16},{"not_picked":["Armaments","Anger"],"picked":"Headbutt","floor":18},{"not_picked":["Perfected Strike","Evolve+1"],"picked":"Carnage","floor":19},{"not_picked":["Twin Strike","Intimidate"],"picked":"Sentinel","floor":21},{"not_picked":["Dropkick+1","Cleave"],"picked":"Disarm","floor":24},{"not_picked":["Double Tap","Anger+1"],"picked":"Cleave+1","floor":25},{"not_picked":["Headbutt","Blood for Blood"],"picked":"Feed","floor":27},{"not_picked":["Sword Boomerang","Clothesline","Warcry"],"picked":"SKIP","floor":28},{"not_picked":["Thunderclap+1","Feed"],"picked":"Infernal Blade+1","floor":29},{"not_picked":["Limit Break","Exhume"],"picked":"Juggernaut+1","floor":33},{"not_picked":["Clash+1","Iron Wave+1","Clothesline+1"],"picked":"SKIP","floor":35},{"not_picked":["Flex","Spot Weakness"],"picked":"Corruption+1","floor":36},{"not_picked":["Clash","Heavy Blade","Cleave+1"],"picked":"SKIP","floor":37},{"not_picked":["Combust+1","Headbutt+1"],"picked":"Disarm","floor":38},{"not_picked":["Pommel Strike","Perfected Strike"],"picked":"Headbutt","floor":39},{"not_picked":["Feed","Headbutt+1"],"picked":"Disarm+1","floor":41},{"not_picked":["Anger","Perfected Strike+1"],"picked":"Carnage","floor":42},{"not_picked":["Warcry+1","Uppercut+1"],"picked":"Armaments+1","floor":46}],"player_experience":272440,"relics_obtained":[{"floor":6,"key":"Orichalcum"},{"floor":8,"key":"Frozen Egg 2"},{"floor":9,"key":"Tiny Chest"},{"floor":12,"key":"Matryoshka"},{"floor":26,"key":"Vajra"},{"floor":26,"key":"PreservedInsect"},{"floor":27,"key":"StoneCalendar"},{"floor":41,"key":"Anchor"},{"floor":43,"key":"MawBank"},{"floor":43,"key":"Blood Vial"}],"event_choices":[{"event_name":"Living Wall","player_choice":"Grow","floor":4,"damage_taken":0},{"event_name":"Upgrade Shrine","player_choice":"Upgraded","floor":13,"damage_taken":0},{"event_name":"Ghosts","player_choice":"Ignored","floor":22,"damage_taken":0},{"event_name":"SecretPortal","player_choice":"Rejected Portal.","floor":44,"damage_taken":0},{"event_name":"Match and Keep!","player_choice":"0 cards matched","floor":48,"damage_taken":0}],"is_beta":false,"boss_relics":[{"not_picked":["Empty Cage","Philosopher\u0027s Stone"],"picked":"Runic Dome"},{"not_picked":["Busted Crown","Astrolabe"],"picked":"Runic Pyramid"}],"items_purged_floors":[],"is_endless":false,"potions_floor_spawned":[2,8,11,14,16,18,19,24,25,28,33,36,38,39,46],"killed_by":"Awakened One","ascension_level":8}