{"gold_per_floor":[115,61,75,87,97,128,128,148,148,180,190,190,206,239,239,342,342,359,369,380,380],"floor_reached":21,"playtime":1796,"items_purged":[],"score":277,"play_id":"657d4f5c-1a76-460f-b9f9-7f79e8a845be","local_time":"20180826163857","is_ascension_mode":true,"campfire_choices":[{"data":"Barricade","floor":7,"key":"SMITH"},{"data":"Entrench","floor":12,"key":"SMITH"},{"data":"Uppercut","floor":15,"key":"SMITH"}],"neow_cost":"TEN_PERCENT_HP_LOSS","seed_source_timestamp":398730143912743,"circlet_count":0,"master_deck":["Strike_R","Strike_R","Strike_R","Strike_R","Strike_R","Defend_R","Defend_R","Defend_R","Defend_R","Bash","Barricade+1","Uppercut","Iron Wave","Uppercut+1","Ghostly Armor","Flame Barrier","Entrench+1","Ghostly Armor","Barricade","Uppercut","Feed","Pommel Strike+1","Iron Wave"],"relics":["Burning Blood","Bag of Marbles","StoneCalendar","Champion Belt","Magic Flower","Philosopher\u0027s Stone"],"potions_floor_usage":[10,14,14,19,19,21],"damage_taken":[{"damage":15,"enemies":"Cultist","floor":1,"turns":5},{"damage":0,"enemies":"Small Slimes","floor":3,"turns":3},{"damage":5,"enemies":"2 Louse","floor":4,"turns":3},{"damage":0,"enemies":"Large Slime","floor":5,"turns":8},{"damage":17,"enemies":"Lagavulin","floor":6,"turns":11},{"damage":16,"enemies":"3 Louse","floor":8,"turns":5},{"damage":3,"enemies":"3 Sentries","floor":10,"turns":7},{"damage":11,"enemies":"Red Slaver","floor":11,"turns":5},{"damage":0,"enemies":"Blue Slaver","floor":13,"turns":7},{"damage":7,"enemies":"Gremlin Nob","floor":14,"turns":3},{"damage":15,"enemies":"The Guardian","floor":16,"turns":16},{"damage":7,"enemies":"Chosen","floor":18,"turns":6},{"damage":32,"enemies":"Shell Parasite","floor":19,"turns":6},{"damage":10,"enemies":"Snecko","floor":20,"turns":5},{"damage":70,"enemies":"3 Cultists","floor":21,"turns":5}],"seed_played":"-8111940590418633268","potions_obtained":[{"floor":1,"key":"Swift Potion"},{"floor":3,"key":"Poison Potion"},{"floor":10,"key":"Strength Potion"},{"floor":13,"key":"LiquidBronze"},{"floor":16,"key":"FairyPotion"},{"floor":18,"key":"AttackPotion"},{"floor":19,"key":"Block Potion"}],"is_trial":false,"path_per_floor":["M","$","M","M","M","E","R","M","T","E","M","R","M","E","R","B",null,"M","M","M"],"character_chosen":"IRONCLAD","items_purchased":["Iron Wave"],"campfire_rested":0,"item_purchase_floors":[2],"current_hp_per_floor":[63,63,69,70,72,61,61,51,51,54,49,49,55,54,54,48,66,73,50,49,0],"gold":380,"neow_bonus":"THREE_RARE_CARDS","is_prod":false,"is_daily":false,"chose_seed":false,"campfire_upgraded":3,"win_rate":0,"timestamp":1535319537,"path_taken":["M","$","M","M","M","E","R","M","T","E","M","R","M","E","R","BOSS","M","M","?","M"],"build_version":"2018-08-23v2","purchased_purges":0,"victory":false,"max_hp_per_floor":[72,72,72,72,72,72,72,72,72,72,72,72,72,72,72,72,72,75,75,75,75],"card_choices":[{"not_picked":["Juggernaut","Demon Form"],"picked":"Barricade","floor":0},{"not_picked":["Reckless Charge","Pommel Strike"],"picked":"Uppercut","floor":1},{"not_picked":["Perfected Strike","True Grit"],"picked":"Uppercut","floor":3},{"not_picked":["Wild Strike","Shockwave"],"picked":"Ghostly Armor","floor":4},{"not_picked":["Dropkick","Perfected Strike"],"picked":"Flame Barrier","floor":5},{"not_picked":["Wild Strike","Rupture"],"picked":"Entrench","floor":6},{"not_picked":["Shrug It Off","Wild Strike"],"picked":"Ghostly Armor","floor":8},{"not_picked":["Twin Strike","Clothesline","Dropkick"],"picked":"SKIP","floor":10},{"not_picked":["Iron Wave","Armaments"],"picked":"Barricade","floor":11},{"not_picked":["Rage","Pummel","Intimidate"],"picked":"SKIP","floor":13},{"not_picked":["Burning Pact","Flex"],"picked":"Uppercut","floor":14},{"not_picked":["Limit Break","Double Tap"],"picked":"Feed","floor":16},{"not_picked":["Clash","Flex"],"picked":"Pommel Strike+1","floor":18},{"not_picked":["Warcry","Combust"],"picked":"Iron Wave","floor":19},{"not_picked":["Clothesline","Thunderclap","Twin Strike"],"picked":"SKIP","floor":20}],"player_experience":232995,"relics_obtained":[{"floor":6,"key":"Bag of Marbles"},{"floor":9,"key":"StoneCalendar"},{"floor":10,"key":"Champion Belt"},{"floor":14,"key":"Magic Flower"}],"event_choices":[],"is_beta":false,"boss_relics":[{"not_picked":["Coffee Dripper","Snecko Eye"],"picked":"Philosopher\u0027s Stone"}],"items_purged_floors":[],"is_endless":false,"potions_floor_spawned":[1,3,10,13,16,18,19],"killed_by":"3 Cultists","ascension_level":7}