{"gold_per_floor":[117,129,156,156,39,114,114,145,145,145,170,197,265,325,325,339],"floor_reached":16,"playtime":444,"items_purged":[],"score":133,"play_id":"04457741-4195-473c-a62c-aac91de3d16e","local_time":"20190203201557","is_ascension_mode":false,"campfire_choices":[{"data":"theCatGirl:Slip","floor":7,"key":"SMITH"},{"data":"theCatGirl:SmellFear","floor":10,"key":"SMITH"},{"data":"theCatGirl:SpinningStrike","floor":15,"key":"SMITH"}],"neow_cost":"NONE","seed_source_timestamp":636313936889500,"circlet_count":0,"master_deck":["theCatGirl:Strike","theCatGirl:Strike","theCatGirl:Strike","theCatGirl:Strike","theCatGirl:Defend","theCatGirl:Defend","theCatGirl:Defend","theCatGirl:Defend","theCatGirl:ClawStrike","theCatGirl:Evasion","theCatGirl:Slip+1","theCatGirl:ComboAttack","theCatGirl:SmellFear+1","theCatGirl:AccidentalSlap","theCatGirl:Prepared","theCatGirl:SpinningStrike+1","theCatGirl:PlayAround","theCatGirl:AllIn"],"relics":["theCatGirl:TrainedRelic","NeowsBlessing","ReplayTheSpireMod:TigerMarble","Golden Idol","Bandana","MiniBlackHole","GiantMaggot","Ice Cream"],"potions_floor_usage":[],"damage_taken":[{"damage":0,"enemies":"Cultist","floor":1,"turns":1},{"damage":0,"enemies":"Jaw Worm","floor":2,"turns":1},{"damage":0,"enemies":"Lagavulin","floor":8,"turns":2},{"damage":0,"enemies":"2 Louse","floor":11,"turns":3},{"damage":10,"enemies":"Looter","floor":12,"turns":4},{"damage":22,"enemies":"3 Sentries","floor":14,"turns":5},{"damage":22,"enemies":"The Guardian","floor":16,"turns":4}],"seed_played":"-5984158838223421226","potions_obtained":[{"floor":11,"key":"Swift Potion"}],"is_trial":false,"path_per_floor":["M","M","T","?","$","?","R","E","T","R","M","M","T","E","R","B"],"character_chosen":"THE_CATGIRL","items_purchased":["theCatGirl:SmellFear","theCatGirl:AccidentalSlap"],"campfire_rested":0,"item_purchase_floors":[5,5],"current_hp_per_floor":[70,70,70,65,65,54,54,54,54,54,54,44,44,22,22,0],"gold":339,"neow_bonus":"THREE_ENEMY_KILL","is_prod":false,"is_daily":false,"chose_seed":false,"campfire_upgraded":3,"win_rate":0.0,"timestamp":1549242957,"path_taken":["M","M","?","?","$","?","R","E","T","R","M","M","?","E","R","BOSS"],"build_version":"2019-01-23","purchased_purges":0,"victory":false,"max_hp_per_floor":[70,70,70,65,65,65,65,65,65,65,65,65,65,65,65,65],"card_choices":[{"not_picked":["theCatGirl:Stalk","theCatGirl:LearnByMistake"],"picked":"theCatGirl:Slip","floor":1},{"not_picked":["theCatGirl:ChangeOfPlans","theCatGirl:KeepAlert"],"picked":"theCatGirl:ComboAttack","floor":2},{"not_picked":["theCatGirl:PoiseStance","theCatGirl:LostTrinket"],"picked":"theCatGirl:Prepared","floor":8},{"not_picked":["theCatGirl:AdventurersInsight","theCatGirl:BloodScent"],"picked":"theCatGirl:SpinningStrike","floor":11},{"not_picked":["theCatGirl:DefensiveStance","theCatGirl:FumblingBlow"],"picked":"theCatGirl:PlayAround","floor":12},{"not_picked":["theCatGirl:Parry","theCatGirl:RunningWithDaggers"],"picked":"theCatGirl:AllIn","floor":14}],"player_experience":1182067,"relics_obtained":[{"floor":3,"key":"ReplayTheSpireMod:TigerMarble"},{"floor":8,"key":"Bandana"},{"floor":9,"key":"MiniBlackHole"},{"floor":13,"key":"GiantMaggot"},{"floor":14,"key":"Ice Cream"}],"event_choices":[{"damage_healed":0,"gold_gain":0,"player_choice":"Lose Max HP","damage_taken":0,"relics_obtained":["Golden Idol"],"max_hp_gain":0,"max_hp_loss":5,"event_name":"Golden Idol","floor":4,"gold_loss":0},{"damage_healed":0,"gold_gain":75,"player_choice":"Gather Gold","damage_taken":11,"max_hp_gain":0,"max_hp_loss":0,"event_name":"World of Goop","floor":6,"gold_loss":0}],"is_beta":true,"boss_relics":[],"items_purged_floors":[],"is_endless":false,"potions_floor_spawned":[11],"killed_by":"The Guardian","ascension_level":0}