{"gold_per_floor":[18,36,50,50,50,50,84,107,130,170,170,193,236,236,236,326,326,349,374,374,374,390,390,425,425,425,469,494,538,563,121,121,216,216,239,239,255,269,332,370,370,408,408,433,433,448,448,488,488,488,488,488,488,1,34,34],"floor_reached":57,"playtime":3307,"items_purged":["Clumsy"],"score":2965,"play_id":"58601099-dbc0-4bb3-b25c-d49994cfeb07","local_time":"20190205052007","is_ascension_mode":true,"campfire_choices":[{"data":"Bane","floor":6.0,"key":"SMITH"},{"floor":11.0,"key":"REST"},{"data":"Noxious Fumes","floor":15.0,"key":"SMITH"},{"data":"Wraith Form v2","floor":23.0,"key":"SMITH"},{"floor":25.0,"key":"REST"},{"data":"Night Terror","floor":32.0,"key":"SMITH"},{"data":"Catalyst","floor":41.0,"key":"SMITH"},{"floor":47.0,"key":"RECALL"},{"floor":49.0,"key":"REST"},{"floor":53,"key":"REST"}],"neow_cost":"NO_GOLD","seed_source_timestamp":2160698982991367,"circlet_count":0,"master_deck":["AscendersBane","Survivor","Neutralize","Corpse Explosion","Cloak And Dagger","Finisher","Bane+1","Noxious Fumes+1","Caltrops","Well Laid Plans+1","Wraith Form v2+1","Dodge and Roll","PiercingWail","Backstab","A Thousand Cuts","Die Die Die","Calculated Gamble","PiercingWail","Backstab","Poisoned Stab+1","Backflip","Night Terror+1","Catalyst+1","Adrenaline","PiercingWail","Night Terror+1","Calculated Gamble","PiercingWail","Secret Technique","Acrobatics"],"special_seed":0,"relics":["Ring of the Snake","Golden Idol","Bag of Marbles","Smiling Mask","Pen Nib","Bird Faced Urn","The Specimen","Pandora\u0027s Box","Ancient Tea Set","Vajra","Shuriken","Mercury Hourglass","Juzu Bracelet","TwistedFunnel","Happy Flower","Philosopher\u0027s Stone","Du-Vu Doll","Oddly Smooth Stone","Dodecahedron","Ginger","Centennial Puzzle","Bottled Tornado"],"potions_floor_usage":[56,56],"damage_taken":[{"damage":1.0,"enemies":"Cultist","floor":1.0,"turns":5.0},{"damage":4.0,"enemies":"Jaw Worm","floor":2.0,"turns":4.0},{"damage":0.0,"enemies":"2 Louse","floor":3.0,"turns":3.0},{"damage":0.0,"enemies":"3 Sentries","floor":7.0,"turns":2.0},{"damage":8.0,"enemies":"Exordium Thugs","floor":8.0,"turns":7.0},{"damage":13.0,"enemies":"Lagavulin","floor":10.0,"turns":6.0},{"damage":0.0,"enemies":"Looter","floor":12.0,"turns":3.0},{"damage":6.0,"enemies":"Gremlin Nob","floor":13.0,"turns":3.0},{"damage":31.0,"enemies":"Hexaghost","floor":16.0,"turns":9.0},{"damage":8.0,"enemies":"2 Thieves","floor":18.0,"turns":2.0},{"damage":2.0,"enemies":"Spheric Guardian","floor":19.0,"turns":4.0},{"damage":18.0,"enemies":"Snake Plant","floor":22.0,"turns":3.0},{"damage":2.0,"enemies":"Book of Stabbing","floor":24.0,"turns":2.0},{"damage":3.0,"enemies":"Gremlin Leader","floor":27.0,"turns":6.0},{"damage":1.0,"enemies":"Snecko","floor":28.0,"turns":4.0},{"damage":18.0,"enemies":"Book of Stabbing","floor":29.0,"turns":4.0},{"damage":2.0,"enemies":"Sentry and Sphere","floor":30.0,"turns":4.0},{"damage":20.0,"enemies":"Collector","floor":33.0,"turns":7.0},{"damage":0.0,"enemies":"3 Darklings","floor":35.0,"turns":1.0},{"damage":0.0,"enemies":"3 Shapes","floor":37.0,"turns":1.0},{"damage":0.0,"enemies":"Transient","floor":38.0,"turns":6.0},{"damage":6.0,"enemies":"2 Orb Walkers","floor":39.0,"turns":2.0},{"damage":20.0,"enemies":"Nemesis","floor":40.0,"turns":7.0},{"damage":0.0,"enemies":"Reptomancer","floor":42.0,"turns":4.0},{"damage":2.0,"enemies":"3 Darklings","floor":44.0,"turns":2.0},{"damage":0.0,"enemies":"Sphere and 2 Shapes","floor":46.0,"turns":3.0},{"damage":50.0,"enemies":"Nemesis","floor":48.0,"turns":5.0},{"damage":25.0,"enemies":"Donu and Deca","floor":50.0,"turns":3.0},{"damage":3,"enemies":"Time Eater","floor":51,"turns":6},{"damage":45,"enemies":"Shield and Spear","floor":55,"turns":7},{"damage":31,"enemies":"The Heart","floor":56,"turns":9}],"seed_played":"-7867242897071733168","potions_obtained":[{"floor":1.0,"key":"Energy Potion"},{"floor":7.0,"key":"Weak Potion"},{"floor":10.0,"key":"Strength Potion"},{"floor":19.0,"key":"PowerPotion"},{"floor":22.0,"key":"SkillPotion"},{"floor":27.0,"key":"FearPotion"},{"floor":30.0,"key":"Ancient Potion"},{"floor":35.0,"key":"FearPotion"},{"floor":39.0,"key":"Fruit Juice"},{"floor":44.0,"key":"PowerPotion"}],"is_trial":false,"path_per_floor":["M","M","M","?","?","R","E","M","T","E","R","M","E","?","R","B",null,"M","M","?","?","M","R","E","R","T","E","M","E","M","$","R","B",null,"M","?","M","M","?","E","R","E","T","M","?","M","R","E","R","B","B",null,"R","$","E","B",null],"character_chosen":"THE_SILENT","items_purchased":["TwistedFunnel","Happy Flower","Centennial Puzzle","Poison Potion","Regen Potion","Secret Technique"],"campfire_rested":4,"item_purchase_floors":[31,31,54,54,54,54],"current_hp_per_floor":[58,54,54,47,47,47,47,39,39,26,44,44,38,33,33,8,47,39,45,45,45,33,33,35,53,53,57,59,42,46,46,46,40,55,55,55,57,60,63,53,53,59,59,61,61,65,65,21,40,19,24,55,65,65,34,32],"gold":34,"neow_bonus":"TRANSFORM_TWO_CARDS","is_prod":false,"is_daily":false,"chose_seed":false,"campfire_upgraded":5,"win_rate":0,"timestamp":1549340407,"path_taken":["M","M","M","?","?","R","E","M","T","E","R","?","E","?","R","BOSS","M","M","?","?","M","R","E","R","T","E","M","E","M","$","R","BOSS","M","?","M","M","?","E","R","E","T","M","?","M","R","E","R","BOSS","BOSS","R","$","E","BOSS"],"build_version":"2019-01-23","purchased_purges":1,"victory":true,"max_hp_per_floor":[66,66,66,66,60,60,60,60,60,60,60,60,60,60,60,60,60,60,60,60,60,60,60,60,60,60,60,60,60,60,60,60,60,60,60,60,60,60,65,65,65,65,65,65,65,65,65,65,65,65,65,65,65,65,65,65],"card_choices":[{"not_picked":["Distraction","Escape Plan","Dodge and Roll"],"picked":"SKIP","floor":1.0},{"not_picked":["All Out Attack","Acrobatics"],"picked":"Finisher","floor":2.0},{"not_picked":["Acrobatics","Leg Sweep"],"picked":"Bane","floor":3.0},{"not_picked":["Quick Slash","Flying Knee"],"picked":"Noxious Fumes","floor":7.0},{"not_picked":["Accuracy","Acrobatics","Underhanded Strike"],"picked":"SKIP","floor":8.0},{"not_picked":["Slice","Choke","Eviscerate"],"picked":"SKIP","floor":10.0},{"not_picked":["Caltrops","Blade Dance","Calculated Gamble"],"picked":"SKIP","floor":12.0},{"not_picked":["Blade Dance","Calculated Gamble"],"picked":"Caltrops","floor":12.0},{"not_picked":["Bullet Time","Heel Hook"],"picked":"Well Laid Plans","floor":13.0},{"not_picked":["After Image","Tools of the Trade"],"picked":"Wraith Form v2","floor":16.0},{"not_picked":["Outmaneuver+1","Poisoned Stab"],"picked":"Backstab","floor":18.0},{"not_picked":["Acrobatics","Dash+1"],"picked":"Poisoned Stab+1","floor":19.0},{"not_picked":["Bouncing Flask","Sucker Punch"],"picked":"Backflip","floor":22.0},{"not_picked":["Flying Knee","Blade Dance","Backstab"],"picked":"SKIP","floor":24.0},{"not_picked":["Distraction","Underhanded Strike","Flying Knee"],"picked":"SKIP","floor":27.0},{"not_picked":["Finisher","Setup"],"picked":"Night Terror","floor":28.0},{"not_picked":["Tactician","Dodge and Roll","Poisoned Stab"],"picked":"SKIP","floor":29.0},{"not_picked":["Dodge and Roll","Flying Knee+1"],"picked":"Catalyst","floor":30.0},{"not_picked":["Storm of Steel","Tools of the Trade"],"picked":"Adrenaline","floor":33.0},{"not_picked":["Deflect","Underhanded Strike+1"],"picked":"PiercingWail","floor":35.0},{"not_picked":["Quick Slash","Slice","Expertise+1"],"picked":"SKIP","floor":37.0},{"not_picked":["Quick Slash","Slice","Expertise+1"],"picked":"SKIP","floor":37.0},{"not_picked":["Outmaneuver","Terror+1","Dodge and Roll"],"picked":"SKIP","floor":38.0},{"not_picked":["Predator","Dodge and Roll","Outmaneuver"],"picked":"SKIP","floor":40.0},{"not_picked":["Outmaneuver","Heel Hook","Concentrate+1"],"picked":"SKIP","floor":42.0},{"not_picked":["Accuracy","Infinite Blades+1","Deadly Poison+1"],"picked":"SKIP","floor":44.0},{"not_picked":["Poisoned Stab","Calculated Gamble","Dash+1"],"picked":"SKIP","floor":46.0},{"not_picked":["Poisoned Stab","Dash+1"],"picked":"Calculated Gamble","floor":46.0},{"not_picked":["Sucker Punch+1","Envenom"],"picked":"PiercingWail","floor":48.0},{"not_picked":["Prepared+1","Tactician"],"picked":"Acrobatics","floor":55}],"player_experience":2903472,"relics_obtained":[{"floor":7.0,"key":"Bag of Marbles"},{"floor":9.0,"key":"Smiling Mask"},{"floor":10.0,"key":"Pen Nib"},{"floor":13.0,"key":"Bird Faced Urn"},{"floor":24.0,"key":"Vajra"},{"floor":26.0,"key":"Shuriken"},{"floor":27.0,"key":"Mercury Hourglass"},{"floor":29.0,"key":"Juzu Bracelet"},{"floor":39.0,"key":"Du-Vu Doll"},{"floor":40.0,"key":"Oddly Smooth Stone"},{"floor":42.0,"key":"Dodecahedron"},{"floor":48.0,"key":"Ginger"},{"floor":55,"key":"Bottled Tornado"}],"event_choices":[{"cards_removed":["Strike_G"],"damage_healed":0.0,"max_hp_gain":0.0,"max_hp_loss":0.0,"gold_gain":0.0,"event_name":"Golden Wing","player_choice":"Card Removal","floor":4.0,"gold_loss":0.0,"damage_taken":7.0},{"damage_healed":0.0,"max_hp_gain":0.0,"max_hp_loss":6.0,"gold_gain":0.0,"event_name":"Golden Idol","player_choice":"Lose Max HP","floor":5.0,"gold_loss":0.0,"damage_taken":0.0,"relics_obtained":["Golden Idol"]},{"damage_healed":0.0,"max_hp_gain":0.0,"max_hp_loss":0.0,"gold_gain":0.0,"event_name":"Scrap Ooze","player_choice":"Success","floor":14.0,"gold_loss":0.0,"damage_taken":5.0,"relics_obtained":["The Specimen"]},{"damage_healed":0.0,"max_hp_gain":0.0,"max_hp_loss":0.0,"gold_gain":0.0,"event_name":"The Mausoleum","player_choice":"Opened","floor":20.0,"gold_loss":0.0,"damage_taken":0.0,"relics_obtained":["Ancient Tea Set"],"cards_obtained":["Writhe"]},{"damage_healed":0.0,"max_hp_gain":0.0,"max_hp_loss":0.0,"gold_gain":0.0,"cards_transformed":["Writhe"],"event_name":"Transmorgrifier","player_choice":"Transformed","floor":21.0,"gold_loss":0.0,"damage_taken":0.0,"cards_obtained":["Clumsy"]},{"damage_healed":0.0,"max_hp_gain":0.0,"max_hp_loss":0.0,"gold_gain":0.0,"event_name":"Upgrade Shrine","player_choice":"Upgraded","floor":36.0,"gold_loss":0.0,"damage_taken":0.0,"cards_upgraded":["Well Laid Plans"]},{"damage_healed":0.0,"max_hp_gain":0.0,"max_hp_loss":0.0,"gold_gain":0.0,"event_name":"Mysterious Sphere","player_choice":"Fight","floor":39.0,"gold_loss":0.0,"damage_taken":0.0},{"damage_healed":0.0,"max_hp_gain":0.0,"max_hp_loss":0.0,"gold_gain":0.0,"event_name":"Duplicator","player_choice":"Copied","floor":45.0,"gold_loss":0.0,"damage_taken":0.0,"cards_obtained":["Night Terror"]}],"is_beta":true,"boss_relics":[{"not_picked":["Fusion Hammer","Astrolabe"],"picked":"Pandora\u0027s Box"},{"not_picked":["Busted Crown","Black Star"],"picked":"Philosopher\u0027s Stone"}],"items_purged_floors":[31],"is_endless":false,"potions_floor_spawned":[1,7,10,19,22,27,30,35,37,39,44,46],"ascension_level":20}