{"gold_per_floor":[118,118,43,58,58,58,88,162,162,195,195,212,212,223,223,294,294,314,37,48,48,98,127,127,140,194,205,219,230,250,264,264,337,337,354,354,373,38,50,50,67,67,94,94,106,125,159,171,171,171],"floor_reached":51,"playtime":2031,"items_purged":["Strike_R","Strike_R"],"score":1327,"play_id":"0155c21e-9f92-4ca6-97c2-9aa2291cd3c4","local_time":"20190113014546","is_ascension_mode":true,"campfire_choices":[{"data":"Blood for Blood","floor":6,"key":"SMITH"},{"floor":11,"key":"REST"},{"data":"Flame Barrier","floor":13,"key":"SMITH"},{"data":"Brutality","floor":15,"key":"SMITH"},{"floor":24,"key":"REST"},{"floor":32,"key":"REST"},{"floor":40,"key":"REST"},{"floor":42,"key":"REST"},{"floor":44,"key":"REST"},{"floor":49,"key":"REST"}],"neow_cost":"NONE","seed_source_timestamp":92287050327717,"circlet_count":0,"master_deck":["AscendersBane","Defend_R","Defend_R+1","Defend_R+1","Defend_R","Bash","Blood for Blood+1","Flame Barrier+1","Brutality+1","Shockwave","Evolve","Shrug It Off","Feed","True Grit","Metallicize","Shrug It Off","J.A.X.","Pommel Strike","Rupture","Blood for Blood","Impervious","Burning Pact","Reaper","Sword Boomerang","Bash","Secret Weapon","Shrug It Off","Bloodletting","Inflame+1","Demon Form","Reaper"],"relics":["Runic Cube","Gambling Chip","Pear","Mummified Hand","Prayer Wheel","Fusion Hammer","War Paint","Singing Bowl","Tiny Chest","Empty Cage","Boot","Art of War"],"potions_floor_usage":[7,16,18,29,29,31,50,50],"damage_taken":[{"damage":5,"enemies":"2 Louse","floor":1,"turns":4},{"damage":4,"enemies":"Small Slimes","floor":4,"turns":4},{"damage":20,"enemies":"Lagavulin","floor":7,"turns":5},{"damage":13,"enemies":"3 Sentries","floor":10,"turns":6},{"damage":1,"enemies":"Cultist","floor":12,"turns":2},{"damage":2,"enemies":"Blue Slaver","floor":14,"turns":3},{"damage":46,"enemies":"Slime Boss","floor":16,"turns":13},{"damage":2,"enemies":"3 Byrds","floor":18,"turns":3},{"damage":4,"enemies":"Chosen","floor":20,"turns":4},{"damage":14,"enemies":"Book of Stabbing","floor":23,"turns":6},{"damage":9,"enemies":"Snake Plant","floor":25,"turns":4},{"damage":11,"enemies":"Cultist and Chosen","floor":27,"turns":6},{"damage":14,"enemies":"Snecko","floor":28,"turns":5},{"damage":25,"enemies":"Shelled Parasite and Fungi","floor":29,"turns":5},{"damage":12,"enemies":"Sentry and Sphere","floor":30,"turns":6},{"damage":5,"enemies":"Snake Plant","floor":31,"turns":4},{"damage":45,"enemies":"Collector","floor":33,"turns":10},{"damage":31,"enemies":"3 Darklings","floor":35,"turns":5},{"damage":5,"enemies":"Orb Walker","floor":37,"turns":3},{"damage":43,"enemies":"3 Darklings","floor":39,"turns":5},{"damage":19,"enemies":"Jaw Worm Horde","floor":41,"turns":5},{"damage":31,"enemies":"Transient","floor":45,"turns":6},{"damage":30,"enemies":"Maw","floor":46,"turns":7},{"damage":50,"enemies":"Giant Head","floor":47,"turns":7},{"damage":28,"enemies":"Writhing Mass","floor":48,"turns":5},{"damage":77,"enemies":"Donu and Deca","floor":50,"turns":8}],"seed_played":"-8890207187160816352","potions_obtained":[{"floor":1,"key":"SteroidPotion"},{"floor":7,"key":"LiquidBronze"},{"floor":10,"key":"Regen Potion"},{"floor":18,"key":"Explosive Potion"},{"floor":20,"key":"Explosive Potion"},{"floor":30,"key":"Weak Potion"},{"floor":33,"key":"Dexterity Potion"},{"floor":35,"key":"PowerPotion"}],"is_trial":false,"path_per_floor":["M","?","?","M","?","R","E","T","T","E","R","M","R","M","R","B",null,"M","$","M","?","?","E","R","M","T","M","M","M","M","M","R","B",null,"M","?","M","$","M","R","M","R","T","R","M","M","E","M","R","B",null],"character_chosen":"IRONCLAD","items_purchased":["War Paint","Metallicize","Secret Weapon","Shrug It Off"],"campfire_rested":7,"item_purchase_floors":[19,19,38,38],"current_hp_per_floor":[63,63,63,59,59,59,39,49,49,36,61,60,60,58,58,27,71,69,69,68,68,68,56,83,81,81,77,68,48,41,40,76,34,103,74,74,73,73,65,106,103,144,144,144,138,110,117,114,155,112],"gold":171,"neow_bonus":"BOSS_RELIC","is_prod":false,"is_daily":false,"chose_seed":false,"campfire_upgraded":3,"win_rate":0,"timestamp":1547343946,"path_taken":["M","?","?","M","?","R","E","?","T","E","R","M","R","M","R","BOSS","M","$","?","?","?","E","R","M","T","M","M","M","M","M","R","BOSS","M","?","?","$","M","R","M","R","T","R","?","M","E","M","R","BOSS"],"build_version":"2019-01-10","purchased_purges":2,"victory":true,"max_hp_per_floor":[75,75,75,75,75,75,75,85,85,85,85,85,85,85,85,85,85,85,85,88,88,88,90,90,97,97,104,109,114,119,123,123,126,126,128,128,132,132,137,137,144,144,144,144,148,150,150,155,155,155],"card_choices":[{"not_picked":["Heavy Blade","Havoc"],"picked":"Blood for Blood","floor":1},{"not_picked":["Burning Pact","Seeing Red"],"picked":"Flame Barrier","floor":4},{"not_picked":["Clothesline","Fiend Fire"],"picked":"Brutality","floor":7},{"not_picked":["Fire Breathing","Carnage","Wild Strike"],"picked":"SKIP","floor":10},{"not_picked":["Wild Strike","Thunderclap"],"picked":"Shockwave","floor":12},{"not_picked":["Perfected Strike","Cleave","Infernal Blade"],"picked":"SKIP","floor":12},{"not_picked":["Clash","Disarm"],"picked":"Evolve","floor":14},{"not_picked":["Shockwave","Warcry"],"picked":"Shrug It Off","floor":14},{"not_picked":["Brutality","Double Tap"],"picked":"Feed","floor":16},{"not_picked":["Fire Breathing+1","Sentinel"],"picked":"True Grit","floor":18},{"not_picked":["Heavy Blade+1","Flex","Clothesline"],"picked":"SKIP","floor":18},{"not_picked":["Inflame","Body Slam"],"picked":"Shrug It Off","floor":20},{"not_picked":["Sword Boomerang","Body Slam","Searing Blow"],"picked":"SKIP","floor":20},{"not_picked":["Havoc","Sever Soul","Armaments"],"picked":"Singing Bowl","floor":23},{"not_picked":["Clothesline","Searing Blow","Twin Strike"],"picked":"Singing Bowl","floor":25},{"not_picked":["Body Slam","Bloodletting","Combust"],"picked":"Singing Bowl","floor":25},{"not_picked":["Shrug It Off","Metallicize","Seeing Red"],"picked":"Singing Bowl","floor":27},{"not_picked":["Clothesline","Pommel Strike","True Grit"],"picked":"Singing Bowl","floor":27},{"not_picked":["True Grit","Inflame"],"picked":"Pommel Strike","floor":28},{"not_picked":["Perfected Strike","Sword Boomerang","Pummel"],"picked":"Singing Bowl","floor":28},{"not_picked":["Fiend Fire","Havoc+1","Battle Trance"],"picked":"Singing Bowl","floor":29},{"not_picked":["Armaments","Havoc"],"picked":"Rupture","floor":29},{"not_picked":["Clothesline","Cleave"],"picked":"Blood for Blood","floor":30},{"not_picked":["Sever Soul","Reckless Charge","Rampage"],"picked":"Singing Bowl","floor":30},{"not_picked":["Whirlwind","Twin Strike","Pommel Strike"],"picked":"Singing Bowl","floor":31},{"not_picked":["Dark Embrace","Sword Boomerang","Body Slam"],"picked":"Singing Bowl","floor":31},{"not_picked":["Immolate","Brutality"],"picked":"Impervious","floor":33},{"not_picked":["Warcry","True Grit"],"picked":"Burning Pact","floor":35},{"not_picked":["Carnage","Feel No Pain","Combust+1"],"picked":"Singing Bowl","floor":35},{"not_picked":["Iron Wave","Cleave","Flex+1"],"picked":"Singing Bowl","floor":37},{"not_picked":["Wild Strike","Ghostly Armor","Pummel"],"picked":"Singing Bowl","floor":37},{"not_picked":["Shrug It Off","Searing Blow+1","Anger"],"picked":"Singing Bowl","floor":39},{"not_picked":["Heavy Blade+1","Sword Boomerang"],"picked":"Bloodletting","floor":39},{"not_picked":["Perfected Strike","Pommel Strike","True Grit"],"picked":"Singing Bowl","floor":41},{"not_picked":["Anger","Shrug It Off","Power Through+1"],"picked":"Singing Bowl","floor":41},{"not_picked":["Headbutt+1","Flex","Body Slam"],"picked":"Singing Bowl","floor":45},{"not_picked":["Uppercut","Disarm","Entrench"],"picked":"Singing Bowl","floor":45},{"not_picked":["Anger+1","Intimidate+1"],"picked":"Inflame+1","floor":46},{"not_picked":["Pommel Strike","Havoc+1","Thunderclap"],"picked":"Singing Bowl","floor":46},{"not_picked":["Havoc","Feel No Pain"],"picked":"Demon Form","floor":47},{"not_picked":["Dropkick","Fire Breathing+1","Wild Strike"],"picked":"Singing Bowl","floor":48},{"not_picked":["Rampage","Havoc"],"picked":"Reaper","floor":48}],"player_experience":376728,"relics_obtained":[{"floor":7,"key":"Gambling Chip"},{"floor":8,"key":"Pear"},{"floor":9,"key":"Mummified Hand"},{"floor":10,"key":"Prayer Wheel"},{"floor":23,"key":"Singing Bowl"},{"floor":26,"key":"Tiny Chest"},{"floor":43,"key":"Boot"},{"floor":47,"key":"Art of War"}],"event_choices":[{"damage_healed":0,"gold_gain":0,"player_choice":"Ignored","damage_taken":0,"max_hp_gain":0,"max_hp_loss":0,"event_name":"Liars Game","floor":2,"gold_loss":0},{"cards_removed":["Strike_R"],"damage_healed":0,"gold_gain":0,"player_choice":"Card Removal","damage_taken":0,"max_hp_gain":0,"max_hp_loss":0,"event_name":"The Cleric","floor":3,"gold_loss":75},{"damage_healed":0,"gold_gain":0,"player_choice":"Fled","damage_taken":0,"max_hp_gain":0,"max_hp_loss":0,"event_name":"Scrap Ooze","floor":5,"gold_loss":0},{"damage_healed":0,"gold_gain":0,"player_choice":"Obtain J.A.X.","damage_taken":0,"max_hp_gain":0,"max_hp_loss":0,"event_name":"Drug Dealer","floor":21,"gold_loss":0,"cards_obtained":["J.A.X."]},{"damage_healed":0,"gold_gain":50,"player_choice":"Stole From Cult","damage_taken":0,"max_hp_gain":0,"max_hp_loss":0,"event_name":"Nest","floor":22,"gold_loss":0},{"damage_healed":0,"gold_gain":0,"player_choice":"3 cards matched","damage_taken":0,"max_hp_gain":0,"max_hp_loss":0,"event_name":"Match and Keep!","floor":36,"gold_loss":0,"cards_obtained":["Reaper","Sword Boomerang","Bash"]}],"is_beta":false,"boss_relics":[{"not_picked":["Runic Pyramid","Philosopher\u0027s Stone"],"picked":"Fusion Hammer"},{"not_picked":["Lizard Tail","Coffee Dripper"],"picked":"Empty Cage"}],"items_purged_floors":[19,38],"is_endless":false,"potions_floor_spawned":[1,7,10,18,20,28,30,33,35,39,45,47,48],"ascension_level":17}