{"gold_per_floor":[113,126,126,13,27,59,59,71,71,71,71,71,71,71,71,201,201,201,201,201,28,28,28,28,28,28,28,28,28,28,0,0,0,0,0,0,0,0,0,0],"floor_reached":40,"playtime":3749,"items_purged":["Strike_R","Strike_R"],"score":572,"play_id":"21dc958d-6772-4ee2-a7ff-42e759f05462","local_time":"20190202210000","is_ascension_mode":true,"campfire_choices":[{"data":"Shockwave","floor":7,"key":"SMITH"},{"data":"Bash","floor":10,"key":"SMITH"},{"data":"Dark Embrace","floor":12,"key":"SMITH"},{"floor":15,"key":"REST"},{"data":"Offering","floor":24,"key":"SMITH"},{"data":"Sentinel","floor":27,"key":"SMITH"},{"data":"Armaments","floor":30,"key":"SMITH"},{"data":"Spot Weakness","floor":32,"key":"SMITH"}],"neow_cost":"NONE","seed_source_timestamp":439719159736991,"circlet_count":0,"master_deck":["Strike_R","Strike_R","Strike_R","Defend_R","Defend_R","Defend_R","Defend_R","Bash+1","Twin Strike","Headbutt","Dark Embrace+1","Shockwave+1","Reaper","Inflame","Dual Wield+1","Spot Weakness+1","Metallicize","Offering+1","Sentinel+1","Armaments+1","Headbutt+1","Madness","Madness"],"relics":["Black Blood","Bronze Scales","Pear","WingedGreaves","Golden Idol","Ectoplasm","Pocketwatch","Meat on the Bone","Matryoshka","Pantograph","Red Mask"],"potions_floor_usage":[16,20,23,23],"damage_taken":[{"damage":13,"enemies":"2 Louse","floor":1,"turns":2},{"damage":3,"enemies":"Jaw Worm","floor":2,"turns":4},{"damage":3,"enemies":"Small Slimes","floor":5,"turns":3},{"damage":45,"enemies":"3 Sentries","floor":6,"turns":9},{"damage":11,"enemies":"Red Slaver","floor":8,"turns":3},{"damage":57,"enemies":"Hexaghost","floor":16,"turns":10},{"damage":2,"enemies":"Chosen","floor":18,"turns":4},{"damage":17,"enemies":"Spheric Guardian","floor":20,"turns":3},{"damage":19,"enemies":"Centurion and Healer","floor":22,"turns":5},{"damage":36,"enemies":"Gremlin Leader","floor":23,"turns":5},{"damage":39,"enemies":"Book of Stabbing","floor":25,"turns":5},{"damage":33,"enemies":"Slavers","floor":28,"turns":5},{"damage":36,"enemies":"Snake Plant","floor":29,"turns":4},{"damage":102,"enemies":"Champ","floor":33,"turns":8},{"damage":17,"enemies":"Orb Walker","floor":35,"turns":3},{"damage":21,"enemies":"3 Shapes","floor":39,"turns":4},{"damage":129,"enemies":"Giant Head","floor":40,"turns":8}],"seed_played":"-8659624223648730706","potions_obtained":[{"floor":2,"key":"Regen Potion"},{"floor":6,"key":"GamblersBrew"},{"floor":8,"key":"FearPotion"},{"floor":18,"key":"PowerPotion"},{"floor":22,"key":"PowerPotion"},{"floor":23,"key":"BloodPotion"},{"floor":33,"key":"SkillPotion"},{"floor":35,"key":"Weak Potion"}],"is_trial":false,"path_per_floor":["M","M","?","$","M","E","R","M","T","R","?","R","?","?","R","B",null,"M","?","M","$","M","E","R","E","T","R","E","M","R","?","R","B",null,"M","?","?","?","M","E"],"character_chosen":"IRONCLAD","items_purchased":["Inflame","Spot Weakness"],"campfire_rested":1,"item_purchase_floors":[4,21],"current_hp_per_floor":[65,68,73,73,76,47,47,42,42,42,42,42,42,42,68,17,70,74,74,63,63,88,88,88,88,88,88,88,58,58,58,58,55,80,88,77,77,77,88,0],"gold":0,"neow_bonus":"RANDOM_COMMON_RELIC","is_prod":false,"is_daily":false,"chose_seed":false,"campfire_upgraded":7,"win_rate":0,"timestamp":1549170000,"path_taken":["M","M","?","$","M","E","R","M","T","R","?","R","?","?","R","BOSS","M","?","?","?","?","E","R","E","T","R","E","M","R","?","R","BOSS","M","?","?","?","M","E"],"build_version":"2019-01-23","purchased_purges":2,"victory":false,"max_hp_per_floor":[80,80,85,85,85,95,95,95,95,95,95,95,95,88,88,88,88,88,88,88,88,88,88,88,88,88,88,88,88,88,88,88,88,88,88,88,88,88,88,88],"card_choices":[{"not_picked":["Body Slam","Heavy Blade"],"picked":"Twin Strike","floor":1},{"not_picked":["Clash","Reckless Charge"],"picked":"Headbutt","floor":2},{"not_picked":["Carnage","Flex"],"picked":"Dark Embrace","floor":5},{"not_picked":["Intimidate","Pommel Strike"],"picked":"Shockwave","floor":6},{"not_picked":["Thunderclap","Clothesline","Intimidate"],"picked":"SKIP","floor":8},{"not_picked":["Exhume","Limit Break"],"picked":"Reaper","floor":16},{"not_picked":["Heavy Blade","Pommel Strike"],"picked":"Inflame","floor":18},{"not_picked":["Bloodletting","Pommel Strike"],"picked":"Dual Wield+1","floor":20},{"not_picked":["Pommel Strike","Reckless Charge"],"picked":"Metallicize","floor":22},{"not_picked":["Infernal Blade","Flex"],"picked":"Offering","floor":23},{"not_picked":["Sever Soul","Carnage"],"picked":"Sentinel","floor":25},{"not_picked":["Second Wind","Infernal Blade"],"picked":"Armaments","floor":28},{"not_picked":["Evolve","Burning Pact","Twin Strike"],"picked":"SKIP","floor":29},{"not_picked":["Carnage+1","Sever Soul"],"picked":"Headbutt+1","floor":35},{"not_picked":["Evolve+1","Clash","Thunderclap"],"picked":"SKIP","floor":39},{"not_picked":["Evolve+1","Clash","Thunderclap"],"picked":"SKIP","floor":39}],"player_experience":413375,"relics_obtained":[{"floor":6,"key":"Pear"},{"floor":9,"key":"WingedGreaves"},{"floor":23,"key":"Pocketwatch"},{"floor":25,"key":"Meat on the Bone"},{"floor":26,"key":"Matryoshka"},{"floor":28,"key":"Pantograph"}],"event_choices":[{"damage_healed":0,"gold_gain":0,"player_choice":"Donut","damage_taken":0,"max_hp_gain":5,"max_hp_loss":0,"event_name":"Big Fish","floor":3,"gold_loss":0},{"damage_healed":0,"gold_gain":0,"player_choice":"Ignored","damage_taken":0,"max_hp_gain":0,"max_hp_loss":0,"event_name":"Liars Game","floor":11,"gold_loss":0},{"damage_healed":0,"gold_gain":0,"player_choice":"Searched \u00270\u0027 times","damage_taken":0,"max_hp_gain":0,"max_hp_loss":0,"event_name":"Dead Adventurer","floor":13,"gold_loss":0},{"damage_healed":0,"gold_gain":0,"player_choice":"Lose Max HP","damage_taken":0,"relics_obtained":["Golden Idol"],"max_hp_gain":0,"max_hp_loss":7,"event_name":"Golden Idol","floor":14,"gold_loss":0},{"damage_healed":0,"gold_gain":0,"player_choice":"Bought 0 Potions","damage_taken":0,"max_hp_gain":0,"max_hp_loss":0,"event_name":"The Woman in Blue","floor":19,"gold_loss":0},{"damage_healed":0,"gold_gain":0,"player_choice":"Paid Fearfully","damage_taken":0,"max_hp_gain":0,"max_hp_loss":0,"event_name":"Masked Bandits","floor":31,"gold_loss":28},{"damage_healed":0,"gold_gain":0,"player_choice":"Embrace Madness","damage_taken":11,"max_hp_gain":0,"max_hp_loss":0,"event_name":"Winding Halls","floor":36,"gold_loss":0,"cards_obtained":["Madness","Madness"]},{"damage_healed":0,"gold_gain":0,"player_choice":"Paid","damage_taken":0,"relics_obtained":["Red Mask"],"max_hp_gain":0,"max_hp_loss":0,"event_name":"Tomb of Lord Red Mask","floor":37,"gold_loss":0},{"cards_removed":["Inflame"],"damage_healed":0,"gold_gain":0,"player_choice":"Removed Power","damage_taken":0,"max_hp_gain":0,"max_hp_loss":0,"event_name":"Falling","floor":38,"gold_loss":0}],"is_beta":false,"boss_relics":[{"not_picked":["Calling Bell","Runic Dome"],"picked":"Ectoplasm"},{"not_picked":["Tiny House","Mark of Pain"],"picked":"Black Blood"}],"items_purged_floors":[4,21],"is_endless":false,"potions_floor_spawned":[2,6,8,18,22,23,33,35],"killed_by":"Giant Head","ascension_level":6}