{"gold_per_floor":[109,109,129,54,54,54,79,89,89,114,124,144,144,158,158,254,254,266,285,285,299,299,337,349,377,434,446,474,503,30,47,47,149,149,166,176,189,189,189,224,237,248,300,332,347,347,347,359,359,359],"floor_reached":51,"playtime":9092,"items_purged":["Pain"],"score":720,"play_id":"910eb574-d7fb-4ac0-8c6e-8cedb88e7874","local_time":"20190118235117","is_ascension_mode":false,"campfire_choices":[{"data":"Strike_G","floor":6.0,"key":"PURGE"},{"data":"Defend_G","floor":15.0,"key":"PURGE"},{"data":"Writhe","floor":24.0,"key":"PURGE"},{"data":"Survivor","floor":32.0,"key":"PURGE"},{"data":"Defend_G+1","floor":46,"key":"PURGE"},{"data":"Madness","floor":49,"key":"SMITH"}],"neow_cost":"PERCENT_DAMAGE","seed_source_timestamp":0,"circlet_count":0,"master_deck":["Defend_G+1","Strike_G+1","Strike_G+1","Strike_G+1","Dodge and Roll+1","Footwork+1","Terror+1","Dash+1","Infinite Blades+1","Escape Plan+1","Backstab+1","Burst+1","Infinite Blades+1","Adrenaline+1","After Image+1","Leg Sweep+1","After Image+1","Burst+1","Crippling Poison+1","Malaise+1","Slice+1","Malaise+1","Expertise+1","Well Laid Plans+1","Skewer+1","PiercingWail+1","Noxious Fumes+1","Madness+1","Madness","Escape Plan"],"special_seed":0,"relics":["Ring of the Snake","Peace Pipe","WarpedTongs","Bag of Marbles","Centennial Puzzle","Gremlin Horn","Letter Opener","Coffee Dripper","MawBank","Vajra","Anchor","Medical Kit","Astrolabe","Shuriken","Mark of the Bloom","Whetstone","War Paint","Meat on the Bone"],"potions_floor_usage":[50,50,50],"damage_taken":[{"damage":0.0,"enemies":"Small Slimes","floor":1.0,"turns":4.0},{"damage":1.0,"enemies":"Cultist","floor":3.0,"turns":4.0},{"damage":7.0,"enemies":"3 Sentries","floor":7.0,"turns":15.0},{"damage":0.0,"enemies":"2 Louse","floor":8.0,"turns":2.0},{"damage":35.0,"enemies":"Gremlin Nob","floor":10.0,"turns":6.0},{"damage":4.0,"enemies":"Gremlin Gang","floor":11.0,"turns":6.0},{"damage":0.0,"enemies":"Red Slaver","floor":12.0,"turns":4.0},{"damage":0.0,"enemies":"Blue Slaver","floor":14.0,"turns":4.0},{"damage":4.0,"enemies":"Hexaghost","floor":16.0,"turns":11.0},{"damage":7.0,"enemies":"Shell Parasite","floor":18.0,"turns":6.0},{"damage":3.0,"enemies":"3 Byrds","floor":19.0,"turns":5.0},{"damage":5.0,"enemies":"Snake Plant","floor":21.0,"turns":5.0},{"damage":11.0,"enemies":"Book of Stabbing","floor":23.0,"turns":7.0},{"damage":12.0,"enemies":"Sentry and Sphere","floor":25.0,"turns":6.0},{"damage":4.0,"enemies":"Cultist and Chosen","floor":28.0,"turns":5.0},{"damage":0.0,"enemies":"Snake Plant","floor":29.0,"turns":4.0},{"damage":0.0,"enemies":"3 Cultists","floor":31.0,"turns":6.0},{"damage":1.0,"enemies":"Automaton","floor":33.0,"turns":10.0},{"damage":17.0,"enemies":"3 Shapes","floor":35.0,"turns":4.0},{"damage":0.0,"enemies":"Orb Walker","floor":36.0,"turns":4.0},{"damage":0.0,"enemies":"Jaw Worm Horde","floor":37.0,"turns":5.0},{"damage":0.0,"enemies":"Nemesis","floor":40.0,"turns":7.0},{"damage":3.0,"enemies":"4 Shapes","floor":41.0,"turns":4.0},{"damage":0.0,"enemies":"3 Darklings","floor":42.0,"turns":4.0},{"damage":1.0,"enemies":"Reptomancer","floor":44.0,"turns":6.0},{"damage":0,"enemies":"Transient","floor":45,"turns":5},{"damage":12,"enemies":"Jaw Worm Horde","floor":48,"turns":4},{"damage":8,"enemies":"Donu and Deca","floor":50,"turns":10}],"seed_played":"1992875571110468488","potions_obtained":[{"floor":8.0,"key":"SpeedPotion"},{"floor":11.0,"key":"Weak Potion"},{"floor":12.0,"key":"Swift Potion"},{"floor":21.0,"key":"Swift Potion"},{"floor":25.0,"key":"EssenceOfSteel"},{"floor":28.0,"key":"Fire Potion"},{"floor":31.0,"key":"GamblersBrew"},{"floor":35.0,"key":"Explosive Potion"},{"floor":37.0,"key":"AttackPotion"},{"floor":40.0,"key":"Ancient Potion"}],"is_trial":false,"path_per_floor":["M","?","M","$","T","R","E","M","T","E","M","M","?","M","R","B",null,"M","M","?","M","?","E","R","M","T","?","M","M","$","M","R","B",null,"M","M","M","T","?","E","M","M","T","E","M","R","?","M","R","B",null],"character_chosen":"THE_SILENT","items_purchased":["After Image","Burst","Medical Kit"],"campfire_rested":0,"item_purchase_floors":[30,30,30],"current_hp_per_floor":[49,49,48,48,48,48,41,41,41,6,2,2,25,25,25,21,70,63,60,60,55,55,44,44,32,32,32,28,28,28,28,28,27,70,53,53,53,53,53,53,50,50,50,49,49,49,40,28,28,20],"gold":359,"neow_bonus":"ONE_RARE_RELIC","is_prod":false,"is_daily":false,"chose_seed":false,"campfire_upgraded":1,"win_rate":0.0,"timestamp":1547873477,"path_taken":["M","?","M","$","?","R","E","M","T","E","M","M","?","M","R","BOSS","M","M","?","M","?","E","R","M","T","?","?","M","$","M","R","BOSS","M","M","M","?","?","E","M","M","T","E","M","R","?","M","R","BOSS"],"build_version":"2019-01-17v2","purchased_purges":1,"victory":true,"max_hp_per_floor":[70,70,70,70,70,70,70,70,70,70,70,70,70,70,70,70,70,70,70,70,70,70,70,70,70,70,70,70,70,70,70,70,70,70,70,70,70,70,70,70,70,70,70,70,70,70,70,70,70,70],"card_choices":[{"not_picked":["Sucker Punch","Caltrops"],"picked":"Dodge and Roll","floor":1.0},{"not_picked":["Reflex","Slice","Calculated Gamble"],"picked":"SKIP","floor":3.0},{"not_picked":["All Out Attack","Predator"],"picked":"Footwork","floor":7.0},{"not_picked":["Slice","Deflect"],"picked":"Terror","floor":8.0},{"not_picked":["Dagger Spray","Underhanded Strike"],"picked":"Dash","floor":10.0},{"not_picked":["Caltrops","Tactician"],"picked":"Infinite Blades","floor":11.0},{"not_picked":["Bane","Dagger Spray"],"picked":"Escape Plan","floor":12.0},{"not_picked":["Bane","Deadly Poison"],"picked":"Backstab","floor":14.0},{"not_picked":["Wraith Form v2","Venomology"],"picked":"Burst","floor":16.0},{"not_picked":["Deflect","Blade Dance"],"picked":"Infinite Blades","floor":18.0},{"not_picked":["Prepared","Tactician","Dagger Throw"],"picked":"SKIP","floor":19.0},{"not_picked":["Prepared","Infinite Blades","Heel Hook"],"picked":"SKIP","floor":21.0},{"not_picked":["Tactician","Eviscerate+1"],"picked":"Adrenaline","floor":23.0},{"not_picked":["Blade Dance","Outmaneuver","Prepared"],"picked":"SKIP","floor":25.0},{"not_picked":["Slice","Reflex+1","Sucker Punch"],"picked":"SKIP","floor":28.0},{"not_picked":["Dagger Spray","Bane+1"],"picked":"Leg Sweep","floor":29.0},{"not_picked":["Deadly Poison+1","Bane"],"picked":"Crippling Poison","floor":31.0},{"not_picked":["A Thousand Cuts","Night Terror"],"picked":"Malaise","floor":33.0},{"not_picked":["All Out Attack+1","Poisoned Stab"],"picked":"Well Laid Plans+1","floor":35.0},{"not_picked":["Prepared+1","Quick Slash+1"],"picked":"Skewer+1","floor":36.0},{"not_picked":["Dagger Spray+1","Slice"],"picked":"PiercingWail+1","floor":37.0},{"not_picked":["Slice","Glass Knife"],"picked":"Noxious Fumes+1","floor":40.0},{"not_picked":["Sucker Punch+1","Blade Dance+1","Slice"],"picked":"SKIP","floor":41.0},{"not_picked":["Dagger Throw","Riddle With Holes+1","Poisoned Stab"],"picked":"SKIP","floor":42.0},{"not_picked":["PiercingWail","Slice+1","Expertise+1"],"picked":"SKIP","floor":44},{"not_picked":["Footwork","Prepared","Dodge and Roll+1"],"picked":"SKIP","floor":45},{"not_picked":["PiercingWail","Dagger Throw"],"picked":"Escape Plan","floor":48}],"player_experience":27844,"relics_obtained":[{"floor":5.0,"key":"Bag of Marbles"},{"floor":7.0,"key":"Centennial Puzzle"},{"floor":9.0,"key":"Gremlin Horn"},{"floor":10.0,"key":"Letter Opener"},{"floor":23.0,"key":"Vajra"},{"floor":26.0,"key":"Anchor"},{"floor":38.0,"key":"Shuriken"},{"floor":40.0,"key":"Whetstone"},{"floor":43.0,"key":"War Paint"},{"floor":44,"key":"Meat on the Bone"}],"event_choices":[{"damage_healed":0.0,"max_hp_gain":0.0,"max_hp_loss":0.0,"gold_gain":0.0,"event_name":"Accursed Blacksmith","player_choice":"Rummage","floor":2.0,"gold_loss":0.0,"damage_taken":0.0,"relics_obtained":["WarpedTongs"],"cards_obtained":["Pain"]},{"damage_healed":23.0,"max_hp_gain":0.0,"max_hp_loss":0.0,"gold_gain":0.0,"event_name":"Big Fish","player_choice":"Banana","floor":13.0,"gold_loss":0.0,"damage_taken":0.0},{"damage_healed":0.0,"max_hp_gain":0.0,"max_hp_loss":0.0,"gold_gain":0.0,"event_name":"Ghosts","player_choice":"Ignored","floor":20.0,"gold_loss":0.0,"damage_taken":0.0},{"damage_healed":0.0,"max_hp_gain":0.0,"max_hp_loss":0.0,"gold_gain":0.0,"event_name":"The Mausoleum","player_choice":"Opened","floor":22.0,"gold_loss":0.0,"damage_taken":0.0,"relics_obtained":["MawBank"],"cards_obtained":["Writhe"]},{"damage_healed":0.0,"max_hp_gain":0.0,"max_hp_loss":0.0,"gold_gain":0.0,"cards_transformed":["Defend_G"],"event_name":"Transmorgrifier","player_choice":"Transformed","floor":27.0,"gold_loss":0.0,"damage_taken":0.0,"cards_obtained":["After Image"]},{"damage_healed":0.0,"max_hp_gain":0.0,"max_hp_loss":0.0,"gold_gain":0.0,"event_name":"MindBloom","player_choice":"Upgrade","floor":39.0,"gold_loss":0.0,"damage_taken":0.0,"cards_upgraded":["Defend_G","Defend_G","Strike_G","Strike_G","Strike_G","Dodge and Roll","Footwork","Terror","Dash","Infinite Blades","Escape Plan","Backstab","Burst","Infinite Blades","Adrenaline","After Image","Leg Sweep","After Image","Burst","Crippling Poison","Malaise"],"relics_obtained":["Mark of the Bloom"]},{"damage_healed":0,"gold_gain":0,"player_choice":"Embrace Madness","damage_taken":9,"max_hp_gain":0,"max_hp_loss":0,"event_name":"Winding Halls","floor":47,"gold_loss":0,"cards_obtained":["Madness","Madness"]}],"is_beta":false,"boss_relics":[{"not_picked":["Cursed Key","Snecko Eye"],"picked":"Coffee Dripper"},{"not_picked":["Runic Pyramid","Orrery"],"picked":"Astrolabe"}],"items_purged_floors":[4],"is_endless":false,"potions_floor_spawned":[8,11,12,21,25,28,31,35,37,40],"ascension_level":0}