{"gold_per_floor":[362,382,32,32,32,32,32,66,148,148,29,41,51,51,51,51],"floor_reached":16,"playtime":397,"items_purged":["Strike_R"],"score":147,"play_id":"9fde75d5-e989-4ed4-9397-b21083b51491","local_time":"20181124155613","is_ascension_mode":true,"campfire_choices":[{"data":"True Grit","floor":6,"key":"SMITH"},{"data":"Body Slam","floor":10,"key":"SMITH"},{"data":"Finesse","floor":15,"key":"SMITH"}],"neow_cost":"TEN_PERCENT_HP_LOSS","seed_source_timestamp":79357675822196,"circlet_count":0,"master_deck":["AscendersBane","Strike_R+1","Strike_R","Strike_R+1","Defend_R","Defend_R","Defend_R","Defend_R","Bash","True Grit+1","Thunderclap","Shockwave","Body Slam+1","Cleave","Finesse+1","Shrug It Off","Body Slam","Iron Wave"],"relics":["Burning Blood","Vajra","Question Card","Bottled Lightning"],"potions_floor_usage":[],"damage_taken":[{"damage":7,"enemies":"Small Slimes","floor":1,"turns":4},{"damage":3,"enemies":"2 Louse","floor":2,"turns":4},{"damage":28,"enemies":"Lagavulin","floor":8,"turns":7},{"damage":0,"enemies":"Cultist","floor":12,"turns":2},{"damage":4,"enemies":"Large Slime","floor":13,"turns":4},{"damage":49,"enemies":"Hexaghost","floor":16,"turns":14}],"seed_played":"-6933817420039434905","potions_obtained":[{"floor":8,"key":"Explosive Potion"},{"floor":13,"key":"Dexterity Potion"}],"is_trial":false,"path_per_floor":["M","M","$","?","?","R","?","E","T","R","$","M","M","$","R","B"],"character_chosen":"IRONCLAD","items_purchased":["Vajra","Shockwave","Body Slam","Finesse","Shrug It Off"],"campfire_rested":0,"item_purchase_floors":[3,3,3,11,11],"current_hp_per_floor":[71,72,72,58,63,63,63,41,41,41,41,47,49,49,49,0],"gold":51,"neow_bonus":"TWO_FIFTY_GOLD","is_prod":false,"is_daily":false,"chose_seed":false,"campfire_upgraded":3,"win_rate":0,"timestamp":1543074973,"path_taken":["M","M","$","?","?","R","?","E","T","R","$","M","?","$","R","BOSS"],"build_version":"2018-11-15","purchased_purges":1,"victory":false,"max_hp_per_floor":[72,72,72,72,77,77,77,77,77,77,77,77,77,77,77,77],"card_choices":[{"not_picked":["Wild Strike","Seeing Red"],"picked":"True Grit","floor":1},{"not_picked":["Flame Barrier","Searing Blow"],"picked":"Thunderclap","floor":2},{"not_picked":["Berserk","Perfected Strike"],"picked":"Cleave","floor":8},{"not_picked":["Pummel","True Grit","Disarm"],"picked":"Body Slam","floor":12},{"not_picked":["Havoc","Fiend Fire","Pummel"],"picked":"Iron Wave","floor":13}],"player_experience":203581,"relics_obtained":[{"floor":8,"key":"Question Card"},{"floor":9,"key":"Bottled Lightning"}],"event_choices":[{"damage_healed":0,"gold_gain":0,"player_choice":"Entered Light","damage_taken":14,"max_hp_gain":0,"max_hp_loss":0,"event_name":"Shining Light","floor":4,"gold_loss":0,"cards_upgraded":["Strike_R","Strike_R"]},{"damage_healed":0,"gold_gain":0,"player_choice":"Donut","damage_taken":0,"max_hp_gain":5,"max_hp_loss":0,"event_name":"Big Fish","floor":5,"gold_loss":0},{"cards_removed":["Strike_R"],"damage_healed":0,"gold_gain":0,"player_choice":"Purged","damage_taken":0,"max_hp_gain":0,"max_hp_loss":0,"event_name":"Purifier","floor":7,"gold_loss":0}],"is_beta":false,"boss_relics":[],"items_purged_floors":[3],"is_endless":false,"potions_floor_spawned":[8,13],"killed_by":"Hexaghost","ascension_level":10}