{"gold_per_floor":[109,127,138,23,35,35,54,67,67,132,167,180,180,20,20,94,94,107,7,7,23,41,41,41,41,92,92],"floor_reached":27,"playtime":619,"items_purged":["Defend_R","Defend_R"],"score":391,"play_id":"0942d28c-dd39-49db-a96b-0d6c7cf58044","local_time":"20181214223328","is_ascension_mode":true,"campfire_choices":[{"data":"True Grit","floor":6,"key":"SMITH"},{"data":"Clash","floor":13,"key":"SMITH"},{"data":"Dual Wield","floor":15,"key":"SMITH"},{"data":"Whirlwind","floor":23,"key":"SMITH"},{"data":"Uppercut","floor":24,"key":"SMITH"}],"neow_cost":"NONE","seed_source_timestamp":120172600736454,"circlet_count":0,"master_deck":["AscendersBane","Defend_R+1","Defend_R+1","Bash","True Grit+1","Anger","Clash+1","Thunderclap","Dropkick","Thunderclap","Uppercut+1","Dual Wield+1","Panacea","Whirlwind+1","Bite","Bite","Bite","Bite","Bite"],"relics":["Burning Blood","NeowsBlessing","Calipers","WingedGreaves","FossilizedHelix","Philosopher\u0027s Stone","Smiling Mask"],"potions_floor_usage":[7,11],"damage_taken":[{"damage":0,"enemies":"Cultist","floor":1,"turns":2},{"damage":0,"enemies":"Jaw Worm","floor":2,"turns":1},{"damage":0,"enemies":"2 Louse","floor":3,"turns":1},{"damage":4,"enemies":"Large Slime","floor":5,"turns":5},{"damage":1,"enemies":"Blue Slaver","floor":7,"turns":3},{"damage":0,"enemies":"Looter","floor":8,"turns":1},{"damage":28,"enemies":"3 Sentries","floor":10,"turns":9},{"damage":10,"enemies":"Gremlin Nob","floor":11,"turns":3},{"damage":10,"enemies":"Exordium Thugs","floor":12,"turns":6},{"damage":7,"enemies":"Slime Boss","floor":16,"turns":10},{"damage":29,"enemies":"2 Thieves","floor":18,"turns":4},{"damage":5,"enemies":"Chosen","floor":21,"turns":2},{"damage":12,"enemies":"3 Cultists","floor":22,"turns":5},{"damage":52,"enemies":"Slavers","floor":27,"turns":3}],"seed_played":"857930557941552181","potions_obtained":[{"floor":3,"key":"Block Potion"},{"floor":7,"key":"Dexterity Potion"},{"floor":10,"key":"SteroidPotion"},{"floor":12,"key":"Dexterity Potion"}],"is_trial":false,"path_per_floor":["M","M","M","$","M","R","M","M","T","?","E","M","R","$","R","B",null,"M","$","?","M","M","R","R","?","T","E"],"character_chosen":"IRONCLAD","items_purchased":["Thunderclap","Dropkick","Panacea"],"campfire_rested":0,"item_purchase_floors":[4,4,14],"current_hp_per_floor":[74,75,75,75,75,75,75,75,75,53,49,45,45,45,45,44,67,44,44,44,45,39,39,39,39,39,0],"gold":92,"neow_bonus":"THREE_ENEMY_KILL","is_prod":false,"is_daily":false,"chose_seed":false,"campfire_upgraded":5,"win_rate":0,"timestamp":1544826808,"path_taken":["M","M","M","$","?","R","M","M","T","?","E","M","R","$","R","BOSS","M","$","?","M","M","R","R","?","T","E"],"build_version":"2018-12-13","purchased_purges":2,"victory":false,"max_hp_per_floor":[75,75,75,75,75,75,75,75,75,75,75,75,75,75,75,75,75,75,75,75,75,75,75,75,52,52,52],"card_choices":[{"not_picked":["Dual Wield","Sword Boomerang"],"picked":"True Grit","floor":1},{"not_picked":["Iron Wave","Entrench"],"picked":"Anger","floor":2},{"not_picked":["Anger","Perfected Strike"],"picked":"Clash","floor":3},{"not_picked":["Blood for Blood","Wild Strike"],"picked":"Thunderclap","floor":5},{"not_picked":["Wild Strike","Cleave"],"picked":"Uppercut","floor":7},{"not_picked":["Body Slam","Anger","Headbutt"],"picked":"SKIP","floor":8},{"not_picked":["Sever Soul","True Grit"],"picked":"Dual Wield","floor":11},{"not_picked":["Perfected Strike","Spot Weakness","Twin Strike"],"picked":"SKIP","floor":12},{"not_picked":["Pummel","Twin Strike","Evolve"],"picked":"SKIP","floor":18},{"not_picked":["Armaments","True Grit","Iron Wave"],"picked":"SKIP","floor":21},{"not_picked":["Iron Wave","Havoc"],"picked":"Whirlwind","floor":22}],"player_experience":264842,"relics_obtained":[{"floor":9,"key":"Calipers"},{"floor":11,"key":"FossilizedHelix"},{"floor":26,"key":"Smiling Mask"}],"event_choices":[{"damage_healed":0,"gold_gain":0,"player_choice":"Searched \u00273\u0027 times","damage_taken":0,"relics_obtained":["WingedGreaves"],"max_hp_gain":0,"max_hp_loss":0,"event_name":"Dead Adventurer","floor":10,"gold_loss":0},{"damage_healed":0,"gold_gain":0,"player_choice":"Simplicity","damage_taken":0,"max_hp_gain":0,"max_hp_loss":0,"event_name":"Back to Basics","floor":20,"gold_loss":0,"cards_upgraded":["Strike_R","Strike_R","Strike_R","Strike_R","Strike_R","Defend_R","Defend_R"]},{"damage_healed":0,"gold_gain":0,"player_choice":"Became a vampire","damage_taken":0,"max_hp_gain":0,"max_hp_loss":23,"event_name":"Vampires","floor":25,"gold_loss":0,"cards_obtained":["Bite","Bite","Bite","Bite","Bite"]}],"is_beta":false,"boss_relics":[{"not_picked":["Runic Cube","White Beast Statue"],"picked":"Philosopher\u0027s Stone"}],"items_purged_floors":[14,19],"is_endless":false,"potions_floor_spawned":[3,7,10,12],"killed_by":"Slavers","ascension_level":14}