{"gold_per_floor":[411,27,27,41,54,54,64,64,149,72,82,100,129,141,141,141],"floor_reached":16,"playtime":1458,"items_purged":["Doubt"],"score":125,"play_id":"111f0235-4bb8-4cc0-b67a-f84708f65d65","local_time":"20190102194458","is_ascension_mode":true,"campfire_choices":[{"data":"1","floor":6,"key":"LIFT"},{"data":"Barricade","floor":15,"key":"SMITH"}],"neow_cost":"CURSE","seed_source_timestamp":3211039574271128,"circlet_count":0,"master_deck":["Strike_R","Strike_R","Strike_R","Strike_R","Defend_R","Defend_R","Defend_R","Defend_R","Bash","Metallicize","Flex","Battle Trance","Cleave","Barricade+1"],"relics":["Burning Blood","Old Coin","Girya","Tiny Chest","Blood Vial","Regal Pillow"],"potions_floor_usage":[13,13],"damage_taken":[{"damage":13,"enemies":"Jaw Worm","floor":1,"turns":5},{"damage":7,"enemies":"Cultist","floor":4,"turns":4},{"damage":5,"enemies":"2 Louse","floor":5,"turns":4},{"damage":9,"enemies":"2 Fungi Beasts","floor":7,"turns":4},{"damage":23,"enemies":"Exordium Thugs","floor":11,"turns":5},{"damage":15,"enemies":"3 Louse","floor":12,"turns":3},{"damage":34,"enemies":"3 Sentries","floor":13,"turns":9},{"damage":6,"enemies":"2 Fungi Beasts","floor":14,"turns":3},{"damage":31,"enemies":"Hexaghost","floor":16,"turns":11}],"seed_played":"-1276191730878175151","potions_obtained":[{"floor":11,"key":"Weak Potion"},{"floor":12,"key":"Block Potion"}],"is_trial":false,"path_per_floor":["M","$","?","M","M","R","M","?","T","?","M","M","E","M","R","B"],"character_chosen":"IRONCLAD","items_purchased":["Girya"],"campfire_rested":0,"item_purchase_floors":[2],"current_hp_per_floor":[73,73,73,72,73,73,70,70,70,70,55,48,22,24,24,0],"gold":141,"neow_bonus":"ONE_RARE_RELIC","is_prod":false,"is_daily":false,"chose_seed":false,"campfire_upgraded":1,"win_rate":0,"timestamp":1546487098,"path_taken":["M","$","?","?","M","R","M","?","T","?","M","?","E","M","R","BOSS"],"build_version":"2018-12-20","purchased_purges":1,"victory":false,"max_hp_per_floor":[80,80,80,80,80,80,80,80,80,80,80,80,80,80,80,80],"card_choices":[{"not_picked":["Power Through","Iron Wave"],"picked":"Metallicize","floor":1},{"not_picked":["Combust","Disarm"],"picked":"Flex","floor":4},{"not_picked":["Infernal Blade","Carnage"],"picked":"Battle Trance","floor":5},{"not_picked":["Anger","Havoc","Intimidate"],"picked":"SKIP","floor":7},{"not_picked":["Intimidate","Rampage"],"picked":"Cleave","floor":11},{"not_picked":["Burning Pact","Carnage","Feel No Pain"],"picked":"SKIP","floor":12},{"not_picked":["Twin Strike","Seeing Red"],"picked":"Barricade","floor":13},{"not_picked":["True Grit","Warcry","Bloodletting"],"picked":"SKIP","floor":14}],"player_experience":195090,"relics_obtained":[{"floor":9,"key":"Tiny Chest"},{"floor":13,"key":"Regal Pillow"}],"event_choices":[{"cards_removed":["Strike_R"],"damage_healed":0,"gold_gain":0,"player_choice":"Purged","damage_taken":0,"max_hp_gain":0,"max_hp_loss":0,"event_name":"Purifier","floor":3,"gold_loss":0},{"damage_healed":0,"gold_gain":0,"player_choice":"Ignored","damage_taken":0,"max_hp_gain":0,"max_hp_loss":0,"event_name":"Liars Game","floor":8,"gold_loss":0},{"damage_healed":0,"gold_gain":0,"player_choice":"Paid Gold","damage_taken":0,"relics_obtained":["Blood Vial"],"max_hp_gain":0,"max_hp_loss":0,"event_name":"WeMeetAgain","floor":10,"gold_loss":77}],"is_beta":false,"boss_relics":[],"items_purged_floors":[2],"is_endless":false,"potions_floor_spawned":[11,12],"killed_by":"Hexaghost","ascension_level":4}