{"gold_per_floor":[119,133,145,162,182,182,211,231,279,294,294,294,294,193,193,288,288,304,319,418,418,8,8,18,18,18,31,31,31,31,362,362,460,460,471,571,583,137,137,137,137],"floor_reached":41,"playtime":5931,"items_purged":["Defend_B","Strike_B"],"score":505,"play_id":"d96a9d5b-48b1-4893-9718-536097ab3682","local_time":"20190128210740","is_ascension_mode":true,"campfire_choices":[{"floor":6,"key":"REST"},{"floor":12,"key":"REST"},{"data":"Defragment","floor":15,"key":"SMITH"},{"data":"Fission","floor":23,"key":"SMITH"},{"data":"Reinforced Body","floor":25,"key":"SMITH"},{"data":"Conserve Battery","floor":29,"key":"SMITH"},{"floor":32,"key":"RECALL"},{"floor":40,"key":"REST"}],"neow_cost":"NONE","seed_source_timestamp":5984576143057,"circlet_count":0,"master_deck":["Strike_B","Strike_B","Defend_B","Defend_B","Defend_B","Zap","Dualcast","Meteor Strike","Rebound","Conserve Battery+1","Defragment+1","Reinforced Body+1","FTL","Cold Snap","Self Repair","Doom and Gloom","Beam Cell","Fission+1","Gash","Cold Snap","Hologram+1","Rebound+1","Coolheaded+1","Seek","Stack","Turbo","Hologram"],"relics":["Cracked Core","Omamori","Lantern","Snecko Eye","Incense Burner","Cables","Old Coin","Runic Pyramid","Pocketwatch","Anchor","StoneCalendar"],"potions_floor_usage":[16,18,31,33,37],"damage_taken":[{"damage":1,"enemies":"Cultist","floor":1,"turns":3},{"damage":7,"enemies":"Small Slimes","floor":2,"turns":2},{"damage":2,"enemies":"Jaw Worm","floor":3,"turns":4},{"damage":11,"enemies":"Looter","floor":4,"turns":3},{"damage":3,"enemies":"2 Fungi Beasts","floor":5,"turns":4},{"damage":28,"enemies":"3 Sentries","floor":7,"turns":8},{"damage":0,"enemies":"Large Slime","floor":8,"turns":4},{"damage":16,"enemies":"3 Louse","floor":10,"turns":3},{"damage":26,"enemies":"Slime Boss","floor":16,"turns":9},{"damage":0,"enemies":"3 Byrds","floor":18,"turns":2},{"damage":6,"enemies":"Shell Parasite","floor":19,"turns":4},{"damage":0,"enemies":"Snecko","floor":24,"turns":3},{"damage":0,"enemies":"Chosen and Byrds","floor":27,"turns":3},{"damage":0,"enemies":"Gremlin Leader","floor":31,"turns":3},{"damage":32,"enemies":"Champ","floor":33,"turns":8},{"damage":54,"enemies":"3 Darklings","floor":35,"turns":4},{"damage":0,"enemies":"Mind Bloom Boss Battle","floor":36,"turns":6},{"damage":20,"enemies":"3 Shapes","floor":37,"turns":2},{"damage":43,"enemies":"Giant Head","floor":41,"turns":8}],"seed_played":"789687946404886200","potions_obtained":[{"floor":1,"key":"PowerPotion"},{"floor":5,"key":"SteroidPotion"},{"floor":8,"key":"SkillPotion"},{"floor":16,"key":"LiquidBronze"},{"floor":19,"key":"Regen Potion"},{"floor":31,"key":"FearPotion"},{"floor":33,"key":"Regen Potion"}],"is_trial":false,"path_per_floor":["M","M","M","M","M","R","E","M","T","M","?","R","?","$","R","B",null,"M","M","?","?","$","R","M","R","T","M","?","R","?","E","R","B",null,"M","?","M","$","?","R","E"],"character_chosen":"DEFECT","items_purchased":["Beam Cell","Incense Burner","Anchor","StoneCalendar"],"campfire_rested":3,"item_purchase_floors":[14,22,38,38],"current_hp_per_floor":[74,67,65,54,51,73,45,45,45,29,29,51,51,51,51,32,75,75,75,75,75,75,75,75,75,75,75,75,75,75,75,75,50,75,21,28,20,20,20,42,0],"gold":137,"neow_bonus":"ONE_RANDOM_RARE_CARD","is_prod":false,"is_daily":false,"chose_seed":false,"campfire_upgraded":4,"win_rate":0,"timestamp":1548738460,"path_taken":["M","M","M","M","M","R","E","M","T","M","?","R","?","$","R","BOSS","M","M","?","?","$","R","M","R","T","M","?","R","?","E","R","BOSS","M","?","M","$","?","R","E"],"build_version":"2019-01-23","purchased_purges":2,"victory":false,"max_hp_per_floor":[75,75,75,75,75,75,75,75,75,75,75,75,75,75,75,75,75,75,75,75,75,75,75,75,75,75,75,75,75,75,75,75,75,75,75,75,75,75,75,75,75],"card_choices":[{"not_picked":["Capacitor","Steam"],"picked":"Rebound","floor":1},{"not_picked":["Hello World","Static Discharge"],"picked":"Conserve Battery","floor":2},{"not_picked":["Redo","Gash"],"picked":"Defragment","floor":3},{"not_picked":["Stack","Tempest"],"picked":"Reinforced Body","floor":4},{"not_picked":["Steam Power","Rebound"],"picked":"FTL","floor":5},{"not_picked":["Beam Cell","Barrage"],"picked":"Cold Snap","floor":7},{"not_picked":["Rebound","Conserve Battery"],"picked":"Self Repair","floor":8},{"not_picked":["White Noise","Beam Cell"],"picked":"Doom and Gloom","floor":10},{"not_picked":["Hyperbeam","Core Surge"],"picked":"Fission","floor":16},{"not_picked":["Tempest","Loop"],"picked":"Gash","floor":18},{"not_picked":["Leap","Stack"],"picked":"Cold Snap","floor":19},{"not_picked":["Steam","Reprogram"],"picked":"Hologram+1","floor":24},{"not_picked":["Turbo","White Noise"],"picked":"Rebound+1","floor":27},{"not_picked":["Steam","Defragment"],"picked":"Coolheaded+1","floor":31},{"not_picked":["Reboot","Electrodynamics"],"picked":"Seek","floor":33},{"not_picked":["Heatsinks","Melter"],"picked":"Stack","floor":35},{"not_picked":["Ball Lightning+1","Sweeping Beam+1"],"picked":"Turbo","floor":36},{"not_picked":["Conserve Battery","Consume"],"picked":"Hologram","floor":37}],"player_experience":348257,"relics_obtained":[{"floor":7,"key":"Omamori"},{"floor":9,"key":"Lantern"},{"floor":26,"key":"Cables"},{"floor":31,"key":"Old Coin"},{"floor":36,"key":"Pocketwatch"}],"event_choices":[{"damage_healed":0,"gold_gain":0,"player_choice":"Searched \u00270\u0027 times","damage_taken":0,"max_hp_gain":0,"max_hp_loss":0,"event_name":"Dead Adventurer","floor":11,"gold_loss":0},{"damage_healed":0,"gold_gain":0,"player_choice":"Ignored","damage_taken":0,"max_hp_gain":0,"max_hp_loss":0,"event_name":"Liars Game","floor":13,"gold_loss":0},{"damage_healed":0,"gold_gain":99,"player_choice":"Stole From Cult","damage_taken":0,"max_hp_gain":0,"max_hp_loss":0,"event_name":"Nest","floor":20,"gold_loss":0},{"damage_healed":0,"gold_gain":0,"player_choice":"Ignored","damage_taken":0,"max_hp_gain":0,"max_hp_loss":0,"event_name":"Ghosts","floor":21,"gold_loss":0},{"damage_healed":0,"gold_gain":0,"player_choice":"Ignored","damage_taken":0,"max_hp_gain":0,"max_hp_loss":0,"event_name":"Vampires","floor":28,"gold_loss":0},{"cards_removed":["Strike_B"],"damage_healed":0,"gold_gain":0,"player_choice":"Elegance","damage_taken":0,"max_hp_gain":0,"max_hp_loss":0,"event_name":"Back to Basics","floor":30,"gold_loss":0},{"damage_healed":0,"gold_gain":0,"player_choice":"Fight","damage_taken":0,"max_hp_gain":0,"max_hp_loss":0,"event_name":"MindBloom","floor":36,"gold_loss":0},{"damage_healed":0,"gold_gain":0,"player_choice":"Ignored","damage_taken":0,"max_hp_gain":0,"max_hp_loss":0,"event_name":"Mysterious Sphere","floor":39,"gold_loss":0}],"is_beta":false,"boss_relics":[{"not_picked":["Astrolabe","Velvet Choker"],"picked":"Snecko Eye"},{"not_picked":["White Beast Statue","Eternal Feather"],"picked":"Runic Pyramid"}],"items_purged_floors":[14,22],"is_endless":false,"potions_floor_spawned":[1,5,8,16,19,31,33,36],"killed_by":"Giant Head","ascension_level":2}