{"gold_per_floor":[116,116,130,145,125,150,162,194,206,231,65,79,254,270,270,270],"floor_reached":16,"playtime":1001,"items_purged":[],"score":156,"play_id":"d91c4dee-1e5c-43f5-a66d-b1c4caaea41d","local_time":"20190113204739","is_ascension_mode":true,"campfire_choices":[{"data":"Whirlwind","floor":15,"key":"SMITH"}],"neow_cost":"NONE","seed_source_timestamp":270504701253864,"circlet_count":0,"master_deck":["AscendersBane","Strike_R","Strike_R","Strike_R","Strike_R","Strike_R","Defend_R","Defend_R","Defend_R","Defend_R","Bash","Shrug It Off","Bash","Whirlwind+1","Feed","Battle Trance","Doubt"],"relics":["Burning Blood","NeowsBlessing","MawBank","The Courier","Oddly Smooth Stone"],"potions_floor_usage":[6,6,8,12,16,16],"damage_taken":[{"damage":0,"enemies":"Jaw Worm","floor":1,"turns":1},{"damage":0,"enemies":"Cultist","floor":3,"turns":1},{"damage":0,"enemies":"2 Louse","floor":4,"turns":1},{"damage":32,"enemies":"Lagavulin","floor":6,"turns":6},{"damage":27,"enemies":"Exordium Thugs","floor":8,"turns":5},{"damage":17,"enemies":"Looter","floor":10,"turns":3},{"damage":0,"enemies":"2 Fungi Beasts","floor":12,"turns":2},{"damage":5,"enemies":"Gremlin Gang","floor":14,"turns":4},{"damage":34,"enemies":"Hexaghost","floor":16,"turns":11}],"seed_played":"616861787691198943","potions_obtained":[{"floor":1,"key":"FearPotion"},{"floor":4,"key":"Energy Potion"},{"floor":5,"key":"AttackPotion"},{"floor":6,"key":"LiquidBronze"},{"floor":10,"key":"AttackPotion"},{"floor":12,"key":"Energy Potion"}],"is_trial":false,"path_per_floor":["M","?","M","M","?","E","$","M","T","M","$","M","?","M","R","B"],"character_chosen":"IRONCLAD","items_purchased":["Feed","Oddly Smooth Stone"],"campfire_rested":0,"item_purchase_floors":[11,11],"current_hp_per_floor":[78,78,80,80,80,54,54,33,33,22,22,28,28,32,32,0],"gold":270,"neow_bonus":"THREE_ENEMY_KILL","is_prod":false,"is_daily":false,"chose_seed":false,"campfire_upgraded":1,"win_rate":0,"timestamp":1547441259,"path_taken":["M","?","M","?","?","E","?","M","T","M","$","M","?","?","R","BOSS"],"build_version":"2019-01-10","purchased_purges":0,"victory":false,"max_hp_per_floor":[80,80,80,80,80,80,80,80,80,80,80,80,80,83,83,83],"card_choices":[{"not_picked":["Combust","Blood for Blood"],"picked":"Shrug It Off","floor":1},{"not_picked":["Cleave","Wild Strike","Feel No Pain"],"picked":"SKIP","floor":3},{"not_picked":["Feel No Pain","Twin Strike","Headbutt"],"picked":"SKIP","floor":4},{"not_picked":["Rampage","Cleave"],"picked":"Whirlwind","floor":6},{"not_picked":["Headbutt","Thunderclap","Entrench"],"picked":"SKIP","floor":8},{"not_picked":["Burning Pact","Warcry","Armaments"],"picked":"SKIP","floor":10},{"not_picked":["Thunderclap","Clash"],"picked":"Battle Trance","floor":12},{"not_picked":["Wild Strike","Rupture","Blood for Blood"],"picked":"SKIP","floor":14}],"player_experience":297791,"relics_obtained":[{"floor":6,"key":"MawBank"},{"floor":9,"key":"The Courier"}],"event_choices":[{"damage_healed":0,"gold_gain":0,"player_choice":"1 cards matched","damage_taken":0,"max_hp_gain":0,"max_hp_loss":0,"event_name":"Match and Keep!","floor":2,"gold_loss":0,"cards_obtained":["Bash"]},{"damage_healed":0,"gold_gain":0,"player_choice":"Bought 1 Potion","damage_taken":0,"max_hp_gain":0,"max_hp_loss":0,"event_name":"The Woman in Blue","floor":5,"gold_loss":0},{"damage_healed":0,"gold_gain":175,"player_choice":"AGREE","damage_taken":0,"max_hp_gain":0,"max_hp_loss":0,"event_name":"Liars Game","floor":13,"gold_loss":0,"cards_obtained":["Doubt"]}],"is_beta":false,"boss_relics":[],"items_purged_floors":[],"is_endless":false,"potions_floor_spawned":[1,4,6,10,12],"killed_by":"Hexaghost","ascension_level":10}