{"gold_per_floor":[111,111,130,130,80,80,98,98,121,144,144,158,158,173,173,298,298,312,325,6,24,39,78,78,78],"floor_reached":25,"playtime":1341,"items_purged":[],"score":269,"play_id":"429d7e85-00b3-4dad-9fa9-3a80fd2e0474","local_time":"20180826192103","is_ascension_mode":true,"campfire_choices":[{"data":"Accuracy","floor":6,"key":"SMITH"},{"floor":8,"key":"REST"},{"data":"Infinite Blades","floor":13,"key":"SMITH"},{"data":"Cloak And Dagger","floor":15,"key":"SMITH"},{"floor":24,"key":"REST"}],"neow_cost":"NONE","seed_source_timestamp":408910974373111,"circlet_count":0,"master_deck":["Defend_G","Defend_G","Defend_G","Defend_G","Strike_G","Strike_G","Strike_G","Survivor","Neutralize","Flying Knee","Accuracy+1","Dagger Spray","Finisher","Infinite Blades+1","Cloak And Dagger+1","Unload","Escape Plan","Dodge and Roll","Footwork","Backflip","Footwork","Quick Slash"],"relics":["Empty Cage","Shuriken","Golden Idol","Bronze Scales","Black Star","Lee\u0027s Waffle","Dream Catcher","Pen Nib"],"potions_floor_usage":[18,22,25,25],"damage_taken":[{"damage":1,"enemies":"Cultist","floor":1,"turns":4},{"damage":4,"enemies":"2 Louse","floor":3,"turns":3},{"damage":0,"enemies":"Small Slimes","floor":7,"turns":3},{"damage":7,"enemies":"Blue Slaver","floor":10,"turns":3},{"damage":0,"enemies":"Large Slime","floor":12,"turns":5},{"damage":10,"enemies":"Red Slaver","floor":14,"turns":3},{"damage":17,"enemies":"The Guardian","floor":16,"turns":8},{"damage":24,"enemies":"Spheric Guardian","floor":18,"turns":4},{"damage":28,"enemies":"2 Thieves","floor":19,"turns":4},{"damage":16,"enemies":"Snake Plant","floor":21,"turns":3},{"damage":9,"enemies":"Snecko","floor":22,"turns":4},{"damage":30,"enemies":"Gremlin Leader","floor":23,"turns":7},{"damage":53,"enemies":"Slavers","floor":25,"turns":3}],"seed_played":"-3830224174140316616","potions_obtained":[{"floor":10,"key":"SkillPotion"},{"floor":12,"key":"Poison Potion"},{"floor":14,"key":"Weak Potion"},{"floor":18,"key":"Poison Potion"},{"floor":21,"key":"AttackPotion"}],"is_trial":false,"path_per_floor":["M","T","M","?","?","R","M","R","T","M","?","M","R","M","R","B",null,"M","M","$","M","M","E","R"],"character_chosen":"THE_SILENT","items_purchased":["Lee\u0027s Waffle","Footwork","Backflip"],"campfire_rested":2,"item_purchase_floors":[20,20,20],"current_hp_per_floor":[69,69,65,48,48,48,48,69,69,62,67,67,67,57,57,40,66,42,14,82,66,57,27,51,0],"gold":78,"neow_bonus":"BOSS_RELIC","is_prod":false,"is_daily":false,"chose_seed":false,"campfire_upgraded":3,"win_rate":0,"timestamp":1535329263,"path_taken":["M","?","?","?","?","R","M","R","T","?","?","?","R","M","R","BOSS","M","?","$","M","M","E","R","E"],"build_version":"2018-08-23v2","purchased_purges":0,"victory":false,"max_hp_per_floor":[70,70,70,70,70,70,70,70,70,70,75,75,75,75,75,75,75,75,75,82,82,82,82,82,82],"card_choices":[{"not_picked":["Bane","Underhanded Strike"],"picked":"Flying Knee","floor":1},{"not_picked":["Calculated Gamble","Poisoned Stab"],"picked":"Accuracy","floor":3},{"not_picked":["Expertise","Acrobatics"],"picked":"Dagger Spray","floor":7},{"not_picked":["Dash","Blade Dance"],"picked":"Finisher","floor":10},{"not_picked":["Dagger Spray","Slice"],"picked":"Infinite Blades","floor":12},{"not_picked":["Caltrops","Calculated Gamble"],"picked":"Cloak And Dagger","floor":14},{"not_picked":["Storm of Steel","Bullet Time"],"picked":"Unload","floor":16},{"not_picked":["Quick Slash+1","Flying Knee"],"picked":"Escape Plan","floor":18},{"not_picked":["Quick Slash","Bouncing Flask+1"],"picked":"Dodge and Roll","floor":19},{"not_picked":["Deflect","Bane"],"picked":"Footwork","floor":21},{"not_picked":["Choke+1","Flying Knee","Underhanded Strike+1"],"picked":"SKIP","floor":22},{"not_picked":["Deadly Poison","Skewer"],"picked":"Quick Slash","floor":23}],"player_experience":243110,"relics_obtained":[{"floor":2,"key":"Shuriken"},{"floor":9,"key":"Bronze Scales"},{"floor":23,"key":"Dream Catcher"},{"floor":23,"key":"Pen Nib"}],"event_choices":[{"event_name":"Golden Idol","player_choice":"Take Damage","floor":4,"damage_taken":0},{"event_name":"The Cleric","player_choice":"Card Removal","floor":5,"damage_taken":0},{"event_name":"Big Fish","player_choice":"Donut","floor":11,"damage_taken":0}],"is_beta":false,"boss_relics":[{"not_picked":["Astrolabe","HoveringKite"],"picked":"Black Star"}],"items_purged_floors":[],"is_endless":false,"potions_floor_spawned":[10,12,14,18,21],"killed_by":"Slavers","ascension_level":5}