{"gold_per_floor":[166,186,18,93,108,136,136,125,174,188,206,235,16,16,16,114,114,88,108,123,48,1,1,1,36,36,135,151,168,17,33,33,132,132,152,152,21,35,35,35,67,78,125,125,125,140,18,28,28,28],"floor_reached":51,"playtime":1908,"items_purged":["Strike_G","Strike_G","Strike_G","Defend_G","Strike_G"],"score":767,"play_id":"442eb9e9-216c-4a30-99ed-5a4913c0b3af","local_time":"20180930162920","is_ascension_mode":true,"campfire_choices":[{"data":"Leg Sweep","floor":7,"key":"SMITH"},{"floor":15,"key":"REST"},{"floor":23,"key":"REST"},{"floor":32,"key":"REST"},{"data":"Envenom","floor":40,"key":"SMITH"},{"floor":49,"key":"REST"}],"neow_cost":"NONE","seed_source_timestamp":5287798071226,"circlet_count":0,"master_deck":["Defend_G","Defend_G","Defend_G","Defend_G+1","Survivor","Neutralize+1","Noxious Fumes","Bane","Leg Sweep+1","Bane","Dagger Spray","Venomology","Cloak And Dagger+1","Footwork","Envenom+1","Poisoned Stab+1","Backflip","Finesse","Quick Slash","Panacea+1","Footwork","Noxious Fumes"],"relics":["Tiny House","Matryoshka","Oddly Smooth Stone","Blood Vial","Happy Flower","Eternal Feather","Pear","Smiling Mask","War Paint","Busted Crown","StoneCalendar","Gremlin Horn","Bronze Scales"],"potions_floor_usage":[6,8,12,16,18,18,18,25,28,32,35,38,39,41,50,50,50,50],"damage_taken":[{"damage":0,"enemies":"Small Slimes","floor":1,"turns":4},{"damage":2,"enemies":"Jaw Worm","floor":2,"turns":6},{"damage":0,"enemies":"Cultist","floor":5,"turns":4},{"damage":24,"enemies":"Gremlin Nob","floor":6,"turns":6},{"damage":12,"enemies":"Exordium Thugs","floor":8,"turns":5},{"damage":6,"enemies":"Blue Slaver","floor":10,"turns":4},{"damage":1,"enemies":"Looter","floor":11,"turns":4},{"damage":7,"enemies":"Lagavulin","floor":12,"turns":6},{"damage":17,"enemies":"Hexaghost","floor":16,"turns":11},{"damage":17,"enemies":"2 Thieves","floor":18,"turns":5},{"damage":22,"enemies":"3 Byrds","floor":19,"turns":7},{"damage":21,"enemies":"Snake Plant","floor":20,"turns":5},{"damage":10,"enemies":"Book of Stabbing","floor":25,"turns":10},{"damage":13,"enemies":"3 Cultists","floor":28,"turns":8},{"damage":0,"enemies":"Snecko","floor":29,"turns":6},{"damage":10,"enemies":"Sentry and Sphere","floor":31,"turns":8},{"damage":45,"enemies":"Automaton","floor":33,"turns":12},{"damage":4,"enemies":"3 Shapes","floor":35,"turns":9},{"damage":0,"enemies":"3 Darklings","floor":38,"turns":6},{"damage":0,"enemies":"Mind Bloom Boss Battle","floor":39,"turns":9},{"damage":23,"enemies":"Nemesis","floor":41,"turns":9},{"damage":22,"enemies":"Spire Growth","floor":42,"turns":7},{"damage":19,"enemies":"4 Shapes","floor":46,"turns":7},{"damage":2,"enemies":"Transient","floor":48,"turns":5},{"damage":70,"enemies":"Time Eater","floor":50,"turns":13}],"seed_played":"3281364879462500064","potions_obtained":[{"floor":0,"key":"Regen Potion"},{"floor":6,"key":"GamblersBrew"},{"floor":8,"key":"Poison Potion"},{"floor":12,"key":"Poison Potion"},{"floor":25,"key":"Dexterity Potion"},{"floor":29,"key":"Weak Potion"},{"floor":31,"key":"Fruit Juice"}],"is_trial":false,"path_per_floor":["M","M","$","?","M","E","R","M","T","M","M","E","$","?","R","B",null,"M","M","M","?","$","R","?","E","T","?","M","M","$","M","R","B",null,"M","?","$","M","?","R","E","M","T","?","?","M","$","M","R","B"],"character_chosen":"THE_SILENT","items_purchased":["Leg Sweep","Bane","Cloak And Dagger","Footwork","Backflip","Finesse","Footwork","Noxious Fumes"],"campfire_rested":4,"item_purchase_floors":[3,3,13,13,22,30,37,47],"current_hp_per_floor":[75,73,73,62,62,53,53,41,41,37,38,33,33,33,55,40,75,58,38,19,19,19,53,53,55,55,55,44,46,46,38,80,37,90,86,86,86,88,90,90,67,47,47,47,47,30,30,30,69,1],"gold":28,"neow_bonus":"BOSS_RELIC","is_prod":false,"is_daily":false,"chose_seed":false,"campfire_upgraded":2,"win_rate":0,"timestamp":1538321360,"path_taken":["M","M","$","?","M","E","R","?","T","M","M","E","?","?","R","BOSS","M","?","?","?","$","R","?","E","T","?","M","M","$","M","R","BOSS","M","?","$","M","?","R","E","M","T","?","?","M","$","M","R","BOSS"],"build_version":"2018-09-27","purchased_purges":5,"victory":true,"max_hp_per_floor":[75,75,75,75,75,75,75,75,75,75,75,75,75,75,75,75,75,75,75,75,75,75,75,75,85,85,85,85,85,85,85,90,90,90,90,90,90,90,90,90,90,90,90,90,90,90,90,90,90,90],"card_choices":[{"not_picked":["PiercingWail","Predator"],"picked":"Noxious Fumes","floor":0},{"not_picked":["Tactician","Acrobatics","Eviscerate"],"picked":"SKIP","floor":1},{"not_picked":["Underhanded Strike","PiercingWail"],"picked":"Bane","floor":2},{"not_picked":["Outmaneuver","Underhanded Strike","Prepared"],"picked":"SKIP","floor":5},{"not_picked":["Masterful Stab","Bane"],"picked":"Dagger Spray","floor":6},{"not_picked":["Quick Slash","Bane","Sucker Punch"],"picked":"SKIP","floor":8},{"not_picked":["Terror","Deadly Poison"],"picked":"Venomology","floor":10},{"not_picked":["Blur","Outmaneuver","Infinite Blades"],"picked":"SKIP","floor":11},{"not_picked":["Bouncing Flask","Dagger Spray","Underhanded Strike"],"picked":"SKIP","floor":12},{"not_picked":["Storm of Steel","Unload"],"picked":"Envenom","floor":16},{"not_picked":["Bouncing Flask","Acrobatics"],"picked":"Poisoned Stab+1","floor":18},{"not_picked":["Underhanded Strike","Quick Slash+1","Riddle With Holes"],"picked":"SKIP","floor":19},{"not_picked":["Backstab","Terror+1","Blade Dance"],"picked":"SKIP","floor":20},{"not_picked":["Poisoned Stab","Prepared","Night Terror"],"picked":"SKIP","floor":25},{"not_picked":["Tactician+1","Flying Knee","Outmaneuver+1"],"picked":"SKIP","floor":28},{"not_picked":["Reflex","Dodge and Roll","Finisher+1"],"picked":"SKIP","floor":29},{"not_picked":["Quick Slash+1","Dodge and Roll","Skewer+1"],"picked":"SKIP","floor":31},{"not_picked":["Calculated Gamble+1"],"picked":"SKIP","floor":35},{"not_picked":["Slice"],"picked":"SKIP","floor":38},{"not_picked":["Well Laid Plans"],"picked":"SKIP","floor":41},{"not_picked":["Choke"],"picked":"SKIP","floor":42},{"not_picked":["Acrobatics+1"],"picked":"SKIP","floor":46},{"not_picked":["Blade Dance"],"picked":"SKIP","floor":48}],"player_experience":55532,"relics_obtained":[{"floor":6,"key":"Matryoshka"},{"floor":9,"key":"Oddly Smooth Stone"},{"floor":9,"key":"Blood Vial"},{"floor":12,"key":"Happy Flower"},{"floor":25,"key":"Pear"},{"floor":26,"key":"Smiling Mask"},{"floor":26,"key":"War Paint"},{"floor":39,"key":"StoneCalendar"},{"floor":41,"key":"Gremlin Horn"},{"floor":43,"key":"Bronze Scales"}],"event_choices":[{"event_name":"World of Goop","player_choice":"Gather Gold","floor":4,"damage_taken":0},{"event_name":"Liars Game","player_choice":"disagreed","floor":14,"damage_taken":0},{"event_name":"Beggar","player_choice":"Gave Gold","floor":21,"damage_taken":0},{"event_name":"Ghosts","player_choice":"Ignored","floor":24,"damage_taken":0},{"event_name":"Nest","player_choice":"Stole From Cult","floor":27,"damage_taken":0},{"event_name":"Match and Keep!","player_choice":"2 cards matched","floor":36,"damage_taken":0},{"event_name":"MindBloom","player_choice":"Fight","floor":39,"damage_taken":0},{"event_name":"Accursed Blacksmith","player_choice":"Forge","floor":44,"damage_taken":0},{"event_name":"SensoryStone","player_choice":"Memory 1","floor":45,"damage_taken":0}],"is_beta":false,"boss_relics":[{"not_picked":["Lizard Tail","Black Star"],"picked":"Eternal Feather"},{"not_picked":["HoveringKite","Philosopher\u0027s Stone"],"picked":"Busted Crown"}],"items_purged_floors":[3,13,30,37,47],"is_endless":false,"potions_floor_spawned":[6,8,12,25,29,31,35,39,41,46],"ascension_level":1}