{"gold_per_floor":[115,129,139,139,158,193,193,224,224,224,61,71,91,266,266,364,364,381,24,24,34,45,75,75,75],"floor_reached":25,"playtime":1677,"items_purged":["Strike_G","Strike_G"],"score":386,"play_id":"bc8181f3-6c03-4bf7-a9c5-0e5a76b3bba0","local_time":"20190203022127","is_ascension_mode":true,"campfire_choices":[{"data":"Well Laid Plans","floor":7,"key":"SMITH"},{"floor":15,"key":"REST"},{"data":"Cloak And Dagger","floor":24,"key":"SMITH"}],"neow_cost":"NONE","seed_source_timestamp":39331772399414,"circlet_count":0,"master_deck":["Defend_G+1","Defend_G","Defend_G","Defend_G","Defend_G","Strike_G+1","Strike_G","Strike_G","Survivor","Neutralize","Well Laid Plans+1","Backstab","Backstab","Cloak And Dagger+1","Backflip","Backstab","Infinite Blades+1","Dagger Throw","Acrobatics","Doubt","Corpse Explosion","Backstab","Noxious Fumes+1","Dodge and Roll+1","Backstab"],"relics":["Ring of the Snake","Lantern","Frozen Egg 2","Pear","WingedGreaves","Dead Branch","Black Star","Meat on the Bone","Sundial","Bottled Lightning"],"potions_floor_usage":[6,8,16,23],"damage_taken":[{"damage":0,"enemies":"Small Slimes","floor":1,"turns":4},{"damage":0,"enemies":"2 Louse","floor":2,"turns":3},{"damage":2,"enemies":"Cultist","floor":3,"turns":4},{"damage":7,"enemies":"Lots of Slimes","floor":5,"turns":6},{"damage":19,"enemies":"3 Sentries","floor":6,"turns":11},{"damage":25,"enemies":"Lagavulin","floor":8,"turns":8},{"damage":0,"enemies":"Red Slaver","floor":12,"turns":1},{"damage":0,"enemies":"Exordium Wildlife","floor":13,"turns":1},{"damage":14,"enemies":"Hexaghost","floor":16,"turns":8},{"damage":11,"enemies":"Shell Parasite","floor":18,"turns":6},{"damage":0,"enemies":"Spheric Guardian","floor":21,"turns":1},{"damage":25,"enemies":"Snake Plant","floor":22,"turns":5},{"damage":17,"enemies":"Gremlin Leader","floor":23,"turns":7},{"damage":45,"enemies":"Book of Stabbing","floor":25,"turns":5}],"seed_played":"4789567450446124514","potions_obtained":[{"floor":1,"key":"SpeedPotion"},{"floor":3,"key":"Regen Potion"},{"floor":12,"key":"Dexterity Potion"},{"floor":13,"key":"Regen Potion"},{"floor":18,"key":"FearPotion"},{"floor":21,"key":"GhostInAJar"}],"is_trial":false,"path_per_floor":["M","M","M","?","M","E","R","E","T","?","$","M","M","?","R","B",null,"M","$","?","M","M","E","R","E"],"character_chosen":"THE_SILENT","items_purchased":["Infinite Blades+1","Dagger Throw","Meat on the Bone"],"campfire_rested":1,"item_purchase_floors":[11,11,19],"current_hp_per_floor":[63,63,61,47,40,36,36,21,21,14,14,14,14,14,38,39,70,59,59,59,59,46,41,41,0],"gold":75,"neow_bonus":"RANDOM_COMMON_RELIC","is_prod":false,"is_daily":false,"chose_seed":false,"campfire_upgraded":2,"win_rate":0,"timestamp":1549178487,"path_taken":["M","M","M","?","M","E","R","E","T","?","$","M","M","?","R","BOSS","M","$","?","?","?","E","R","E"],"build_version":"2019-01-23","purchased_purges":2,"victory":false,"max_hp_per_floor":[70,70,70,70,70,70,70,80,80,80,80,80,80,80,80,80,80,80,80,80,80,80,80,80,80],"card_choices":[{"not_picked":["Endless Agony","Heel Hook"],"picked":"Well Laid Plans","floor":1},{"not_picked":["Prepared","Choke"],"picked":"Backstab","floor":2},{"not_picked":["Caltrops","Acrobatics"],"picked":"Backstab","floor":3},{"not_picked":["Poisoned Stab","Calculated Gamble"],"picked":"Cloak And Dagger","floor":5},{"not_picked":["Expertise","All Out Attack"],"picked":"Backflip","floor":6},{"not_picked":["Underhanded Strike","Choke"],"picked":"Backstab","floor":8},{"not_picked":["Dagger Spray","Prepared","Poisoned Stab"],"picked":"SKIP","floor":12},{"not_picked":["Outmaneuver","Deadly Poison"],"picked":"Acrobatics","floor":13},{"not_picked":["Night Terror","Bullet Time"],"picked":"Corpse Explosion","floor":16},{"not_picked":["Outmaneuver","Bouncing Flask","Backflip"],"picked":"SKIP","floor":18},{"not_picked":["Distraction+1","Eviscerate+1"],"picked":"Noxious Fumes+1","floor":21},{"not_picked":["Quick Slash","Deadly Poison"],"picked":"Dodge and Roll+1","floor":22},{"not_picked":["Crippling Poison","Expertise"],"picked":"Backstab","floor":23}],"player_experience":440431,"relics_obtained":[{"floor":6,"key":"Frozen Egg 2"},{"floor":8,"key":"Pear"},{"floor":9,"key":"WingedGreaves"},{"floor":23,"key":"Sundial"},{"floor":23,"key":"Bottled Lightning"}],"event_choices":[{"damage_healed":0,"gold_gain":0,"player_choice":"Entered Light","damage_taken":14,"max_hp_gain":0,"max_hp_loss":0,"event_name":"Shining Light","floor":4,"gold_loss":0,"cards_upgraded":["Strike_G","Defend_G"]},{"damage_healed":0,"gold_gain":0,"player_choice":"Success","damage_taken":7,"relics_obtained":["Dead Branch"],"max_hp_gain":0,"max_hp_loss":0,"event_name":"Scrap Ooze","floor":10,"gold_loss":0},{"damage_healed":0,"gold_gain":175,"player_choice":"AGREE","damage_taken":0,"max_hp_gain":0,"max_hp_loss":0,"event_name":"Liars Game","floor":14,"gold_loss":0,"cards_obtained":["Doubt"]},{"damage_healed":0,"gold_gain":0,"player_choice":"Copied","damage_taken":0,"max_hp_gain":0,"max_hp_loss":0,"event_name":"Duplicator","floor":20,"gold_loss":0,"cards_obtained":["Backstab"]}],"is_beta":false,"boss_relics":[{"not_picked":["Orrery","Runic Pyramid"],"picked":"Black Star"}],"items_purged_floors":[11,19],"is_endless":false,"potions_floor_spawned":[1,3,12,13,18,21],"killed_by":"Book of Stabbing","ascension_level":8}