{"gold_per_floor":[114,114,128,146,159,159,2,19,99,118,118,149,149,168,168,168],"floor_reached":16,"playtime":1256,"items_purged":[],"score":161,"play_id":"171e9685-4b15-4b57-8f60-cf62dd19d210","local_time":"20190131152821","is_ascension_mode":true,"campfire_choices":[{"data":"Zap","floor":6,"key":"SMITH"},{"data":"Streamline","floor":13,"key":"SMITH"},{"floor":15,"key":"REST"}],"neow_cost":"PERCENT_DAMAGE","seed_source_timestamp":1806283152955410,"circlet_count":0,"master_deck":["AscendersBane","Strike_B","Strike_B","Defend_B","Defend_B","Defend_B","Defend_B","Zap+1","Dualcast","Flash of Steel","Dark Shackles","Conserve Battery","Conserve Battery","Redo","Streamline+1","Seek"],"relics":["Cracked Core","Omamori","Meat on the Bone","Bird Faced Urn"],"potions_floor_usage":[10,10,16],"damage_taken":[{"damage":0,"enemies":"2 Louse","floor":1,"turns":2},{"damage":1,"enemies":"Cultist","floor":3,"turns":4},{"damage":0,"enemies":"Jaw Worm","floor":4,"turns":3},{"damage":0,"enemies":"2 Fungi Beasts","floor":5,"turns":4},{"damage":2,"enemies":"3 Louse","floor":8,"turns":4},{"damage":0,"enemies":"Lots of Slimes","floor":10,"turns":4},{"damage":33,"enemies":"Lagavulin","floor":12,"turns":10},{"damage":11,"enemies":"Looter","floor":14,"turns":3},{"damage":59,"enemies":"Slime Boss","floor":16,"turns":11}],"seed_played":"7542814933351828979","potions_obtained":[{"floor":1,"key":"AttackPotion"},{"floor":8,"key":"Poison Potion"},{"floor":12,"key":"Dexterity Potion"}],"is_trial":false,"path_per_floor":["M","?","M","M","M","R","$","M","T","M","?","E","R","M","R","B"],"character_chosen":"DEFECT","items_purchased":["Omamori"],"campfire_rested":1,"item_purchase_floors":[7],"current_hp_per_floor":[50,50,49,49,49,49,49,47,47,47,47,26,26,27,49,0],"gold":168,"neow_bonus":"RANDOM_COLORLESS_2","is_prod":false,"is_daily":false,"chose_seed":false,"campfire_upgraded":2,"win_rate":0,"timestamp":1548977301,"path_taken":["M","?","M","M","?","R","$","M","T","M","?","E","R","M","R","BOSS"],"build_version":"2019-01-23","purchased_purges":0,"victory":false,"max_hp_per_floor":[75,75,75,75,75,75,75,75,75,75,75,75,75,75,75,75],"card_choices":[{"not_picked":["Stack","Redo"],"picked":"Conserve Battery","floor":1},{"not_picked":["Barrage","Double Energy","Static Discharge"],"picked":"SKIP","floor":3},{"not_picked":["Aggregate","Beam Cell","Skim"],"picked":"SKIP","floor":4},{"not_picked":["Undo","Compile Driver"],"picked":"Conserve Battery","floor":5},{"not_picked":["Force Field","Doom and Gloom","Stack"],"picked":"SKIP","floor":8},{"not_picked":["Leap","Redo","Sweeping Beam"],"picked":"SKIP","floor":10},{"not_picked":["Compile Driver","Rip and Tear"],"picked":"Streamline","floor":12},{"not_picked":["Genetic Algorithm","Scrape"],"picked":"Seek","floor":14}],"player_experience":556455,"relics_obtained":[{"floor":9,"key":"Meat on the Bone"},{"floor":12,"key":"Bird Faced Urn"}],"event_choices":[{"cards_removed":["Strike_B"],"damage_healed":0,"gold_gain":0,"player_choice":"Purged","damage_taken":0,"max_hp_gain":0,"max_hp_loss":0,"event_name":"Purifier","floor":2,"gold_loss":0},{"damage_healed":0,"gold_gain":0,"cards_transformed":["Strike_B"],"player_choice":"Change","damage_taken":0,"max_hp_gain":0,"max_hp_loss":0,"event_name":"Living Wall","floor":11,"gold_loss":0,"cards_obtained":["Redo"]}],"is_beta":false,"boss_relics":[],"items_purged_floors":[],"is_endless":false,"potions_floor_spawned":[1,8,12],"killed_by":"Slime Boss","ascension_level":11}