{"gold_per_floor":[114,133,148,158,168,168,196,213,213,71,39,64,64,93,93,198,198,214,25,25,25,38,38,57,57,104,104,104,115,132,151,151,151],"floor_reached":33,"playtime":861,"items_purged":["Strike_G","Strike_G"],"score":382,"play_id":"b61b9966-af7e-445e-9086-cbd69c1b7cfc","local_time":"20181114010701","is_ascension_mode":true,"campfire_choices":[{"data":"Backstab","floor":6,"key":"SMITH"},{"data":"Crippling Poison","floor":13,"key":"SMITH"},{"data":"Backstab","floor":15,"key":"SMITH"},{"data":"Trip","floor":23,"key":"SMITH"},{"data":"After Image","floor":25,"key":"SMITH"},{"data":"Neutralize","floor":28,"key":"SMITH"},{"floor":32,"key":"REST"}],"neow_cost":"NONE","seed_source_timestamp":22066762799159,"circlet_count":0,"master_deck":["Defend_G+1","Defend_G+1","Defend_G+1","Defend_G+1","Defend_G+1","Strike_G+1","Strike_G+1","Strike_G+1","Survivor+1","Neutralize+1","Bane","Bane","All Out Attack","Backstab+1","Masterful Stab","Crippling Poison+1","Backstab+1","After Image+1","Slice","Trip+1","Leg Sweep+1","Injury"],"relics":["Ring of the Snake","NeowsBlessing","Orichalcum","MawBank","Ancient Tea Set","Bag of Preparation","Cursed Key","The Courier","War Paint"],"potions_floor_usage":[5,14,16,16,29,31,33],"damage_taken":[{"damage":0,"enemies":"Jaw Worm","floor":1,"turns":1},{"damage":0,"enemies":"Small Slimes","floor":2,"turns":1},{"damage":0,"enemies":"Cultist","floor":3,"turns":1},{"damage":5,"enemies":"3 Louse","floor":4,"turns":5},{"damage":5,"enemies":"Red Slaver","floor":5,"turns":3},{"damage":19,"enemies":"3 Sentries","floor":7,"turns":8},{"damage":6,"enemies":"Large Slime","floor":8,"turns":4},{"damage":0,"enemies":"Gremlin Nob","floor":12,"turns":3},{"damage":2,"enemies":"3 Sentries","floor":14,"turns":6},{"damage":25,"enemies":"Slime Boss","floor":16,"turns":12},{"damage":0,"enemies":"Spheric Guardian","floor":18,"turns":3},{"damage":2,"enemies":"3 Byrds","floor":22,"turns":5},{"damage":0,"enemies":"Snecko","floor":24,"turns":3},{"damage":0,"enemies":"Shelled Parasite and Fungi","floor":29,"turns":4},{"damage":0,"enemies":"Centurion and Healer","floor":30,"turns":5},{"damage":0,"enemies":"Snake Plant","floor":31,"turns":3},{"damage":67,"enemies":"Champ","floor":33,"turns":10}],"seed_played":"4276165578844912219","potions_obtained":[{"floor":4,"key":"Fire Potion"},{"floor":5,"key":"Block Potion"},{"floor":8,"key":"Weak Potion"},{"floor":14,"key":"SteroidPotion"},{"floor":16,"key":"EssenceOfSteel"},{"floor":24,"key":"SkillPotion"},{"floor":29,"key":"AttackPotion"},{"floor":31,"key":"Explosive Potion"}],"is_trial":false,"path_per_floor":["M","M","M","M","M","R","E","M","T","$","?","E","R","E","R","B",null,"M","$","?","?","M","R","M","R","T","?","R","M","M","M","R","B"],"character_chosen":"THE_SILENT","items_purchased":["Crippling Poison","Trip"],"campfire_rested":1,"item_purchase_floors":[10,19],"current_hp_per_floor":[63,63,63,58,53,53,34,28,28,28,28,28,28,26,26,1,53,53,53,53,53,51,51,51,51,51,35,35,35,35,35,56,0],"gold":151,"neow_bonus":"THREE_ENEMY_KILL","is_prod":false,"is_daily":false,"chose_seed":false,"campfire_upgraded":6,"win_rate":0,"timestamp":1542157621,"path_taken":["M","M","M","M","M","R","E","M","T","$","?","E","R","E","R","BOSS","M","$","?","?","M","R","M","R","T","?","R","M","?","M","R","BOSS"],"build_version":"2018-11-08","purchased_purges":2,"victory":false,"max_hp_per_floor":[70,70,70,70,70,70,70,70,70,70,70,70,70,70,70,70,70,70,70,70,70,70,70,70,70,70,70,70,70,70,70,70,70],"card_choices":[{"not_picked":["Dodge and Roll","PiercingWail"],"picked":"Bane","floor":1},{"not_picked":["Flying Knee","Tactician","Calculated Gamble"],"picked":"SKIP","floor":2},{"not_picked":["Flying Knee","Sucker Punch"],"picked":"Bane","floor":3},{"not_picked":["Dagger Throw","Dodge and Roll"],"picked":"All Out Attack","floor":4},{"not_picked":["Venomology","Quick Slash"],"picked":"Backstab","floor":5},{"not_picked":["Riddle With Holes","Calculated Gamble","Flying Knee"],"picked":"SKIP","floor":7},{"not_picked":["Flechettes","Predator"],"picked":"Masterful Stab","floor":8},{"not_picked":["Caltrops","Infinite Blades","Calculated Gamble"],"picked":"SKIP","floor":12},{"not_picked":["Footwork","Dagger Throw"],"picked":"Backstab","floor":14},{"not_picked":["A Thousand Cuts","Venomology"],"picked":"After Image","floor":16},{"not_picked":["Acrobatics+1","Reflex"],"picked":"Slice","floor":18},{"not_picked":["Prepared","Dagger Spray"],"picked":"Leg Sweep","floor":22},{"not_picked":["Leg Sweep","Deflect","Flying Knee"],"picked":"SKIP","floor":24},{"not_picked":["Flying Knee+1","Slice","Bane"],"picked":"SKIP","floor":29},{"not_picked":["Slice+1","Distraction+1","All Out Attack"],"picked":"SKIP","floor":30},{"not_picked":["Reflex","Calculated Gamble","Dagger Spray"],"picked":"SKIP","floor":31}],"player_experience":158283,"relics_obtained":[{"floor":7,"key":"Orichalcum"},{"floor":9,"key":"MawBank"},{"floor":12,"key":"Ancient Tea Set"},{"floor":14,"key":"Bag of Preparation"},{"floor":26,"key":"War Paint"}],"event_choices":[{"damage_healed":0,"gold_gain":0,"player_choice":"Left Gold","damage_taken":0,"max_hp_gain":0,"max_hp_loss":0,"event_name":"World of Goop","floor":11,"gold_loss":32},{"damage_healed":0,"gold_gain":0,"player_choice":"Opened","damage_taken":0,"relics_obtained":["The Courier"],"max_hp_gain":0,"max_hp_loss":0,"event_name":"The Mausoleum","floor":20,"gold_loss":0},{"damage_healed":0,"gold_gain":0,"player_choice":"Simplicity","damage_taken":0,"max_hp_gain":0,"max_hp_loss":0,"event_name":"Back to Basics","floor":21,"gold_loss":0,"cards_upgraded":["Defend_G","Defend_G","Defend_G","Defend_G","Defend_G","Strike_G","Strike_G","Strike_G"]},{"damage_healed":0,"gold_gain":0,"player_choice":"Obtained Book","damage_taken":16,"max_hp_gain":0,"max_hp_loss":0,"event_name":"Cursed Tome","floor":27,"gold_loss":0}],"is_beta":false,"boss_relics":[{"not_picked":["Eternal Feather","Runic Pyramid"],"picked":"Cursed Key"}],"items_purged_floors":[10,19],"is_endless":false,"potions_floor_spawned":[4,5,8,14,16,24,29,31],"killed_by":"Champ","ascension_level":6}