{"gold_per_floor":[109,0,0,17,17,52,52,69,92,134,158,170,202,230,242,350,362,388,68,68,82,102,102,134,152,152,152],"floor_reached":27,"playtime":869,"items_purged":["Strike_B"],"score":294,"play_id":"21097b06-d2a3-44eb-a8b6-da7b8de0f2f4","local_time":"20180926153849","is_ascension_mode":true,"campfire_choices":[{"data":"FTL","floor":7,"key":"SMITH"},{"floor":12,"key":"REST"},{"floor":15,"key":"REST"},{"data":"Storm","floor":23,"key":"SMITH"}],"neow_cost":"NONE","seed_source_timestamp":178257120680,"circlet_count":0,"master_deck":["Defend_B","Defend_B","Defend_B","Defend_B","Zap","Dualcast","Glacier","Loop","FTL+1","Coolheaded","Sweeping Beam","Capacitor","Coolheaded","Go for the Eyes","Electrodynamics","Biased Cognition+1","Barrage+1","Auto Shields+1","Ball Lightning","Storm+1","Apotheosis","Conserve Battery","White Noise","Defragment+1","Storm+1"],"relics":["Black Star","Ancient Tea Set","CultistMask","Turnip","Ice Cream","MawBank","Mercury Hourglass","Matryoshka","Astrolabe","Dodecahedron","Question Card","Blue Candle","Bottled Tornado"],"potions_floor_usage":[10,14,16,24],"damage_taken":[{"damage":0,"enemies":"Small Slimes","floor":1,"turns":3},{"damage":6,"enemies":"Cultist","floor":4,"turns":6},{"damage":20,"enemies":"Lagavulin","floor":6,"turns":12},{"damage":0,"enemies":"2 Louse","floor":8,"turns":3},{"damage":33,"enemies":"3 Sentries","floor":10,"turns":7},{"damage":1,"enemies":"Looter","floor":11,"turns":3},{"damage":5,"enemies":"Lots of Slimes","floor":13,"turns":2},{"damage":22,"enemies":"Exordium Thugs","floor":14,"turns":5},{"damage":26,"enemies":"The Guardian","floor":16,"turns":15},{"damage":0,"enemies":"Shell Parasite","floor":18,"turns":6},{"damage":6,"enemies":"3 Byrds","floor":21,"turns":3},{"damage":29,"enemies":"Shelled Parasite and Fungi","floor":22,"turns":5},{"damage":21,"enemies":"Slavers","floor":24,"turns":2},{"damage":18,"enemies":"Chosen and Byrds","floor":25,"turns":5},{"damage":6,"enemies":"Snake Plant","floor":27,"turns":1}],"seed_played":"4140354371559718019","potions_obtained":[{"floor":1,"key":"FocusPotion"},{"floor":6,"key":"EssenceOfSteel"},{"floor":10,"key":"GamblersBrew"},{"floor":13,"key":"LiquidBronze"},{"floor":18,"key":"Strength Potion"},{"floor":22,"key":"Energy Potion"},{"floor":25,"key":"Fire Potion"}],"is_trial":false,"path_per_floor":["M","$","?","M","?","E","R","M","T","E","M","R","M","M","R","B",null,"M","$","?","M","M","R","E","M","T"],"character_chosen":"DEFECT","items_purchased":["Loop","Storm","Apotheosis","Conserve Battery"],"campfire_rested":2,"item_purchase_floors":[2,19,19,19],"current_hp_per_floor":[75,75,75,69,69,49,49,49,49,16,15,37,32,10,32,6,75,75,75,75,69,40,40,19,1,1,0],"gold":152,"neow_bonus":"BOSS_RELIC","is_prod":false,"is_daily":false,"chose_seed":false,"campfire_upgraded":2,"win_rate":0,"timestamp":1537972729,"path_taken":["M","$","?","M","?","E","R","M","T","E","M","R","M","?","R","BOSS","M","$","?","M","M","R","E","?","T","M"],"build_version":"2018-09-20","purchased_purges":1,"victory":false,"max_hp_per_floor":[75,75,75,75,75,75,75,75,75,75,75,75,75,75,75,75,75,75,75,75,75,75,75,75,75,75,75],"card_choices":[{"not_picked":["Sunder","Fusion"],"picked":"Glacier","floor":1},{"not_picked":["Scrape","Beam Cell"],"picked":"FTL","floor":4},{"not_picked":["Genetic Algorithm","Sweeping Beam"],"picked":"Coolheaded","floor":6},{"not_picked":["Blizzard","Steam"],"picked":"Sweeping Beam","floor":8},{"not_picked":["Compile Driver","Stack","Doom and Gloom"],"picked":"SKIP","floor":10},{"not_picked":["Steam Power","Heatsinks"],"picked":"Capacitor","floor":11},{"not_picked":["Sweeping Beam","Hologram"],"picked":"Coolheaded","floor":13},{"not_picked":["Self Repair","Redo"],"picked":"Go for the Eyes","floor":14},{"not_picked":["Echo Form","Core Surge"],"picked":"Electrodynamics","floor":16},{"not_picked":["Force Field","Rebound"],"picked":"Ball Lightning","floor":18},{"not_picked":["Sweeping Beam+1","Steam Power"],"picked":"White Noise","floor":21},{"not_picked":["Self Repair","Sunder+1"],"picked":"Defragment+1","floor":22},{"not_picked":["Gash","Double Energy+1"],"picked":"Storm+1","floor":24},{"not_picked":["Melter+1","Hologram","Beam Cell","Chaos+1"],"picked":"SKIP","floor":25}],"player_experience":51237,"relics_obtained":[{"floor":6,"key":"Turnip"},{"floor":6,"key":"Ice Cream"},{"floor":9,"key":"MawBank"},{"floor":10,"key":"Mercury Hourglass"},{"floor":10,"key":"Matryoshka"},{"floor":24,"key":"Dodecahedron"},{"floor":24,"key":"Question Card"},{"floor":26,"key":"Blue Candle"},{"floor":26,"key":"Bottled Tornado"}],"event_choices":[{"event_name":"WeMeetAgain","player_choice":"Potion","floor":3,"damage_taken":0},{"event_name":"FaceTrader","player_choice":"Trade","floor":5,"damage_taken":0},{"event_name":"Beggar","player_choice":"Ignored","floor":20,"damage_taken":0}],"is_beta":false,"boss_relics":[{"not_picked":["Runic Pyramid","Orrery"],"picked":"Astrolabe"}],"items_purged_floors":[2],"is_endless":false,"potions_floor_spawned":[1,6,10,13,18,22,25],"killed_by":"Snake Plant","ascension_level":4}