{"gold_per_floor":[111,111,179,26,76,76,91,91,91,141,141,64,76,90,90,187,187,197,197],"floor_reached":19,"playtime":367,"items_purged":["Strike_R"],"score":236,"play_id":"995a0de7-0ae3-4c02-8cdd-44a0a8288aac","local_time":"20181122001519","is_ascension_mode":true,"campfire_choices":[{"data":"Carnage","floor":6,"key":"SMITH"},{"data":"Seeing Red","floor":8,"key":"SMITH"},{"data":"Bludgeon","floor":11,"key":"SMITH"},{"data":"Inflame","floor":15,"key":"SMITH"}],"neow_cost":"TEN_PERCENT_HP_LOSS","seed_source_timestamp":20498474985708,"circlet_count":0,"master_deck":["AscendersBane","Strike_R","Strike_R","Defend_R","Defend_R","Defend_R","Defend_R","Bash","Bludgeon+1","Shrug It Off","Carnage+1","Seeing Red+1","Bloodletting","Feel No Pain","Inflame+1","Thunderclap","Double Tap","Warcry"],"relics":["Burning Blood","SsserpentHead","Matryoshka","Mark of Pain"],"potions_floor_usage":[16,19,19],"damage_taken":[{"damage":4,"enemies":"Jaw Worm","floor":1,"turns":3},{"damage":6,"enemies":"Cultist","floor":3,"turns":5},{"damage":0,"enemies":"2 Louse","floor":7,"turns":2},{"damage":6,"enemies":"Red Slaver","floor":13,"turns":2},{"damage":20,"enemies":"Large Slime","floor":14,"turns":5},{"damage":39,"enemies":"The Guardian","floor":16,"turns":10},{"damage":12,"enemies":"Shell Parasite","floor":18,"turns":4},{"damage":49,"enemies":"3 Byrds","floor":19,"turns":4}],"seed_played":"-1236156735283214450","potions_obtained":[{"floor":1,"key":"Poison Potion"},{"floor":14,"key":"Swift Potion"},{"floor":18,"key":"PowerPotion"}],"is_trial":false,"path_per_floor":["M","?","M","$","?","R","M","R","T","?","R","$","M","M","R","B",null,"M","M"],"character_chosen":"IRONCLAD","items_purchased":["Seeing Red","Feel No Pain"],"campfire_rested":0,"item_purchase_floors":[4,12],"current_hp_per_floor":[72,72,72,72,65,65,71,71,71,71,71,71,71,57,57,24,60,54,5],"gold":197,"neow_bonus":"THREE_RARE_CARDS","is_prod":false,"is_daily":false,"chose_seed":false,"campfire_upgraded":4,"win_rate":0,"timestamp":1542845719,"path_taken":["M","?","?","$","?","R","M","R","T","?","R","$","M","M","R","BOSS","M","M"],"build_version":"2018-11-15","purchased_purges":1,"victory":false,"max_hp_per_floor":[72,72,72,72,72,72,72,72,72,72,72,72,72,72,72,72,72,72,72],"card_choices":[{"not_picked":["Impervious","Exhume"],"picked":"Bludgeon","floor":0},{"not_picked":["Metallicize","Pommel Strike"],"picked":"Shrug It Off","floor":1},{"not_picked":["Armaments","True Grit"],"picked":"Carnage","floor":3},{"not_picked":["Anger","Evolve","Heavy Blade"],"picked":"SKIP","floor":7},{"not_picked":["Shrug It Off","Pommel Strike"],"picked":"Inflame","floor":13},{"not_picked":["Corruption","Berserk"],"picked":"Thunderclap","floor":14},{"not_picked":["Impervious","Fiend Fire"],"picked":"Double Tap","floor":16},{"not_picked":["Thunderclap","Sentinel"],"picked":"Warcry","floor":18}],"player_experience":198092,"relics_obtained":[{"floor":9,"key":"Matryoshka"}],"event_choices":[{"damage_healed":0,"gold_gain":0,"player_choice":"Trade","damage_taken":0,"relics_obtained":["SsserpentHead"],"max_hp_gain":0,"max_hp_loss":0,"event_name":"FaceTrader","floor":2,"gold_loss":0},{"cards_removed":["Strike_R"],"damage_healed":0,"gold_gain":0,"player_choice":"Card Removal","damage_taken":7,"max_hp_gain":0,"max_hp_loss":0,"event_name":"Golden Wing","floor":5,"gold_loss":0},{"damage_healed":0,"gold_gain":0,"cards_transformed":["Strike_R"],"player_choice":"Transformed","damage_taken":0,"max_hp_gain":0,"max_hp_loss":0,"event_name":"Transmorgrifier","floor":10,"gold_loss":0,"cards_obtained":["Bloodletting"]}],"is_beta":false,"boss_relics":[{"not_picked":["Tiny House","Calling Bell"],"picked":"Mark of Pain"}],"items_purged_floors":[4],"is_endless":false,"potions_floor_spawned":[1,14,18],"killed_by":"3 Byrds","ascension_level":10}