{"gold_per_floor":[113,113,113,113,124,124,75,88,140,140,198,213,213,213,213,311,311,292,292,292,165,11,39,39,39,65,80,134,167,167,184,184,289,339,354,576,595,614,299,328,328,340,340,340,44,44,78,96,96,96],"floor_reached":51,"playtime":1895,"items_purged":["Defend_B","Defend_B","Auto Shields"],"score":1021,"play_id":"477d8306-99a3-4ede-9ecc-54457b0fe268","local_time":"20181021195251","is_ascension_mode":true,"campfire_choices":[{"data":"Zap","floor":6,"key":"SMITH"},{"data":"Chill","floor":10,"key":"SMITH"},{"data":"Blizzard","floor":13,"key":"SMITH"},{"floor":15,"key":"REST"},{"data":"Redo","floor":24,"key":"SMITH"},{"data":"Defragment","floor":30,"key":"SMITH"},{"floor":32,"key":"REST"},{"data":"Biased Cognition","floor":41,"key":"SMITH"},{"floor":44,"key":"REST"},{"data":"Biased Cognition","floor":46,"key":"SMITH"},{"data":"Capacitor","floor":49,"key":"SMITH"}],"neow_cost":"NONE","seed_source_timestamp":13853513201660,"circlet_count":0,"master_deck":["Zap+1","Dualcast+1","Chill+1","Cold Snap","Ball Lightning+1","Blizzard+1","Core Surge","Stack+1","Blizzard+1","Conserve Battery","Redo+1","Glacier+1","Defragment+1","Conserve Battery","Cold Snap","Biased Cognition+1","Loop","Capacitor+1","Biased Cognition+1","Parasite","Chill+1"],"relics":["Cracked Core","Lantern","Tiny Chest","Astrolabe","Whetstone","Dream Catcher","Strawberry","Red Mask","Tiny House","Mercury Hourglass","Du-Vu Doll","Gambling Chip","Anchor"],"potions_floor_usage":[11,16,18,40,40,40,50,50],"damage_taken":[{"damage":5,"enemies":"Small Slimes","floor":1,"turns":3},{"damage":2,"enemies":"Jaw Worm","floor":5,"turns":2},{"damage":0,"enemies":"2 Louse","floor":8,"turns":3},{"damage":15,"enemies":"Gremlin Nob","floor":11,"turns":5},{"damage":0,"enemies":"Large Slime","floor":12,"turns":5},{"damage":39,"enemies":"Slime Boss","floor":16,"turns":9},{"damage":8,"enemies":"2 Thieves","floor":18,"turns":4},{"damage":22,"enemies":"Gremlin Leader","floor":23,"turns":7},{"damage":0,"enemies":"3 Byrds","floor":27,"turns":4},{"damage":3,"enemies":"Masked Bandits","floor":29,"turns":4},{"damage":10,"enemies":"Snecko","floor":31,"turns":5},{"damage":21,"enemies":"Automaton","floor":33,"turns":10},{"damage":16,"enemies":"3 Darklings","floor":35,"turns":5},{"damage":4,"enemies":"Orb Walker","floor":37,"turns":4},{"damage":20,"enemies":"Maw","floor":38,"turns":10},{"damage":9,"enemies":"Giant Head","floor":40,"turns":9},{"damage":0,"enemies":"Writhing Mass","floor":42,"turns":6},{"damage":5,"enemies":"Reptomancer","floor":47,"turns":9},{"damage":2,"enemies":"4 Shapes","floor":48,"turns":4},{"damage":0,"enemies":"Donu and Deca","floor":50,"turns":8}],"seed_played":"-7770856862346417073","potions_obtained":[{"floor":1,"key":"Explosive Potion"},{"floor":8,"key":"FearPotion"},{"floor":11,"key":"SneckoOil"},{"floor":16,"key":"Regen Potion"},{"floor":23,"key":"FocusPotion"},{"floor":31,"key":"Poison Potion"},{"floor":47,"key":"Ancient Potion"},{"floor":48,"key":"FocusPotion"}],"is_trial":false,"path_per_floor":["M","?","?","?","M","R","?","M","T","R","E","M","R","?","R","B",null,"M","?","?","$","$","E","R","$","T","M","T","?","R","M","R","B",null,"M","?","M","M","$","E","R","M","T","R","$","R","E","M","R","B"],"character_chosen":"DEFECT","items_purchased":["Conserve Battery","Redo","Capacitor","Regen Potion","EssenceOfSteel","Gambling Chip"],"campfire_rested":3,"item_purchase_floors":[21,22,39,39,39,45],"current_hp_per_floor":[63,48,48,48,46,46,46,46,46,46,31,31,31,31,53,14,60,66,66,66,66,66,44,44,44,44,44,51,48,48,38,62,41,77,61,61,57,37,37,43,43,43,43,69,69,69,64,62,62,62],"gold":96,"neow_bonus":"REMOVE_CARD","is_prod":false,"is_daily":false,"chose_seed":false,"campfire_upgraded":8,"win_rate":0,"timestamp":1540147971,"path_taken":["M","?","?","?","?","R","?","M","T","R","E","?","R","?","R","BOSS","M","?","?","?","$","E","R","$","T","?","?","?","R","M","R","BOSS","M","?","M","M","$","E","R","M","T","R","$","R","E","M","R","BOSS"],"build_version":"2018-10-18","purchased_purges":3,"victory":true,"max_hp_per_floor":[75,75,75,75,75,75,75,75,75,75,75,75,75,75,75,75,75,75,75,75,75,75,75,75,75,75,75,82,82,82,82,82,82,87,87,87,87,87,87,87,87,87,87,87,87,87,87,87,87,87],"card_choices":[{"not_picked":["Double Energy","Heatsinks"],"picked":"Auto Shields","floor":1},{"not_picked":["Beam Cell","Skim"],"picked":"Chill","floor":5},{"not_picked":["Streamline","Steam"],"picked":"Cold Snap","floor":8},{"not_picked":["Compile Driver","Steam"],"picked":"Ball Lightning","floor":11},{"not_picked":["Steam","FTL"],"picked":"Blizzard","floor":12},{"not_picked":["Buffer","Echo Form"],"picked":"Core Surge","floor":16},{"not_picked":["Beam Cell","Steam","Leap"],"picked":"SKIP","floor":18},{"not_picked":["Core Surge","Conserve Battery"],"picked":"Glacier","floor":23},{"not_picked":["Gash","Steam Power"],"picked":"Defragment","floor":27},{"not_picked":["Compile Driver+1","Gash+1"],"picked":"Conserve Battery","floor":31},{"not_picked":["Darkness","Hologram"],"picked":"Cold Snap","floor":32},{"not_picked":["Echo Form","Seek"],"picked":"Biased Cognition","floor":33},{"not_picked":["Darkness","Reinforced Body+1"],"picked":"Loop","floor":34},{"not_picked":["Melter+1","Sweeping Beam","Stack"],"picked":"SKIP","floor":35},{"not_picked":["Sweeping Beam+1","Ball Lightning+1","Barrage"],"picked":"SKIP","floor":37},{"not_picked":["Rebound+1","Storm+1","Darkness"],"picked":"SKIP","floor":38},{"not_picked":["Coolheaded+1","Static Discharge"],"picked":"Biased Cognition","floor":40},{"not_picked":["Gash+1","Beam Cell+1","Hologram"],"picked":"SKIP","floor":42},{"not_picked":["Stack","Sunder","Auto Shields"],"picked":"SKIP","floor":47},{"not_picked":["Ball Lightning+1","Sweeping Beam+1"],"picked":"Chill+1","floor":48}],"player_experience":78245,"relics_obtained":[{"floor":9,"key":"Lantern"},{"floor":11,"key":"Tiny Chest"},{"floor":23,"key":"Whetstone"},{"floor":26,"key":"Dream Catcher"},{"floor":28,"key":"Strawberry"},{"floor":29,"key":"Red Mask"},{"floor":40,"key":"Mercury Hourglass"},{"floor":43,"key":"Du-Vu Doll"},{"floor":47,"key":"Anchor"}],"event_choices":[{"damage_healed":0,"gold_gain":0,"player_choice":"Entered Light","damage_taken":15,"max_hp_gain":0,"max_hp_loss":0,"event_name":"Shining Light","floor":2,"gold_loss":0,"cards_upgraded":["Strike_B","Dualcast"]},{"cards_removed":["Strike_B"],"damage_healed":0,"gold_gain":0,"player_choice":"Forget","damage_taken":0,"max_hp_gain":0,"max_hp_loss":0,"event_name":"Living Wall","floor":3,"gold_loss":0},{"cards_removed":["Strike_B"],"damage_healed":0,"gold_gain":0,"player_choice":"Offered Basic","damage_taken":0,"max_hp_gain":0,"max_hp_loss":0,"event_name":"Bonfire Elementals","floor":4,"gold_loss":0},{"damage_healed":0,"gold_gain":0,"player_choice":"Left Gold","damage_taken":0,"max_hp_gain":0,"max_hp_loss":0,"event_name":"World of Goop","floor":7,"gold_loss":49},{"damage_healed":0,"gold_gain":0,"player_choice":"Ignored","damage_taken":0,"max_hp_gain":0,"max_hp_loss":0,"event_name":"Liars Game","floor":14,"gold_loss":0},{"cards_removed":["Reprogram"],"damage_healed":0,"gold_gain":0,"player_choice":"Purged","damage_taken":0,"max_hp_gain":0,"max_hp_loss":0,"event_name":"Purifier","floor":19,"gold_loss":0},{"damage_healed":0,"gold_gain":0,"cards_transformed":["Double Energy"],"player_choice":"Transformed","damage_taken":0,"max_hp_gain":0,"max_hp_loss":0,"event_name":"Transmorgrifier","floor":20,"gold_loss":0,"cards_obtained":["Blizzard"]},{"damage_healed":0,"gold_gain":0,"player_choice":"Fought Bandits","damage_taken":0,"max_hp_gain":0,"max_hp_loss":0,"event_name":"Masked Bandits","floor":29,"gold_loss":0},{"damage_healed":0,"gold_gain":222,"player_choice":"Wore Mask","damage_taken":0,"max_hp_gain":0,"max_hp_loss":0,"event_name":"Tomb of Lord Red Mask","floor":36,"gold_loss":0}],"is_beta":false,"boss_relics":[{"not_picked":["Philosopher\u0027s Stone","Cursed Key"],"picked":"Astrolabe"},{"not_picked":["Snecko Eye","Lizard Tail"],"picked":"Tiny House"}],"items_purged_floors":[21,22,39],"is_endless":false,"potions_floor_spawned":[1,8,11,16,23,31,38,47,48],"ascension_level":7}