{"gold_per_floor":[111,126,137,61,73,105,105,137,162,191,208,208],"floor_reached":12,"playtime":1323,"items_purged":[],"score":155,"play_id":"ae48b775-9e60-4e09-8ace-1be77c8c5d82","local_time":"20190107152937","is_ascension_mode":true,"campfire_choices":[{"data":"Entrench","floor":7,"key":"SMITH"}],"neow_cost":"NONE","seed_source_timestamp":3627848804830576,"circlet_count":0,"master_deck":["Strike_R+1","Strike_R","Strike_R","Strike_R","Strike_R+1","Defend_R","Defend_R","Defend_R","Defend_R","Bash","Seeing Red","Rage","Entrench+1","Inflame","Shrug It Off","Shrug It Off","Pummel"],"relics":["Burning Blood","Potion Belt","Strawberry","Pen Nib","Whetstone"],"potions_floor_usage":[6,6,6,6,8,10],"damage_taken":[{"damage":1,"enemies":"Cultist","floor":1,"turns":3},{"damage":2,"enemies":"Jaw Worm","floor":2,"turns":3},{"damage":0,"enemies":"Small Slimes","floor":3,"turns":3},{"damage":12,"enemies":"Looter","floor":5,"turns":3},{"damage":29,"enemies":"Gremlin Nob","floor":6,"turns":5},{"damage":29,"enemies":"Lagavulin","floor":8,"turns":7},{"damage":24,"enemies":"3 Sentries","floor":10,"turns":12},{"damage":3,"enemies":"Blue Slaver","floor":11,"turns":5},{"damage":32,"enemies":"Gremlin Gang","floor":12,"turns":3}],"seed_played":"-4349327693325760261","potions_obtained":[{"floor":2,"key":"Explosive Potion"},{"floor":3,"key":"SkillPotion"},{"floor":5,"key":"EntropicBrew"},{"floor":11,"key":"Dexterity Potion"}],"is_trial":false,"path_per_floor":["M","M","M","$","M","E","R","E","T","E","M","M"],"character_chosen":"IRONCLAD","items_purchased":["Inflame"],"campfire_rested":0,"item_purchase_floors":[4],"current_hp_per_floor":[85,88,88,88,82,59,59,43,43,25,28,0],"gold":208,"neow_bonus":"TEN_PERCENT_HP_BONUS","is_prod":false,"is_daily":false,"chose_seed":false,"campfire_upgraded":1,"win_rate":0,"timestamp":1546903777,"path_taken":["M","M","M","$","M","E","R","E","T","E","?","M"],"build_version":"2019-01-03v4","purchased_purges":0,"victory":false,"max_hp_per_floor":[88,88,88,88,88,88,88,95,95,95,95,95],"card_choices":[{"not_picked":["Sword Boomerang","Feel No Pain"],"picked":"Seeing Red","floor":1},{"not_picked":["Iron Wave","Sword Boomerang"],"picked":"Rage","floor":2},{"not_picked":["Flex","Cleave"],"picked":"Entrench","floor":3},{"not_picked":["Pommel Strike","Armaments"],"picked":"Shrug It Off","floor":5},{"not_picked":["Dual Wield","Searing Blow","Power Through"],"picked":"SKIP","floor":6},{"not_picked":["Heavy Blade","Havoc","Dual Wield"],"picked":"SKIP","floor":8},{"not_picked":["Heavy Blade","Clothesline"],"picked":"Shrug It Off","floor":10},{"not_picked":["Dropkick","Sword Boomerang"],"picked":"Pummel","floor":11}],"player_experience":226342,"relics_obtained":[{"floor":6,"key":"Potion Belt"},{"floor":8,"key":"Strawberry"},{"floor":9,"key":"Pen Nib"},{"floor":10,"key":"Whetstone"}],"event_choices":[],"is_beta":false,"boss_relics":[],"items_purged_floors":[],"is_endless":false,"potions_floor_spawned":[2,3,5,11],"killed_by":"Gremlin Gang","ascension_level":6}