{"gold_per_floor":[112,112,37,55,72,72,106,106,106,15,32,32,32,66,66,66],"floor_reached":16,"playtime":352,"items_purged":[],"score":205,"play_id":"edff5224-9f87-4f1b-9062-cfc81f05367b","local_time":"20190115215538","is_ascension_mode":true,"campfire_choices":[{"data":"Combust","floor":6,"key":"SMITH"},{"data":"Thunderclap","floor":8,"key":"SMITH"},{"data":"Bash","floor":13,"key":"SMITH"},{"floor":15,"key":"REST"}],"neow_cost":"TEN_PERCENT_HP_LOSS","seed_source_timestamp":14210469918940,"circlet_count":0,"master_deck":["AscendersBane","Strike_R","Strike_R","Strike_R","Strike_R","Defend_R","Defend_R","Defend_R","Defend_R","Bash+1","Purity","Forethought","Twin Strike","Combust+1","Shrug It Off","Thunderclap+1","Dramatic Entrance","Dropkick","True Grit+1"],"relics":["Burning Blood","Toxic Egg 2","Meat on the Bone","Incense Burner","Question Card"],"potions_floor_usage":[7,16],"damage_taken":[{"damage":9,"enemies":"2 Louse","floor":1,"turns":3},{"damage":7,"enemies":"Jaw Worm","floor":4,"turns":3},{"damage":7,"enemies":"Cultist","floor":5,"turns":4},{"damage":33,"enemies":"Lagavulin","floor":7,"turns":6},{"damage":14,"enemies":"Exordium Wildlife","floor":11,"turns":3},{"damage":30,"enemies":"3 Sentries","floor":14,"turns":5},{"damage":50,"enemies":"The Guardian","floor":16,"turns":12}],"seed_played":"-5419306253867168364","potions_obtained":[{"floor":5,"key":"FearPotion"},{"floor":11,"key":"SmokeBomb"},{"floor":14,"key":"Weak Potion"}],"is_trial":false,"path_per_floor":["M","?","?","M","M","R","E","R","T","$","M","T","R","E","R","B"],"character_chosen":"IRONCLAD","items_purchased":["Dramatic Entrance"],"campfire_rested":1,"item_purchase_floors":[10],"current_hp_per_floor":[65,65,65,64,63,63,36,36,36,36,40,40,40,28,48,0],"gold":66,"neow_bonus":"RANDOM_COLORLESS_2","is_prod":false,"is_daily":false,"chose_seed":false,"campfire_upgraded":3,"win_rate":0,"timestamp":1547589338,"path_taken":["M","?","?","M","M","R","E","R","T","?","M","?","R","E","R","BOSS"],"build_version":"2019-01-10","purchased_purges":0,"victory":false,"max_hp_per_floor":[68,68,68,68,68,68,68,68,68,68,68,68,68,68,68,68],"card_choices":[{"not_picked":["Warcry","True Grit"],"picked":"Twin Strike","floor":1},{"not_picked":["Burning Pact","Seeing Red"],"picked":"Combust","floor":4},{"not_picked":["Ghostly Armor","Power Through"],"picked":"Shrug It Off","floor":5},{"not_picked":["Flex","Clash"],"picked":"Thunderclap","floor":7},{"not_picked":["Flex+1","Berserk"],"picked":"Dropkick","floor":11},{"not_picked":["Wild Strike","Flex+1"],"picked":"True Grit+1","floor":14}],"player_experience":394333,"relics_obtained":[{"floor":7,"key":"Toxic Egg 2"},{"floor":9,"key":"Meat on the Bone"},{"floor":12,"key":"Incense Burner"},{"floor":14,"key":"Question Card"}],"event_choices":[{"damage_healed":0,"gold_gain":0,"player_choice":"Ignored","damage_taken":0,"max_hp_gain":0,"max_hp_loss":0,"event_name":"Liars Game","floor":2,"gold_loss":0},{"cards_removed":["Strike_R"],"damage_healed":0,"gold_gain":0,"player_choice":"Card Removal","damage_taken":0,"max_hp_gain":0,"max_hp_loss":0,"event_name":"The Cleric","floor":3,"gold_loss":75}],"is_beta":false,"boss_relics":[],"items_purged_floors":[],"is_endless":false,"potions_floor_spawned":[5,11,14],"killed_by":"The Guardian","ascension_level":18}