{"gold_per_floor":[117,137,154,174,174,200,200,214,214,38,38,38,51,85,85,181,181,191,208,220,220,220,255,255,285,285,310,310,327,327,341,341,441,441,454,454,465,16,34,34,50,50,50,66,82,32,32,44,44,44],"floor_reached":50,"playtime":6455,"items_purged":["Strike_B"],"score":592,"play_id":"4ba2604e-3c42-4359-96c4-a29ff61502ea","local_time":"20180818001654","is_ascension_mode":true,"campfire_choices":[{"floor":7,"key":"REST"},{"data":"Loop","floor":11,"key":"SMITH"},{"floor":15,"key":"REST"},{"floor":24,"key":"REST"},{"floor":30,"key":"REST"},{"floor":32,"key":"REST"},{"floor":40,"key":"REST"},{"floor":42,"key":"REST"},{"floor":49,"key":"REST"}],"neow_cost":"NONE","seed_source_timestamp":1034555429974418,"circlet_count":0,"master_deck":["Strike_B","Strike_B","Defend_B","Defend_B","Defend_B","Defend_B","Zap","Dualcast","Cold Snap","Rip and Tear","Doom and Gloom","Double Energy","Stack","Glacier","Chill","Leap","Loop+1","Ball Lightning","Redo","Rainbow","Cold Snap","Loop","Cold Snap+1","RitualDagger","Skim","Darkness","Defragment","Consume","Redo+1","Seek","Doom and Gloom+1","Skim+1","Cold Snap","Conserve Battery","Creative AI","Stack+1","Coolheaded+1","Capacitor","Mayhem","Madness","Redo+1","Hologram+1","Consume","Coolheaded+1","Coolheaded","Skim"],"relics":["Runic Dome","Torii","Question Card","Bottled Flame","Bottled Tornado","Fusion Hammer","Sundial","Pear","Ancient Tea Set","Blood Vial","Lantern","Orrery","Incense Burner"],"potions_floor_usage":[16,29,33,33,33,45,50,50],"damage_taken":[{"damage":4,"enemies":"Cultist","floor":1,"turns":4},{"damage":0,"enemies":"2 Louse","floor":2,"turns":2},{"damage":0,"enemies":"Small Slimes","floor":3,"turns":3},{"damage":1,"enemies":"Exordium Wildlife","floor":4,"turns":3},{"damage":18,"enemies":"3 Sentries","floor":6,"turns":5},{"damage":8,"enemies":"Red Slaver","floor":8,"turns":4},{"damage":1,"enemies":"Exordium Thugs","floor":13,"turns":5},{"damage":12,"enemies":"Lagavulin","floor":14,"turns":6},{"damage":11,"enemies":"Slime Boss","floor":16,"turns":10},{"damage":0,"enemies":"Spheric Guardian","floor":18,"turns":3},{"damage":1,"enemies":"Chosen","floor":19,"turns":4},{"damage":0,"enemies":"Snecko","floor":20,"turns":4},{"damage":27,"enemies":"Book of Stabbing","floor":23,"turns":5},{"damage":16,"enemies":"Slavers","floor":25,"turns":6},{"damage":16,"enemies":"Book of Stabbing","floor":27,"turns":5},{"damage":16,"enemies":"Shelled Parasite and Fungi","floor":29,"turns":3},{"damage":21,"enemies":"Snake Plant","floor":31,"turns":3},{"damage":53,"enemies":"Champ","floor":33,"turns":10},{"damage":15,"enemies":"3 Darklings","floor":35,"turns":7},{"damage":10,"enemies":"Flame Bruiser 1 Orb","floor":37,"turns":4},{"damage":32,"enemies":"Spire Growth","floor":39,"turns":4},{"damage":32,"enemies":"4 Shapes","floor":41,"turns":4},{"damage":13,"enemies":"Sphere and 2 Shapes","floor":44,"turns":8},{"damage":1,"enemies":"Transient","floor":45,"turns":5},{"damage":17,"enemies":"Flame Bruiser 2 Orb","floor":48,"turns":7},{"damage":88,"enemies":"Awakened One","floor":50,"turns":11}],"seed_played":"-4662297184779389781","potions_obtained":[{"floor":3,"key":"Swift Potion"},{"floor":8,"key":"Ancient Potion"},{"floor":13,"key":"Block Potion"},{"floor":16,"key":"Weak Potion"},{"floor":18,"key":"Fire Potion"},{"floor":19,"key":"SpeedPotion"},{"floor":25,"key":"LiquidBronze"},{"floor":29,"key":"Energy Potion"},{"floor":35,"key":"Weak Potion"},{"floor":37,"key":"Explosive Potion"},{"floor":48,"key":"Swift Potion"}],"is_trial":false,"path_per_floor":["M","M","M","M","?","E","R","M","T","$","R","?","M","E","R","B",null,"M","M","M","?","?","E","R","E","T","E","?","M","R","M","R","B",null,"M","?","M","$","M","R","M","R","T","M","M","$","?","M","R"],"character_chosen":"DEFECT","items_purchased":["Chill","Leap","Loop","Capacitor","Mayhem","Madness","Coolheaded"],"campfire_rested":8,"item_purchase_floors":[10,10,10,38,38,38,46],"current_hp_per_floor":[71,71,71,70,63,45,67,59,59,59,59,59,58,46,68,57,75,75,74,74,68,68,51,76,60,60,46,46,32,57,38,63,12,85,70,70,62,62,32,57,27,52,52,41,42,42,74,57,74,0],"gold":44,"neow_bonus":"BOSS_RELIC","is_prod":false,"is_daily":false,"chose_seed":false,"campfire_upgraded":1,"win_rate":0,"timestamp":1534569414,"path_taken":["M","M","M","M","?","E","R","M","T","$","R","?","?","E","R","BOSS","M","M","M","?","?","E","R","E","T","E","?","M","R","M","R","BOSS","M","?","?","$","M","R","M","R","T","M","M","$","?","M","R","BOSS"],"build_version":"2018-08-16","purchased_purges":1,"victory":false,"max_hp_per_floor":[75,75,75,75,75,75,75,75,75,75,75,75,75,75,75,75,75,75,75,75,75,75,85,85,85,85,85,85,85,85,85,85,85,85,85,85,85,85,85,85,85,85,85,85,85,85,74,74,74,74],"card_choices":[{"not_picked":["Compile Driver","Conserve Battery"],"picked":"Cold Snap","floor":1},{"not_picked":["Steam","Stack"],"picked":"Rip and Tear","floor":2},{"not_picked":["Capacitor","Streamline"],"picked":"Doom and Gloom","floor":3},{"not_picked":["Beam Cell","Turbo"],"picked":"Double Energy","floor":4},{"not_picked":["Storm","Auto Shields"],"picked":"Stack","floor":6},{"not_picked":["Cold Snap","Rebound","Redo"],"picked":"Glacier","floor":8},{"not_picked":["Force Field","Reprogram","Thunder Strike"],"picked":"Ball Lightning","floor":13},{"not_picked":["Self Repair","BootSequence","Rip and Tear"],"picked":"Redo","floor":14},{"not_picked":["Machine Learning","Buffer","Reboot"],"picked":"Rainbow","floor":16},{"not_picked":["Recycle","Barrage","Leap"],"picked":"Cold Snap","floor":18},{"not_picked":["Self Repair","Undo","Stack"],"picked":"Loop","floor":19},{"not_picked":["BootSequence","Beam Cell","Streamline"],"picked":"Cold Snap+1","floor":20},{"not_picked":["BootSequence","Redo","Hologram"],"picked":"Skim","floor":23},{"not_picked":["Core Surge","Cold Snap+1","Turbo"],"picked":"Darkness","floor":25},{"not_picked":["White Noise","Stack+1","Coolheaded"],"picked":"Defragment","floor":27},{"not_picked":["Lockon","FTL","Loop"],"picked":"Consume","floor":29},{"not_picked":["Turbo","Barrage","Gash"],"picked":"Redo+1","floor":31},{"not_picked":["All For One","Multi-Cast","Buffer"],"picked":"Seek","floor":33},{"not_picked":["Ball Lightning","Beam Cell","Steam Power"],"picked":"Doom and Gloom+1","floor":34},{"not_picked":["Auto Shields","BootSequence+1","Sweeping Beam"],"picked":"Skim+1","floor":34},{"not_picked":["Lockon","Force Field","Genetic Algorithm+1"],"picked":"Cold Snap","floor":34},{"not_picked":["BootSequence","Stack","Barrage"],"picked":"Conserve Battery","floor":34},{"not_picked":["Conserve Battery","Chaos","Leap"],"picked":"Creative AI","floor":34},{"not_picked":["Gash+1","Chill+1","Leap"],"picked":"Stack+1","floor":35},{"not_picked":["Compile Driver+1","Steam+1","Double Energy"],"picked":"Coolheaded+1","floor":37},{"not_picked":["Darkness","Recycle","Blizzard+1"],"picked":"Redo+1","floor":39},{"not_picked":["Stack+1","Turbo+1","Rebound+1"],"picked":"Hologram+1","floor":41},{"not_picked":["Static Discharge","Rainbow","Coolheaded+1"],"picked":"Consume","floor":44},{"not_picked":["Sweeping Beam","BootSequence+1","Rebound+1"],"picked":"Coolheaded+1","floor":45},{"not_picked":["Gash","Sunder","Steam"],"picked":"Skim","floor":48}],"player_experience":102285,"relics_obtained":[{"floor":6,"key":"Question Card"},{"floor":9,"key":"Bottled Flame"},{"floor":14,"key":"Bottled Tornado"},{"floor":23,"key":"Pear"},{"floor":25,"key":"Ancient Tea Set"},{"floor":26,"key":"Blood Vial"},{"floor":27,"key":"Lantern"},{"floor":43,"key":"Incense Burner"}],"event_choices":[{"event_name":"Scrap Ooze","player_choice":"success","floor":5,"damage_taken":7},{"event_name":"Liars Game","player_choice":"disagreed","floor":12,"damage_taken":0},{"event_name":"Nest","player_choice":"Joined the Cult","floor":21,"damage_taken":0},{"event_name":"WeMeetAgain","player_choice":"Potion","floor":22,"damage_taken":0},{"event_name":"The Mausoleum","player_choice":"No","floor":28,"damage_taken":0},{"event_name":"Purifier","player_choice":"One Purge","floor":36,"damage_taken":0},{"event_name":"The Moai Head","player_choice":"Heal","floor":47,"damage_taken":0}],"is_beta":false,"boss_relics":[{"not_picked":["Coffee Dripper","Cursed Key"],"picked":"Fusion Hammer"},{"not_picked":["Sozu","Astrolabe"],"picked":"Orrery"}],"items_purged_floors":[38],"is_endless":false,"potions_floor_spawned":[3,8,13,16,18,19,25,29,35,37,48],"killed_by":"Awakened One","ascension_level":1}