{"gold_per_floor":[116,116,135,115,127,158,158,170,170,197,227,239,284,309,321,432,444,469,491,503,531,556,568,610,622,634,708,720,732,760,786,798,810],"floor_reached":33,"playtime":2061,"items_purged":[],"score":479,"play_id":"db798bfd-aeab-45a2-a758-39ecd56c4b0a","local_time":"20190131152456","is_ascension_mode":true,"campfire_choices":[{"floor":7,"key":"REST"},{"data":"Beam Cell","floor":15,"key":"SMITH"},{"floor":23,"key":"REST"},{"floor":25,"key":"REST"},{"floor":29,"key":"REST"},{"data":"Rip and Tear","floor":32,"key":"SMITH"}],"neow_cost":"NONE","seed_source_timestamp":768946580062043,"circlet_count":0,"master_deck":["AscendersBane","Strike_B","Strike_B","Strike_B","Defend_B","Defend_B","Defend_B","Defend_B","Zap+1","Dualcast","Darkness+1","Ball Lightning","Genetic Algorithm","BootSequence","BootSequence","Beam Cell+1","Coolheaded+1","Rip and Tear+1","Sunder","Doom and Gloom","Multi-Cast+1","Doom and Gloom","Doom and Gloom","Cold Snap+1","Darkness+1","Self Repair+1","Fission+1"],"relics":["Cracked Core","Letter Opener","Toxic Egg 2","MawBank","Pantograph","Velvet Choker","Orichalcum","Kunai","Tiny Chest"],"potions_floor_usage":[6,10,13,18,19,21,22,31,33],"damage_taken":[{"damage":5,"enemies":"Small Slimes","floor":1,"turns":2},{"damage":4,"enemies":"2 Louse","floor":3,"turns":3},{"damage":0,"enemies":"Cultist","floor":5,"turns":3},{"damage":34,"enemies":"Gremlin Nob","floor":6,"turns":4},{"damage":0,"enemies":"2 Fungi Beasts","floor":8,"turns":2},{"damage":26,"enemies":"3 Sentries","floor":10,"turns":8},{"damage":2,"enemies":"Exordium Wildlife","floor":11,"turns":3},{"damage":16,"enemies":"Lagavulin","floor":13,"turns":5},{"damage":0,"enemies":"Red Slaver","floor":14,"turns":3},{"damage":8,"enemies":"Hexaghost","floor":16,"turns":9},{"damage":8,"enemies":"2 Thieves","floor":18,"turns":3},{"damage":0,"enemies":"Shell Parasite","floor":19,"turns":3},{"damage":13,"enemies":"3 Cultists","floor":21,"turns":5},{"damage":21,"enemies":"Snecko","floor":22,"turns":4},{"damage":35,"enemies":"Gremlin Leader","floor":24,"turns":6},{"damage":21,"enemies":"Slavers","floor":27,"turns":5},{"damage":4,"enemies":"Snake Plant","floor":30,"turns":2},{"damage":0,"enemies":"Centurion and Healer","floor":31,"turns":5},{"damage":73,"enemies":"Champ","floor":33,"turns":8}],"seed_played":"-7116300674018997357","potions_obtained":[{"floor":1,"key":"Ancient Potion"},{"floor":4,"key":"SkillPotion"},{"floor":11,"key":"GamblersBrew"},{"floor":13,"key":"Fire Potion"},{"floor":16,"key":"AttackPotion"},{"floor":18,"key":"Block Potion"},{"floor":21,"key":"Swift Potion"},{"floor":27,"key":"GamblersBrew"},{"floor":30,"key":"Dexterity Potion"}],"is_trial":false,"path_per_floor":["M","?","M","?","M","E","R","M","T","E","M","?","E","M","R","B",null,"M","M","$","M","M","R","E","R","T","E","?","R","M","M","R","B"],"character_chosen":"DEFECT","items_purchased":[],"campfire_rested":4,"item_purchase_floors":[],"current_hp_per_floor":[63,63,59,59,59,25,47,47,47,21,19,19,3,3,3,20,61,53,53,53,40,19,41,6,28,28,7,7,29,25,35,35,0],"gold":810,"neow_bonus":"UPGRADE_CARD","is_prod":false,"is_daily":false,"chose_seed":false,"campfire_upgraded":2,"win_rate":0,"timestamp":1548969896,"path_taken":["M","?","M","?","M","E","R","?","T","E","M","?","E","M","R","BOSS","M","M","$","M","M","R","E","R","T","E","?","R","?","M","R","BOSS"],"build_version":"2019-01-23","purchased_purges":0,"victory":false,"max_hp_per_floor":[75,75,75,75,75,75,75,75,75,75,75,75,75,75,75,75,75,75,75,75,75,75,75,75,75,75,75,75,75,75,75,75,75],"card_choices":[{"not_picked":["Reinforced Body","Steam Power"],"picked":"Darkness","floor":1},{"not_picked":["Defragment","Coolheaded"],"picked":"Ball Lightning","floor":3},{"not_picked":["Loop","Rebound"],"picked":"Genetic Algorithm","floor":5},{"not_picked":["Gash","Hologram"],"picked":"BootSequence","floor":6},{"not_picked":["Gash","Fusion"],"picked":"BootSequence","floor":8},{"not_picked":["Capacitor","Meteor Strike"],"picked":"Beam Cell","floor":10},{"not_picked":["Beam Cell","Sweeping Beam"],"picked":"Coolheaded+1","floor":11},{"not_picked":["Gash","Defragment"],"picked":"Sunder","floor":13},{"not_picked":["Sunder","Barrage"],"picked":"Doom and Gloom","floor":14},{"not_picked":["Hyperbeam","Reboot+1"],"picked":"Multi-Cast+1","floor":16},{"not_picked":["Conserve Battery+1","Barrage"],"picked":"Doom and Gloom","floor":18},{"not_picked":["Storm+1","Beam Cell+1"],"picked":"Doom and Gloom","floor":19},{"not_picked":["Chill+1","Streamline","Gash+1"],"picked":"SKIP","floor":21},{"not_picked":["Aggregate+1","Go for the Eyes"],"picked":"Cold Snap+1","floor":22},{"not_picked":["Turbo+1","Heatsinks"],"picked":"Darkness+1","floor":24},{"not_picked":["Scrape","Reprogram+1"],"picked":"Self Repair+1","floor":27},{"not_picked":["Undo+1","Recycle+1"],"picked":"Fission+1","floor":30},{"not_picked":["Turbo+1","Steam Power+1","Streamline+1"],"picked":"SKIP","floor":31},{"not_picked":["Turbo+1","Steam Power+1","Streamline+1"],"picked":"SKIP","floor":31}],"player_experience":646151,"relics_obtained":[{"floor":6,"key":"Letter Opener"},{"floor":9,"key":"Toxic Egg 2"},{"floor":10,"key":"MawBank"},{"floor":13,"key":"Pantograph"},{"floor":24,"key":"Orichalcum"},{"floor":26,"key":"Kunai"},{"floor":27,"key":"Tiny Chest"}],"event_choices":[{"damage_healed":0,"gold_gain":0,"player_choice":"Ignored","damage_taken":0,"max_hp_gain":0,"max_hp_loss":0,"event_name":"Liars Game","floor":2,"gold_loss":0},{"damage_healed":0,"gold_gain":0,"player_choice":"Bought 1 Potion","damage_taken":0,"max_hp_gain":0,"max_hp_loss":0,"event_name":"The Woman in Blue","floor":4,"gold_loss":0},{"damage_healed":0,"gold_gain":0,"cards_transformed":["Strike_B"],"player_choice":"Change","damage_taken":0,"max_hp_gain":0,"max_hp_loss":0,"event_name":"Living Wall","floor":12,"gold_loss":0,"cards_obtained":["Rip and Tear"]},{"damage_healed":0,"gold_gain":0,"player_choice":"Upgraded","damage_taken":0,"max_hp_gain":0,"max_hp_loss":0,"event_name":"Upgrade Shrine","floor":28,"gold_loss":0,"cards_upgraded":["Darkness"]}],"is_beta":false,"boss_relics":[{"not_picked":["Runic Dome","Tiny House"],"picked":"Velvet Choker"}],"items_purged_floors":[],"is_endless":false,"potions_floor_spawned":[1,5,11,13,16,18,21,27,30],"killed_by":"Champ","ascension_level":11}