{"gold_per_floor":[115,135,3,28,28,28,45,45,95,107,107,107,117,143,143,217,217,232,101,101,115,115,115,129,54,79,79,26,55,55,65,65,137,137,151,44,60,77,77,77,0,0,0,16,16],"floor_reached":45,"playtime":918,"items_purged":["Strike_R"],"score":797,"play_id":"30aadc5e-8e5d-4e25-9aea-81de33a07042","local_time":"20190109213301","is_ascension_mode":true,"campfire_choices":[{"data":"Whirlwind","floor":6,"key":"SMITH"},{"data":"Disarm","floor":8,"key":"SMITH"},{"data":"Sword Boomerang","floor":12,"key":"SMITH"},{"data":"Burning Pact","floor":15,"key":"SMITH"},{"floor":23,"key":"RECALL"},{"data":"Offering","floor":27,"key":"SMITH"},{"data":"Spot Weakness","floor":30,"key":"SMITH"},{"data":"Defend_R","floor":32,"key":"SMITH"},{"data":"Limit Break","floor":40,"key":"SMITH"},{"data":"Dark Shackles","floor":42,"key":"SMITH"}],"neow_cost":"NONE","seed_source_timestamp":10918251605828,"circlet_count":0,"master_deck":["AscendersBane","Strike_R","Strike_R+1","Defend_R","Defend_R","Defend_R+1","Defend_R+1","Bash","Spot Weakness+1","Whirlwind+1","Disarm+1","Sword Boomerang+1","Burning Pact+1","Offering+1","Shrug It Off+1","Shockwave+1","Inflame+1","Limit Break+1","Dark Shackles+1"],"relics":["Burning Blood","NeowsBlessing","Vajra","Boot","Nunchaku","Coffee Dripper","Bronze Scales","Matryoshka","Runic Dome","Red Mask","Anchor","Mercury Hourglass"],"potions_floor_usage":[13,14,18,24,29,33],"damage_taken":[{"damage":0,"enemies":"Cultist","floor":1,"turns":1},{"damage":0,"enemies":"Jaw Worm","floor":2,"turns":1},{"damage":0,"enemies":"2 Louse","floor":7,"turns":1},{"damage":3,"enemies":"Looter","floor":10,"turns":3},{"damage":11,"enemies":"Gremlin Gang","floor":13,"turns":3},{"damage":11,"enemies":"Lagavulin","floor":14,"turns":7},{"damage":29,"enemies":"Hexaghost","floor":16,"turns":11},{"damage":18,"enemies":"2 Thieves","floor":18,"turns":3},{"damage":6,"enemies":"3 Byrds","floor":21,"turns":2},{"damage":3,"enemies":"Snecko","floor":24,"turns":5},{"damage":25,"enemies":"Slavers","floor":29,"turns":2},{"damage":10,"enemies":"3 Cultists","floor":31,"turns":4},{"damage":21,"enemies":"Champ","floor":33,"turns":8},{"damage":6,"enemies":"Orb Walker","floor":35,"turns":2},{"damage":9,"enemies":"3 Darklings","floor":37,"turns":2},{"damage":56,"enemies":"Sphere and 2 Shapes","floor":38,"turns":4},{"damage":6,"enemies":"Jaw Worm Horde","floor":44,"turns":3},{"damage":0,"enemies":"4 Shapes","floor":45,"turns":1}],"seed_played":"-2940370994409649863","potions_obtained":[{"floor":1,"key":"SkillPotion"},{"floor":13,"key":"Poison Potion"},{"floor":16,"key":"Dexterity Potion"},{"floor":18,"key":"Dexterity Potion"},{"floor":21,"key":"SkillPotion"},{"floor":24,"key":"Ancient Potion"},{"floor":38,"key":"Poison Potion"},{"floor":44,"key":"AttackPotion"}],"is_trial":false,"path_per_floor":["M","M","$","T","?","R","M","R","T","M","?","R","M","E","R","B",null,"M","$","?","M","?","R","M","?","T","R","$","E","R","M","R","B",null,"M","$","M","M","$","R","?","R","T","M","M"],"character_chosen":"IRONCLAD","items_purchased":["Disarm","Sword Boomerang","Shrug It Off","Energy Potion","Dark Shackles"],"campfire_rested":0,"item_purchase_floors":[3,3,19,28,36],"current_hp_per_floor":[74,75,75,75,52,52,58,58,58,61,61,61,56,51,51,28,63,51,51,51,51,51,51,54,54,54,54,54,35,35,31,31,16,60,60,60,57,7,7,7,7,7,7,7,7],"gold":16,"neow_bonus":"THREE_ENEMY_KILL","is_prod":false,"is_daily":false,"chose_seed":false,"campfire_upgraded":9,"win_rate":0,"timestamp":1547069581,"path_taken":["M","?","$","?","?","R","M","R","T","M","?","R","M","E","R","BOSS","M","$","?","?","?","R","M","?","T","R","$","E","R","M","R","BOSS","M","$","M","M","$","R","?","R","T","M","M"],"build_version":"2019-01-03v4","purchased_purges":1,"victory":false,"max_hp_per_floor":[75,75,75,75,75,75,75,75,75,75,75,75,75,75,75,75,75,75,75,75,75,75,75,75,75,75,75,75,75,75,75,75,75,75,75,75,75,75,75,75,75,75,75,75,75],"card_choices":[{"not_picked":["Reckless Charge","Shrug It Off"],"picked":"Spot Weakness","floor":1},{"not_picked":["Warcry","Armaments"],"picked":"Whirlwind","floor":2},{"not_picked":["Heavy Blade","Sever Soul","Carnage"],"picked":"SKIP","floor":7},{"not_picked":["Carnage","Fire Breathing","Perfected Strike"],"picked":"SKIP","floor":10},{"not_picked":["Shrug It Off","Anger"],"picked":"Burning Pact","floor":13},{"not_picked":["Clash","Spot Weakness","Headbutt"],"picked":"SKIP","floor":14},{"not_picked":["Brutality","Demon Form"],"picked":"Offering","floor":16},{"not_picked":["Clash","Searing Blow","Entrench"],"picked":"SKIP","floor":18},{"not_picked":["Armaments+1","Warcry"],"picked":"Shockwave+1","floor":21},{"not_picked":["Perfected Strike","Fire Breathing","Body Slam"],"picked":"SKIP","floor":24},{"not_picked":["Sentinel","Spot Weakness","Blood for Blood"],"picked":"SKIP","floor":29},{"not_picked":["Body Slam","Sword Boomerang"],"picked":"Inflame+1","floor":31},{"not_picked":["Exhume","Dark Embrace"],"picked":"Limit Break","floor":33},{"not_picked":["Burning Pact+1","Twin Strike+1","Seeing Red"],"picked":"SKIP","floor":35},{"not_picked":["Fire Breathing","Clothesline","Evolve+1"],"picked":"SKIP","floor":37},{"not_picked":["Bloodletting+1","Pommel Strike","Infernal Blade"],"picked":"SKIP","floor":38},{"not_picked":["Sword Boomerang","Headbutt","Twin Strike"],"picked":"SKIP","floor":44}],"player_experience":359881,"relics_obtained":[{"floor":4,"key":"Vajra"},{"floor":9,"key":"Boot"},{"floor":14,"key":"Nunchaku"},{"floor":26,"key":"Bronze Scales"},{"floor":29,"key":"Matryoshka"},{"floor":43,"key":"Anchor"},{"floor":43,"key":"Mercury Hourglass"}],"event_choices":[{"damage_healed":0,"gold_gain":0,"player_choice":"Entered Light","damage_taken":23,"max_hp_gain":0,"max_hp_loss":0,"event_name":"Shining Light","floor":5,"gold_loss":0,"cards_upgraded":["Defend_R","Strike_R"]},{"cards_removed":["Strike_R"],"damage_healed":0,"gold_gain":0,"player_choice":"Forget","damage_taken":0,"max_hp_gain":0,"max_hp_loss":0,"event_name":"Living Wall","floor":11,"gold_loss":0},{"damage_healed":0,"gold_gain":0,"player_choice":"Upgraded","damage_taken":0,"max_hp_gain":0,"max_hp_loss":0,"event_name":"Upgrade Shrine","floor":20,"gold_loss":0,"cards_upgraded":["Shrug It Off"]},{"damage_healed":0,"gold_gain":0,"player_choice":"Ignored","damage_taken":0,"max_hp_gain":0,"max_hp_loss":0,"event_name":"Cursed Tome","floor":22,"gold_loss":0},{"cards_removed":["Strike_R"],"damage_healed":0,"gold_gain":0,"player_choice":"Gave Gold","damage_taken":0,"max_hp_gain":0,"max_hp_loss":0,"event_name":"Beggar","floor":25,"gold_loss":75},{"damage_healed":0,"gold_gain":0,"player_choice":"Paid","damage_taken":0,"relics_obtained":["Red Mask"],"max_hp_gain":0,"max_hp_loss":0,"event_name":"Tomb of Lord Red Mask","floor":41,"gold_loss":77}],"is_beta":false,"boss_relics":[{"not_picked":["Snecko Eye","Empty Cage"],"picked":"Coffee Dripper"},{"not_picked":["Runic Cube","Pandora\u0027s Box"],"picked":"Runic Dome"}],"items_purged_floors":[19],"is_endless":false,"potions_floor_spawned":[1,13,16,18,21,24,38,44],"killed_by":"4 Shapes","ascension_level":17}