{"gold_per_floor":[216,229,244,263,28,28,38,38,118,137,137,165,165,2,2,101,101,101,101,101,101,21,21,21,21,21,21,21,21,21,21,21,21,21,21,21,21,21,21,21,21,21,21,21,21,21,21,21,21,21],"floor_reached":50,"playtime":5210,"items_purged":[],"score":654,"play_id":"19db6c69-1678-46ea-8226-1908801a25e2","local_time":"20190203131343","is_ascension_mode":true,"campfire_choices":[{"data":"Bash","floor":6,"key":"SMITH"},{"data":"Flame Barrier","floor":11,"key":"SMITH"},{"data":"Armaments","floor":15,"key":"SMITH"},{"data":"Barricade","floor":23,"key":"SMITH"},{"data":"Metallicize","floor":25,"key":"SMITH"},{"data":"True Grit","floor":27,"key":"SMITH"},{"data":"Impervious","floor":32,"key":"SMITH"},{"data":"Fiend Fire","floor":40,"key":"SMITH"},{"data":"Madness","floor":42,"key":"SMITH"},{"data":"Madness","floor":46,"key":"SMITH"},{"floor":49,"key":"REST"}],"neow_cost":"NONE","seed_source_timestamp":477051662158900,"circlet_count":0,"master_deck":["Strike_R","Strike_R","Strike_R","Strike_R","Strike_R","Defend_R","Defend_R","Defend_R","Bash+1","Iron Wave","Clothesline","Flame Barrier+1","Barricade+1","Power Through","Thunderclap","Armaments+1","Impervious+1","Reaper","True Grit+1","Havoc+1","Feed","Metallicize+1","Feel No Pain+1","Headbutt","RitualDagger","True Grit","Double Tap","Fiend Fire+1","Armaments+1","Ghostly Armor","Pommel Strike+1","Madness+1","Madness+1","Shrug It Off","Parasite","Metallicize"],"relics":["Burning Blood","Lantern","Ornamental Fan","Dead Branch","Ectoplasm","Art of War","Smiling Mask","Mark of Pain","Unceasing Top","The Courier","Bottled Flame","Vajra"],"potions_floor_usage":[12,12,16,18,24,31,33,44,45,47],"damage_taken":[{"damage":6,"enemies":"Cultist","floor":1,"turns":4},{"damage":4,"enemies":"2 Louse","floor":2,"turns":2},{"damage":7,"enemies":"Jaw Worm","floor":3,"turns":2},{"damage":1,"enemies":"2 Fungi Beasts","floor":4,"turns":3},{"damage":5,"enemies":"Blue Slaver","floor":7,"turns":3},{"damage":0,"enemies":"Exordium Wildlife","floor":10,"turns":3},{"damage":19,"enemies":"3 Sentries","floor":12,"turns":10},{"damage":27,"enemies":"Slime Boss","floor":16,"turns":18},{"damage":2,"enemies":"3 Byrds","floor":18,"turns":7},{"damage":0,"enemies":"Spheric Guardian","floor":20,"turns":10},{"damage":10,"enemies":"Snake Plant","floor":21,"turns":7},{"damage":9,"enemies":"Book of Stabbing","floor":24,"turns":6},{"damage":1,"enemies":"3 Cultists","floor":28,"turns":7},{"damage":0,"enemies":"Centurion and Healer","floor":30,"turns":10},{"damage":34,"enemies":"Snake Plant","floor":31,"turns":6},{"damage":15,"enemies":"Collector","floor":33,"turns":15},{"damage":7,"enemies":"Orb Walker","floor":35,"turns":4},{"damage":25,"enemies":"3 Darklings","floor":37,"turns":4},{"damage":0,"enemies":"Mind Bloom Boss Battle","floor":38,"turns":5},{"damage":8,"enemies":"Jaw Worm Horde","floor":41,"turns":5},{"damage":10,"enemies":"Reptomancer","floor":44,"turns":11},{"damage":5,"enemies":"Maw","floor":45,"turns":6},{"damage":26,"enemies":"Writhing Mass","floor":47,"turns":7},{"damage":60,"enemies":"Giant Head","floor":48,"turns":13},{"damage":62,"enemies":"Donu and Deca","floor":50,"turns":5}],"seed_played":"1718732766750453705","potions_obtained":[{"floor":3,"key":"SpeedPotion"},{"floor":4,"key":"Explosive Potion"},{"floor":10,"key":"Ancient Potion"},{"floor":12,"key":"PowerPotion"},{"floor":16,"key":"Swift Potion"},{"floor":21,"key":"PowerPotion"},{"floor":30,"key":"BloodPotion"},{"floor":37,"key":"Ancient Potion"},{"floor":41,"key":"EssenceOfSteel"},{"floor":44,"key":"Poison Potion"}],"is_trial":false,"path_per_floor":["M","M","M","M","$","R","M","?","T","M","R","E","?","$","R","B",null,"M","?","M","M","$","R","E","R","T","R","M","?","M","M","R","B",null,"M","?","M","?","?","R","M","R","T","E","M","R","M","E","R","B"],"character_chosen":"IRONCLAD","items_purchased":["Lantern","Barricade","Impervious","Metallicize"],"campfire_rested":1,"item_purchase_floors":[5,5,14,22],"current_hp_per_floor":[80,80,79,80,80,80,80,72,72,78,78,65,70,70,70,49,85,85,85,85,81,81,81,78,78,78,78,85,79,85,65,65,69,85,84,84,77,83,72,72,73,73,73,83,84,84,68,18,44,0],"gold":21,"neow_bonus":"HUNDRED_GOLD","is_prod":false,"is_daily":false,"chose_seed":false,"campfire_upgraded":10,"win_rate":0,"timestamp":1549217623,"path_taken":["M","M","M","M","$","R","M","?","T","?","R","E","?","$","R","BOSS","M","?","M","M","$","R","E","R","T","R","M","?","M","M","R","BOSS","M","?","M","?","?","R","?","R","T","E","M","R","M","E","R","BOSS"],"build_version":"2019-01-23","purchased_purges":0,"victory":false,"max_hp_per_floor":[80,80,80,80,80,80,80,80,80,80,80,80,85,85,85,85,85,85,85,85,85,85,85,85,85,85,85,85,85,85,85,85,85,85,85,85,85,85,85,85,88,88,88,88,88,88,88,88,88,88],"card_choices":[{"not_picked":["Dual Wield","Twin Strike"],"picked":"Iron Wave","floor":1},{"not_picked":["Fire Breathing","Sever Soul"],"picked":"Clothesline","floor":2},{"not_picked":["Havoc","Rupture"],"picked":"Flame Barrier","floor":3},{"not_picked":["Clothesline","Warcry","Dual Wield"],"picked":"SKIP","floor":4},{"not_picked":["Impervious","Ghostly Armor"],"picked":"Power Through","floor":7},{"not_picked":["Rupture","Sever Soul"],"picked":"Thunderclap","floor":10},{"not_picked":["Shockwave","Flex"],"picked":"Armaments","floor":12},{"not_picked":["Brutality","Offering"],"picked":"Reaper","floor":16},{"not_picked":["Metallicize","Whirlwind"],"picked":"True Grit","floor":18},{"not_picked":["Anger","Iron Wave+1"],"picked":"Havoc+1","floor":20},{"not_picked":["Havoc","Rupture+1"],"picked":"Feed","floor":21},{"not_picked":["Clothesline","Flex"],"picked":"Feel No Pain+1","floor":24},{"not_picked":["Anger","Wild Strike"],"picked":"Headbutt","floor":28},{"not_picked":["Armaments","Fire Breathing+1"],"picked":"True Grit","floor":30},{"not_picked":["Headbutt+1","Sever Soul"],"picked":"Double Tap","floor":31},{"not_picked":["Immolate","Feed"],"picked":"Fiend Fire","floor":33},{"not_picked":["Thunderclap","Cleave+1"],"picked":"Armaments+1","floor":35},{"not_picked":["Perfected Strike+1","Twin Strike+1"],"picked":"Ghostly Armor","floor":37},{"not_picked":["Searing Blow+1","Heavy Blade+1"],"picked":"Pommel Strike+1","floor":38},{"not_picked":["Thunderclap+1","Reckless Charge","True Grit"],"picked":"SKIP","floor":41},{"not_picked":["Offering","Clothesline","Iron Wave+1"],"picked":"SKIP","floor":44},{"not_picked":["Evolve","Perfected Strike"],"picked":"Shrug It Off","floor":45},{"not_picked":["Wild Strike","Cleave+1"],"picked":"Metallicize","floor":47},{"not_picked":["Perfected Strike","Sword Boomerang+1","Flex"],"picked":"SKIP","floor":48}],"player_experience":90974,"relics_obtained":[{"floor":9,"key":"Ornamental Fan"},{"floor":12,"key":"Dead Branch"},{"floor":24,"key":"Art of War"},{"floor":26,"key":"Smiling Mask"},{"floor":38,"key":"Unceasing Top"},{"floor":43,"key":"The Courier"},{"floor":44,"key":"Bottled Flame"},{"floor":48,"key":"Vajra"}],"event_choices":[{"damage_healed":0,"gold_gain":0,"player_choice":"Damaged","damage_taken":8,"max_hp_gain":0,"max_hp_loss":0,"event_name":"Wheel of Change","floor":8,"gold_loss":0},{"damage_healed":0,"gold_gain":0,"player_choice":"Donut","damage_taken":0,"max_hp_gain":5,"max_hp_loss":0,"event_name":"Big Fish","floor":13,"gold_loss":0},{"damage_healed":0,"gold_gain":0,"player_choice":"Ignored","damage_taken":0,"max_hp_gain":0,"max_hp_loss":0,"event_name":"Beggar","floor":19,"gold_loss":0},{"damage_healed":0,"gold_gain":0,"player_choice":"Joined the Cult","damage_taken":6,"max_hp_gain":0,"max_hp_loss":0,"event_name":"Nest","floor":29,"gold_loss":0,"cards_obtained":["RitualDagger"]},{"cards_removed":["Defend_R"],"damage_healed":0,"gold_gain":0,"player_choice":"Removed Skill","damage_taken":0,"max_hp_gain":0,"max_hp_loss":0,"event_name":"Falling","floor":36,"gold_loss":0},{"damage_healed":0,"gold_gain":0,"player_choice":"Fight","damage_taken":0,"max_hp_gain":0,"max_hp_loss":0,"event_name":"MindBloom","floor":38,"gold_loss":0},{"damage_healed":0,"gold_gain":0,"player_choice":"Embrace Madness","damage_taken":11,"max_hp_gain":0,"max_hp_loss":0,"event_name":"Winding Halls","floor":39,"gold_loss":0,"cards_obtained":["Madness","Madness"]}],"is_beta":false,"boss_relics":[{"not_picked":["Coffee Dripper","Calling Bell"],"picked":"Ectoplasm"},{"not_picked":["Runic Cube","White Beast Statue"],"picked":"Mark of Pain"}],"items_purged_floors":[],"is_endless":false,"potions_floor_spawned":[3,4,10,12,16,21,30,37,41,44],"killed_by":"Donu and Deca","ascension_level":4}