{"gold_per_floor":[312,159,234,244,261,293,293,321,348,523,523,536,536,51,51,152,152,165,52,71,85,85,116,116,144,144,144,174,174,174,185,185,288,288,302,2,102,118,118,152,152,179,179,210,210,210,235,250,250,250],"floor_reached":51,"playtime":3868,"items_purged":["Doubt"],"score":1394,"play_id":"1c36257d-85a1-4835-8c25-b063e8b98806","local_time":"20190128020843","is_ascension_mode":true,"campfire_choices":[{"floor":7,"key":"REST"},{"data":"Defragment","floor":11,"key":"SMITH"},{"data":"Rainbow","floor":15,"key":"SMITH"},{"floor":24,"key":"REST"},{"floor":29,"key":"REST"},{"data":"Ghostly","floor":32,"key":"SMITH"},{"floor":41,"key":"REST"},{"floor":45,"key":"REST"},{"data":"Ghostly","floor":49,"key":"SMITH"}],"neow_cost":"NO_GOLD","seed_source_timestamp":460157158242851,"circlet_count":0,"master_deck":["Strike_B","Strike_B","Strike_B","Strike_B","Defend_B","Defend_B","Defend_B","Defend_B","Zap","Dualcast","Ball Lightning","Rainbow+1","Defragment+1","Glacier","Rip and Tear","Echo Form","Defragment","Consume","Coolheaded+1","Blizzard","Echo Form","Coolheaded+1","Ghostly+1","Ghostly+1","Ghostly","Ghostly","Ghostly","Biased Cognition"],"relics":["Cracked Core","Old Coin","Bronze Scales","Bag of Marbles","Boot","Dream Catcher","Happy Flower","Symbiotic Virus","Snecko Eye","Girya","Singing Bowl","Turnip","Thread and Needle","Busted Crown","Dead Branch","Ice Cream","Ancient Tea Set","Lantern","Blood Vial","Regal Pillow"],"potions_floor_usage":[16,18,21,37,40,44,50],"damage_taken":[{"damage":4,"enemies":"Jaw Worm","floor":1,"turns":3},{"damage":0,"enemies":"Small Slimes","floor":4,"turns":3},{"damage":0,"enemies":"2 Louse","floor":5,"turns":3},{"damage":31,"enemies":"3 Sentries","floor":6,"turns":6},{"damage":21,"enemies":"Lagavulin","floor":8,"turns":6},{"damage":8,"enemies":"Large Slime","floor":12,"turns":4},{"damage":2,"enemies":"Hexaghost","floor":16,"turns":9},{"damage":3,"enemies":"Chosen","floor":18,"turns":4},{"damage":8,"enemies":"3 Byrds","floor":20,"turns":2},{"damage":1,"enemies":"3 Cultists","floor":21,"turns":4},{"damage":34,"enemies":"Book of Stabbing","floor":23,"turns":5},{"damage":15,"enemies":"Slavers","floor":25,"turns":6},{"damage":0,"enemies":"Gremlin Leader","floor":28,"turns":5},{"damage":0,"enemies":"Sentry and Sphere","floor":31,"turns":4},{"damage":7,"enemies":"Automaton","floor":33,"turns":13},{"damage":0,"enemies":"Orb Walker","floor":35,"turns":4},{"damage":0,"enemies":"Mind Bloom Boss Battle","floor":37,"turns":7},{"damage":3,"enemies":"3 Darklings","floor":38,"turns":5},{"damage":42,"enemies":"Giant Head","floor":40,"turns":11},{"damage":0,"enemies":"Nemesis","floor":42,"turns":7},{"damage":0,"enemies":"Giant Head","floor":44,"turns":7},{"damage":0,"enemies":"Nemesis","floor":47,"turns":9},{"damage":0,"enemies":"Sphere and 2 Shapes","floor":48,"turns":7},{"damage":0,"enemies":"Awakened One","floor":50,"turns":13}],"seed_played":"6721297287881825501","potions_obtained":[{"floor":1,"key":"SpeedPotion"},{"floor":8,"key":"SpeedPotion"},{"floor":12,"key":"Fire Potion"},{"floor":16,"key":"EssenceOfSteel"},{"floor":18,"key":"SpeedPotion"},{"floor":20,"key":"Fruit Juice"},{"floor":28,"key":"Explosive Potion"},{"floor":37,"key":"Swift Potion"},{"floor":42,"key":"SkillPotion"},{"floor":44,"key":"SkillPotion"},{"floor":46,"key":"Poison Potion"},{"floor":47,"key":"Regen Potion"}],"is_trial":false,"path_per_floor":["M","$","?","M","M","E","R","E","T","?","R","M","?","$","R","B",null,"M","$","M","M","?","E","R","E","T","?","E","R","?","M","R","B",null,"M","$","?","M","?","E","R","E","T","E","R","?","E","M","R","B",null],"character_chosen":"DEFECT","items_purchased":["Bronze Scales","Happy Flower","Symbiotic Virus","Defragment","Consume","Dead Branch"],"campfire_rested":5,"item_purchase_floors":[2,14,14,19,19,36],"current_hp_per_floor":[64,64,53,53,53,22,44,23,23,23,23,15,15,15,15,13,60,57,57,49,48,48,14,36,21,21,21,23,46,38,40,40,33,38,40,40,47,46,46,6,23,25,25,27,46,46,50,54,54,56],"gold":250,"neow_bonus":"ONE_RARE_RELIC","is_prod":false,"is_daily":false,"chose_seed":false,"campfire_upgraded":4,"win_rate":0,"timestamp":1548662923,"path_taken":["M","$","?","M","M","E","R","E","T","?","R","M","?","$","R","BOSS","M","$","M","M","?","E","R","E","T","?","E","R","?","M","R","BOSS","M","$","?","M","?","E","R","E","T","E","R","?","E","?","R","BOSS"],"build_version":"2019-01-23","purchased_purges":1,"victory":true,"max_hp_per_floor":[75,75,75,75,75,75,75,75,75,75,75,75,75,75,75,75,75,75,75,75,75,75,75,75,75,75,75,77,77,38,40,40,40,40,42,42,49,51,51,53,55,57,57,59,61,61,63,65,65,65],"card_choices":[{"not_picked":["Cold Snap","Steam"],"picked":"Ball Lightning","floor":1},{"not_picked":["Barrage","Cold Snap"],"picked":"Rainbow","floor":4},{"not_picked":["Genetic Algorithm","Lockon"],"picked":"Defragment","floor":5},{"not_picked":["Turbo","Static Discharge"],"picked":"Glacier","floor":6},{"not_picked":["Meteor Strike","Hello World","Go for the Eyes"],"picked":"SKIP","floor":8},{"not_picked":["Beam Cell","Rebound"],"picked":"Rip and Tear","floor":12},{"not_picked":["Seek","Creative AI"],"picked":"Echo Form","floor":16},{"not_picked":["Redo","Stack+1","Darkness"],"picked":"SKIP","floor":18},{"not_picked":["Redo","Streamline","Reprogram+1"],"picked":"SKIP","floor":20},{"not_picked":["Barrage","Streamline+1"],"picked":"Coolheaded+1","floor":21},{"not_picked":["Redo+1","Hello World"],"picked":"Blizzard","floor":23},{"not_picked":["Compile Driver+1","Storm+1"],"picked":"Echo Form","floor":25},{"not_picked":["Streamline+1","Force Field","Loop+1"],"picked":"Singing Bowl","floor":28},{"not_picked":["Ball Lightning","Conserve Battery"],"picked":"Coolheaded+1","floor":29},{"not_picked":["Rip and Tear","Static Discharge+1","Redo"],"picked":"Singing Bowl","floor":31},{"not_picked":["Machine Learning","Meteor Strike"],"picked":"Biased Cognition","floor":33},{"not_picked":["Ball Lightning+1"],"picked":"Singing Bowl","floor":35},{"not_picked":["White Noise"],"picked":"Singing Bowl","floor":37},{"not_picked":["Compile Driver+1"],"picked":"Singing Bowl","floor":38},{"not_picked":["Rebound"],"picked":"Singing Bowl","floor":40},{"not_picked":["Sweeping Beam"],"picked":"Singing Bowl","floor":41},{"not_picked":["FTL"],"picked":"Singing Bowl","floor":42},{"not_picked":["Turbo"],"picked":"Singing Bowl","floor":44},{"not_picked":["Hello World+1"],"picked":"Singing Bowl","floor":45},{"not_picked":["Turbo+1"],"picked":"Singing Bowl","floor":47},{"not_picked":["Tempest"],"picked":"Singing Bowl","floor":48}],"player_experience":592752,"relics_obtained":[{"floor":6,"key":"Bag of Marbles"},{"floor":8,"key":"Boot"},{"floor":9,"key":"Dream Catcher"},{"floor":23,"key":"Girya"},{"floor":25,"key":"Singing Bowl"},{"floor":26,"key":"Turnip"},{"floor":28,"key":"Thread and Needle"},{"floor":37,"key":"Ice Cream"},{"floor":40,"key":"Ancient Tea Set"},{"floor":42,"key":"Lantern"},{"floor":44,"key":"Blood Vial"},{"floor":47,"key":"Regal Pillow"}],"event_choices":[{"damage_healed":0,"gold_gain":75,"player_choice":"Gather Gold","damage_taken":11,"max_hp_gain":0,"max_hp_loss":0,"event_name":"World of Goop","floor":3,"gold_loss":0},{"damage_healed":0,"gold_gain":175,"player_choice":"AGREE","damage_taken":0,"max_hp_gain":0,"max_hp_loss":0,"event_name":"Liars Game","floor":10,"gold_loss":0,"cards_obtained":["Doubt"]},{"damage_healed":0,"gold_gain":0,"player_choice":"Ignored","damage_taken":0,"max_hp_gain":0,"max_hp_loss":0,"event_name":"Shining Light","floor":13,"gold_loss":0},{"damage_healed":0,"gold_gain":0,"player_choice":"Ignored","damage_taken":0,"max_hp_gain":0,"max_hp_loss":0,"event_name":"Vampires","floor":22,"gold_loss":0},{"damage_healed":0,"gold_gain":0,"player_choice":"Ignored","damage_taken":0,"max_hp_gain":0,"max_hp_loss":0,"event_name":"Cursed Tome","floor":27,"gold_loss":0},{"damage_healed":0,"gold_gain":0,"player_choice":"Became a Ghost","damage_taken":0,"max_hp_gain":0,"max_hp_loss":39,"event_name":"Ghosts","floor":30,"gold_loss":0,"cards_obtained":["Ghostly","Ghostly","Ghostly","Ghostly","Ghostly"]},{"damage_healed":0,"gold_gain":0,"player_choice":"Fight","damage_taken":0,"max_hp_gain":0,"max_hp_loss":0,"event_name":"MindBloom","floor":37,"gold_loss":0},{"damage_healed":0,"gold_gain":0,"player_choice":"Ignored","damage_taken":0,"max_hp_gain":0,"max_hp_loss":0,"event_name":"Tomb of Lord Red Mask","floor":39,"gold_loss":0},{"damage_healed":0,"gold_gain":0,"player_choice":"Got Potions","damage_taken":0,"max_hp_gain":0,"max_hp_loss":0,"event_name":"Lab","floor":46,"gold_loss":0}],"is_beta":false,"boss_relics":[{"not_picked":["Philosopher\u0027s Stone","Calling Bell"],"picked":"Snecko Eye"},{"not_picked":["Pandora\u0027s Box","Fusion Hammer"],"picked":"Busted Crown"}],"items_purged_floors":[14],"is_endless":false,"potions_floor_spawned":[1,8,12,16,18,20,28,37,42,44,47],"ascension_level":9}