{"gold_per_floor":[111,111,8,19,19,19,52,52,52,3,3,3,3,3,3,100,100,115,129,129,54,66,66,21,21,73,73,73,103,103,122,122,219,219,236,256,106,106,120,145,20,48,71,87,87,87,22,22,22,22],"floor_reached":51,"playtime":1168,"items_purged":["Strike_B","Strike_B","Defend_B"],"score":1084,"play_id":"a1e0ea0c-89bc-4419-93c1-7efb22daf47e","local_time":"20181029201214","is_ascension_mode":true,"campfire_choices":[{"data":"Zap","floor":6,"key":"SMITH"},{"data":"Defragment","floor":8,"key":"SMITH"},{"data":"Ball Lightning","floor":15,"key":"SMITH"},{"data":"Coolheaded","floor":23,"key":"SMITH"},{"data":"Go for the Eyes","floor":25,"key":"SMITH"},{"data":"Dualcast","floor":27,"key":"SMITH"},{"data":"Electrodynamics","floor":30,"key":"SMITH"},{"floor":32,"key":"REST"},{"floor":46,"key":"REST"},{"floor":49,"key":"REST"}],"neow_cost":"NONE","seed_source_timestamp":104343265808401,"circlet_count":0,"master_deck":["Defend_B+1","Defend_B+1","Defend_B","Zap+1","Dualcast+1","Reboot","Coolheaded+1","Defragment+1","Ball Lightning+1","Electrodynamics+1","Go for the Eyes+1","Machine Learning","Echo Form","Consume+1","Conserve Battery"],"relics":["Cracked Core","Bottled Lightning","Pear","Letter Opener","Runic Dome","Regal Pillow","Kunai","Inserter","Art of War","Smiling Mask","Dream Catcher","Oddly Smooth Stone"],"potions_floor_usage":[4,7,35,45,45,45,50,50],"damage_taken":[{"damage":4,"enemies":"Jaw Worm","floor":1,"turns":3},{"damage":2,"enemies":"Small Slimes","floor":4,"turns":3},{"damage":2,"enemies":"Lagavulin","floor":7,"turns":5},{"damage":9,"enemies":"The Guardian","floor":16,"turns":9},{"damage":19,"enemies":"2 Thieves","floor":18,"turns":3},{"damage":5,"enemies":"Shell Parasite","floor":19,"turns":3},{"damage":0,"enemies":"Sentry and Sphere","floor":22,"turns":3},{"damage":9,"enemies":"Gremlin Leader","floor":29,"turns":5},{"damage":7,"enemies":"Snake Plant","floor":31,"turns":4},{"damage":56,"enemies":"Champ","floor":33,"turns":10},{"damage":1,"enemies":"3 Darklings","floor":35,"turns":2},{"damage":4,"enemies":"Orb Walker","floor":36,"turns":3},{"damage":7,"enemies":"3 Darklings","floor":39,"turns":3},{"damage":11,"enemies":"Reptomancer","floor":40,"turns":6},{"damage":14,"enemies":"Giant Head","floor":42,"turns":8},{"damage":2,"enemies":"Spire Growth","floor":44,"turns":4},{"damage":25,"enemies":"Sphere and 2 Shapes","floor":45,"turns":4},{"damage":68,"enemies":"Donu and Deca","floor":50,"turns":6}],"seed_played":"5957832833831977303","potions_obtained":[{"floor":4,"key":"FocusPotion"},{"floor":7,"key":"Energy Potion"},{"floor":18,"key":"Strength Potion"},{"floor":29,"key":"EntropicBrew"},{"floor":35,"key":"LiquidBronze"},{"floor":40,"key":"FocusPotion"},{"floor":42,"key":"Poison Potion"}],"is_trial":false,"path_per_floor":["M","?","$","M","?","R","E","R","T","$","T","?","?","$","R","B",null,"M","M","?","$","M","R","$","R","T","R","?","E","R","M","R","B",null,"M","M","$","?","M","E","$","E","T","M","M","R","?","?","R","B"],"character_chosen":"DEFECT","items_purchased":["Fruit Juice","Ball Lightning","Go for the Eyes","Conserve Battery"],"campfire_rested":3,"item_purchase_floors":[3,10,24,37],"current_hp_per_floor":[64,49,49,52,45,45,43,43,53,53,53,53,53,53,53,44,79,60,55,55,55,55,55,55,55,55,55,55,46,46,39,81,25,74,73,69,69,69,62,51,51,37,37,35,10,50,50,50,85,17],"gold":22,"neow_bonus":"ONE_RANDOM_RARE_CARD","is_prod":false,"is_daily":false,"chose_seed":false,"campfire_upgraded":7,"win_rate":0,"timestamp":1540843934,"path_taken":["M","?","$","?","?","R","E","R","T","$","?","?","?","?","R","BOSS","M","M","?","$","M","R","$","R","T","R","?","E","R","?","R","BOSS","M","M","$","?","M","E","$","E","T","M","M","R","?","?","R","BOSS"],"build_version":"2018-10-25v2","purchased_purges":3,"victory":true,"max_hp_per_floor":[75,75,75,80,80,80,80,80,90,90,90,90,90,90,90,90,90,90,90,90,90,90,90,90,90,90,90,90,90,90,90,90,90,90,90,90,90,85,85,85,85,85,85,85,85,85,85,85,85,85],"card_choices":[{"not_picked":["Skim","Turbo"],"picked":"Coolheaded","floor":1},{"not_picked":["Sunder","Rebound","Coolheaded"],"picked":"SKIP","floor":4},{"not_picked":["Self Repair","Fusion"],"picked":"Defragment","floor":7},{"not_picked":["Biased Cognition","Thunder Strike"],"picked":"Electrodynamics","floor":16},{"not_picked":["Ball Lightning","Redo+1","Rebound"],"picked":"SKIP","floor":18},{"not_picked":["Double Energy","Leap","Hologram"],"picked":"SKIP","floor":19},{"not_picked":["Gash","Steam","Undo"],"picked":"SKIP","floor":22},{"not_picked":["Gash+1","Leap"],"picked":"Machine Learning","floor":29},{"not_picked":["Reprogram+1","Compile Driver","Turbo"],"picked":"SKIP","floor":31},{"not_picked":["Meteor Strike","Buffer"],"picked":"Echo Form","floor":33},{"not_picked":["Tempest+1","Stack+1"],"picked":"Consume+1","floor":35},{"not_picked":["FTL","Sweeping Beam+1","Static Discharge+1"],"picked":"SKIP","floor":36},{"not_picked":["Turbo","Steam","Lockon"],"picked":"SKIP","floor":39},{"not_picked":["Lockon","Cold Snap+1","Compile Driver"],"picked":"SKIP","floor":40},{"not_picked":["Rebound+1","Leap+1","Ball Lightning+1"],"picked":"SKIP","floor":42},{"not_picked":["Barrage+1","Chill+1","Auto Shields"],"picked":"SKIP","floor":44}],"player_experience":85046,"relics_obtained":[{"floor":7,"key":"Bottled Lightning"},{"floor":9,"key":"Pear"},{"floor":11,"key":"Letter Opener"},{"floor":26,"key":"Regal Pillow"},{"floor":29,"key":"Kunai"},{"floor":40,"key":"Art of War"},{"floor":42,"key":"Smiling Mask"},{"floor":43,"key":"Dream Catcher"}],"event_choices":[{"damage_healed":0,"gold_gain":0,"player_choice":"Entered Light","damage_taken":15,"max_hp_gain":0,"max_hp_loss":0,"event_name":"Shining Light","floor":2,"gold_loss":0,"cards_upgraded":["Defend_B","Defend_B"]},{"cards_removed":["Strike_B"],"damage_healed":0,"gold_gain":0,"player_choice":"Card Removal","damage_taken":7,"max_hp_gain":0,"max_hp_loss":0,"event_name":"Golden Wing","floor":5,"gold_loss":0},{"cards_removed":["Strike_B"],"damage_healed":0,"gold_gain":0,"player_choice":"Forget","damage_taken":0,"max_hp_gain":0,"max_hp_loss":0,"event_name":"Living Wall","floor":12,"gold_loss":0},{"damage_healed":0,"gold_gain":0,"player_choice":"Ignored","damage_taken":0,"max_hp_gain":0,"max_hp_loss":0,"event_name":"Liars Game","floor":13,"gold_loss":0},{"damage_healed":0,"gold_gain":0,"player_choice":"Ignored","damage_taken":0,"max_hp_gain":0,"max_hp_loss":0,"event_name":"Vampires","floor":20,"gold_loss":0},{"damage_healed":0,"gold_gain":0,"player_choice":"Ignored","damage_taken":0,"max_hp_gain":0,"max_hp_loss":0,"event_name":"Beggar","floor":28,"gold_loss":0},{"damage_healed":0,"gold_gain":0,"player_choice":"Max HP","damage_taken":0,"max_hp_gain":0,"max_hp_loss":5,"event_name":"Winding Halls","floor":38,"gold_loss":0},{"damage_healed":0,"gold_gain":0,"player_choice":"Paid Gold","damage_taken":0,"relics_obtained":["Oddly Smooth Stone"],"max_hp_gain":0,"max_hp_loss":0,"event_name":"WeMeetAgain","floor":47,"gold_loss":65},{"damage_healed":0,"gold_gain":0,"player_choice":"0 cards matched","damage_taken":0,"max_hp_gain":0,"max_hp_loss":0,"event_name":"Match and Keep!","floor":48,"gold_loss":0,"cards_obtained":[]}],"is_beta":false,"boss_relics":[{"not_picked":["Velvet Choker","Nuclear Battery"],"picked":"Runic Dome"},{"not_picked":["Runic Pyramid","Empty Cage"],"picked":"Inserter"}],"items_purged_floors":[21,37,41],"is_endless":false,"potions_floor_spawned":[4,7,18,29,31,33,35,36,40,42],"ascension_level":8}