{"gold_per_floor":[112,129,129,103,278,278,353,353,353,10,10,21,21],"floor_reached":13,"playtime":204,"items_purged":[],"score":110,"play_id":"5fdbdac9-98f0-49f2-ad24-dfad7ee61ab9","local_time":"20190126230947","is_ascension_mode":true,"campfire_choices":[{"data":"Limit Break","floor":6,"key":"SMITH"},{"data":"Madness","floor":11,"key":"SMITH"}],"neow_cost":"NONE","seed_source_timestamp":1497147381160300,"circlet_count":0,"master_deck":["AscendersBane","Strike_R","Strike_R","Strike_R","Strike_R","Defend_R","Defend_R","Defend_R","Defend_R","Bash","Limit Break+1","Flex","Whirlwind","Flex","Doubt","Carnage","Madness+1","Anger"],"relics":["Burning Blood","Dream Catcher","Champion Belt","Shuriken"],"potions_floor_usage":[13],"damage_taken":[{"damage":0,"enemies":"Small Slimes","floor":1,"turns":4},{"damage":6,"enemies":"Cultist","floor":2,"turns":4},{"damage":17,"enemies":"Jaw Worm","floor":12,"turns":4},{"damage":54,"enemies":"Lagavulin","floor":13,"turns":7}],"seed_played":"-1571504910930527370","potions_obtained":[{"floor":1,"key":"FearPotion"}],"is_trial":false,"path_per_floor":["M","M","?","$","?","R","?","?","T","$","R","M","E"],"character_chosen":"IRONCLAD","items_purchased":["Flex","Shuriken","Madness"],"campfire_rested":0,"item_purchase_floors":[4,10,10],"current_hp_per_floor":[78,78,71,71,71,71,60,60,60,60,60,49,0],"gold":21,"neow_bonus":"ONE_RANDOM_RARE_CARD","is_prod":false,"is_daily":false,"chose_seed":false,"campfire_upgraded":2,"win_rate":0,"timestamp":1548562187,"path_taken":["M","M","?","$","?","R","?","?","T","$","R","?","E"],"build_version":"2019-01-23","purchased_purges":0,"victory":false,"max_hp_per_floor":[80,80,80,80,80,80,80,80,80,80,80,80,80],"card_choices":[{"not_picked":["Ghostly Armor","Armaments"],"picked":"Flex","floor":1},{"not_picked":["Body Slam","Sever Soul"],"picked":"Whirlwind","floor":2},{"not_picked":["Cleave","Pommel Strike"],"picked":"Anger","floor":12}],"player_experience":1156342,"relics_obtained":[{"floor":9,"key":"Champion Belt"}],"event_choices":[{"damage_healed":0,"gold_gain":0,"player_choice":"Success","damage_taken":7,"relics_obtained":["Dream Catcher"],"max_hp_gain":0,"max_hp_loss":0,"event_name":"Scrap Ooze","floor":3,"gold_loss":0},{"damage_healed":0,"gold_gain":175,"player_choice":"AGREE","damage_taken":0,"max_hp_gain":0,"max_hp_loss":0,"event_name":"Liars Game","floor":5,"gold_loss":0,"cards_obtained":["Doubt"]},{"damage_healed":0,"gold_gain":75,"player_choice":"Gather Gold","damage_taken":11,"max_hp_gain":0,"max_hp_loss":0,"event_name":"World of Goop","floor":7,"gold_loss":0},{"damage_healed":0,"gold_gain":0,"cards_transformed":["Strike_R"],"player_choice":"Transformed","damage_taken":0,"max_hp_gain":0,"max_hp_loss":0,"event_name":"Transmorgrifier","floor":8,"gold_loss":0,"cards_obtained":["Carnage"]}],"is_beta":true,"boss_relics":[],"items_purged_floors":[],"is_endless":false,"potions_floor_spawned":[1],"killed_by":"Lagavulin","ascension_level":11}