{"gold_per_floor":[111,125,89,89,107,138,138,150,150,170,170,186,203,203,203,303,303,315,52,67,67,67,77,77,77,77,94,94,107,122,0,0,99,99,111,11,30,44,64,64,64,80,127,127,139,14,14,33,33,33],"floor_reached":50,"playtime":1580,"items_purged":["Strike_G","Reflex+1","Writhe"],"score":450,"play_id":"fb1e7f87-8b83-46ad-bd2d-735108b8c707","local_time":"20180904041449","is_ascension_mode":false,"campfire_choices":[{"data":"Riddle With Holes","floor":7,"key":"SMITH"},{"data":"Predator","floor":11,"key":"SMITH"},{"floor":15,"key":"REST"},{"data":"A Thousand Cuts","floor":24,"key":"SMITH"},{"floor":32,"key":"REST"},{"data":"After Image","floor":40,"key":"SMITH"},{"floor":49,"key":"REST"}],"neow_cost":"NONE","seed_source_timestamp":3152119372667,"circlet_count":0,"master_deck":["Defend_G","Defend_G","Defend_G","Defend_G","Defend_G","Survivor","Neutralize","Riddle With Holes+1","Bouncing Flask","Riddle With Holes","Predator+1","A Thousand Cuts+1","PiercingWail+1","Phantasmal Killer+1","Eviscerate","Backflip+1","Acrobatics+1","Bouncing Flask+1","After Image+1","Bouncing Flask+1","Night Terror+1","Dash","After Image"],"relics":["Snecko Eye","Pantograph","Juzu Bracelet","Toxic Egg 2","Astrolabe","Letter Opener","Ninja Scroll","Orrery","Potion Belt"],"potions_floor_usage":[16,20,33,39,39,45,47,50],"damage_taken":[{"damage":0,"enemies":"2 Louse","floor":1,"turns":3},{"damage":8,"enemies":"Jaw Worm","floor":2,"turns":9},{"damage":1,"enemies":"Cultist","floor":5,"turns":3},{"damage":20,"enemies":"Gremlin Nob","floor":6,"turns":5},{"damage":2,"enemies":"Blue Slaver","floor":8,"turns":2},{"damage":10,"enemies":"Lots of Slimes","floor":10,"turns":4},{"damage":0,"enemies":"Large Slime","floor":12,"turns":2},{"damage":0,"enemies":"Blue Slaver","floor":13,"turns":1},{"damage":17,"enemies":"The Guardian","floor":16,"turns":7},{"damage":15,"enemies":"Shell Parasite","floor":18,"turns":5},{"damage":1,"enemies":"Chosen","floor":20,"turns":4},{"damage":0,"enemies":"Snake Plant","floor":23,"turns":2},{"damage":10,"enemies":"3 Cultists","floor":27,"turns":4},{"damage":0,"enemies":"Snecko","floor":29,"turns":4},{"damage":0,"enemies":"Snake Plant","floor":30,"turns":3},{"damage":15,"enemies":"Automaton","floor":33,"turns":6},{"damage":0,"enemies":"3 Darklings","floor":35,"turns":3},{"damage":2,"enemies":"3 Shapes","floor":37,"turns":7},{"damage":20,"enemies":"Spire Growth","floor":38,"turns":5},{"damage":19,"enemies":"Reptomancer","floor":39,"turns":4},{"damage":22,"enemies":"3 Darklings","floor":42,"turns":4},{"damage":15,"enemies":"Sphere and 2 Shapes","floor":45,"turns":4},{"damage":0,"enemies":"Spire Growth","floor":48,"turns":3},{"damage":67,"enemies":"Donu and Deca","floor":50,"turns":6}],"seed_played":"6944791490945391986","potions_obtained":[{"floor":6,"key":"EssenceOfSteel"},{"floor":8,"key":"SkillPotion"},{"floor":13,"key":"Block Potion"},{"floor":16,"key":"Poison Potion"},{"floor":20,"key":"FearPotion"},{"floor":33,"key":"SteroidPotion"},{"floor":39,"key":"Swift Potion"},{"floor":45,"key":"Fruit Juice"}],"is_trial":false,"path_per_floor":["M","M","$","?","M","E","R","M","T","M","R","M","M","?","R","B",null,"M","$","M","?","?","M","R","$","T","M","T","M","M","?","R","B",null,"M","$","M","M","M","R","?","M","T","?","M","$","?","M","R"],"character_chosen":"THE_SILENT","items_purchased":["Riddle With Holes","Chrysalis+1"],"campfire_rested":3,"item_purchase_floors":[3,19],"current_hp_per_floor":[70,62,62,55,54,34,34,32,32,22,22,22,22,22,43,51,70,55,55,54,54,54,54,54,54,54,44,44,44,44,44,65,55,70,70,70,68,48,29,29,29,7,7,25,10,10,15,15,37,0],"gold":33,"neow_bonus":"BOSS_RELIC","is_prod":false,"is_daily":false,"chose_seed":false,"campfire_upgraded":4,"win_rate":0,"timestamp":1536030889,"path_taken":["M","M","$","?","M","E","R","M","T","M","R","M","M","?","R","BOSS","M","$","M","?","?","M","R","$","T","M","?","M","M","?","R","BOSS","M","$","M","M","M","R","?","M","T","?","M","?","?","M","R","BOSS"],"build_version":"2018-08-30","purchased_purges":3,"victory":false,"max_hp_per_floor":[70,70,70,70,70,70,70,70,70,70,70,70,70,70,70,70,70,70,70,70,70,70,70,70,70,70,70,70,70,70,70,70,70,70,70,70,70,70,70,70,70,70,70,70,70,70,75,75,75,75],"card_choices":[{"not_picked":["Prepared","Acrobatics","Sucker Punch"],"picked":"SKIP","floor":1},{"not_picked":["Well Laid Plans","Expertise","Catalyst"],"picked":"SKIP","floor":2},{"not_picked":["Blade Dance","Caltrops","Dodge and Roll"],"picked":"SKIP","floor":5},{"not_picked":["Dagger Throw","Sucker Punch"],"picked":"Bouncing Flask","floor":6},{"not_picked":["Outmaneuver","Slice"],"picked":"Riddle With Holes","floor":8},{"not_picked":["Tactician+1","Masterful Stab"],"picked":"Predator","floor":10},{"not_picked":["Slice","Distraction+1","Burst+1"],"picked":"SKIP","floor":12},{"not_picked":["Underhanded Strike","Caltrops","Catalyst+1"],"picked":"SKIP","floor":13},{"not_picked":["Burst+1","After Image"],"picked":"A Thousand Cuts","floor":16},{"not_picked":["PiercingWail+1","Dodge and Roll+1","Blur+1"],"picked":"SKIP","floor":18},{"not_picked":["Flechettes","Catalyst+1"],"picked":"Eviscerate","floor":20},{"not_picked":["Deflect+1","Deadly Poison+1","Well Laid Plans"],"picked":"SKIP","floor":23},{"not_picked":["Dagger Throw","Blade Dance+1"],"picked":"Backflip+1","floor":27},{"not_picked":["Footwork","Outmaneuver+1"],"picked":"Acrobatics+1","floor":29},{"not_picked":["Blur+1","Dagger Throw"],"picked":"Bouncing Flask+1","floor":30},{"not_picked":["Phantasmal Killer+1","Burst+1"],"picked":"After Image","floor":33},{"not_picked":["Prepared+1","Footwork"],"picked":"Bouncing Flask+1","floor":34},{"not_picked":["Bane","Heel Hook","Underhanded Strike"],"picked":"SKIP","floor":35},{"not_picked":["Distraction+1","Tactician+1","Backstab+1"],"picked":"SKIP","floor":37},{"not_picked":["Underhanded Strike+1","Infinite Blades+1","Backflip+1"],"picked":"SKIP","floor":38},{"not_picked":["Slice","Backflip+1"],"picked":"Night Terror+1","floor":39},{"not_picked":["Blade Dance+1","Flying Knee","Deflect+1"],"picked":"SKIP","floor":42},{"not_picked":["Blur+1","Flying Knee"],"picked":"Dash","floor":45},{"not_picked":["Dagger Throw+1","Flying Knee+1"],"picked":"After Image","floor":48}],"player_experience":14777,"relics_obtained":[{"floor":6,"key":"Juzu Bracelet"},{"floor":9,"key":"Toxic Egg 2"},{"floor":26,"key":"Letter Opener"},{"floor":28,"key":"Ninja Scroll"},{"floor":43,"key":"Potion Belt"}],"event_choices":[{"event_name":"Scrap Ooze","player_choice":"success","floor":4,"damage_taken":7},{"event_name":"Purifier","player_choice":"One Purge","floor":14,"damage_taken":0},{"event_name":"Back to Basics","player_choice":"Elegance","floor":21,"damage_taken":0},{"event_name":"Vampires","player_choice":"Ignored","floor":22,"damage_taken":0},{"event_name":"Masked Bandits","player_choice":"Paid Fearfully","floor":31,"damage_taken":0},{"event_name":"Match and Keep!","player_choice":"0 cards matched","floor":41,"damage_taken":0},{"event_name":"Winding Halls","player_choice":"Writhe","floor":44,"damage_taken":0},{"event_name":"Mysterious Sphere","player_choice":"Ignore","floor":47,"damage_taken":0}],"is_beta":false,"boss_relics":[{"not_picked":["Ectoplasm","WristBlade"],"picked":"Astrolabe"},{"not_picked":["Eternal Feather","Cursed Key"],"picked":"Orrery"}],"items_purged_floors":[19,36,46],"is_endless":false,"potions_floor_spawned":[6,8,13,16,20,23,29,33,35,39,45],"killed_by":"Donu and Deca","ascension_level":0}