{"gold_per_floor":[119,119,133,133,133,133,176,176,176,216,35,35,70,89,89,215,215,228,247,247,263,263],"floor_reached":22,"playtime":1728,"items_purged":["Injury"],"score":352,"play_id":"d430c7da-8f0e-4858-bcd6-db854a7fb603","local_time":"20190131160845","is_ascension_mode":true,"campfire_choices":[{"data":"Zap","floor":6,"key":"SMITH"},{"data":"Dualcast","floor":8,"key":"SMITH"},{"floor":15,"key":"REST"}],"neow_cost":"NONE","seed_source_timestamp":1808235024836908,"circlet_count":0,"master_deck":["AscendersBane","Strike_B","Strike_B","Strike_B","Strike_B","Defend_B","Defend_B","Defend_B","Defend_B","Zap+1","Dualcast+1","Coolheaded","BootSequence","Echo Form","Capacitor","Beam Cell","Self Repair","Core Surge","Leap+1","Darkness+1"],"relics":["Cracked Core","NeowsBlessing","Golden Idol","Pear","Smiling Mask","Letter Opener","Ice Cream","Vajra","Eternal Feather"],"potions_floor_usage":[10,13,16,22],"damage_taken":[{"damage":0,"enemies":"Jaw Worm","floor":1,"turns":1},{"damage":0,"enemies":"Small Slimes","floor":3,"turns":1},{"damage":0,"enemies":"Gremlin Nob","floor":7,"turns":1},{"damage":12,"enemies":"3 Sentries","floor":10,"turns":7},{"damage":31,"enemies":"Gremlin Nob","floor":13,"turns":5},{"damage":0,"enemies":"2 Louse","floor":14,"turns":2},{"damage":31,"enemies":"The Guardian","floor":16,"turns":11},{"damage":34,"enemies":"2 Thieves","floor":18,"turns":4},{"damage":18,"enemies":"3 Byrds","floor":19,"turns":6},{"damage":17,"enemies":"Cultist and Chosen","floor":21,"turns":8},{"damage":18,"enemies":"Snake Plant","floor":22,"turns":2}],"seed_played":"-7966401608903910753","potions_obtained":[{"floor":1,"key":"Block Potion"},{"floor":3,"key":"EssenceOfSteel"},{"floor":18,"key":"GamblersBrew"}],"is_trial":false,"path_per_floor":["M","$","M","?","?","R","E","R","T","E","$","?","E","M","R","B",null,"M","M","?","M","M"],"character_chosen":"DEFECT","items_purchased":["Capacitor","Weak Potion"],"campfire_rested":1,"item_purchase_floors":[11,11],"current_hp_per_floor":[68,68,68,68,66,66,66,66,66,54,54,54,23,23,48,24,70,36,25,25,15,0],"gold":263,"neow_bonus":"THREE_ENEMY_KILL","is_prod":false,"is_daily":false,"chose_seed":false,"campfire_upgraded":2,"win_rate":0,"timestamp":1548979725,"path_taken":["M","$","M","?","?","R","E","R","T","E","$","?","E","M","R","BOSS","M","M","?","M","M"],"build_version":"2019-01-23","purchased_purges":1,"victory":false,"max_hp_per_floor":[75,75,75,75,85,85,85,85,85,85,85,85,85,85,85,85,85,85,85,85,85,85],"card_choices":[{"not_picked":["Hello World","Stack","Sweeping Beam"],"picked":"SKIP","floor":1},{"not_picked":["Double Energy","Leap"],"picked":"Coolheaded","floor":3},{"not_picked":["Conserve Battery","Redo"],"picked":"BootSequence","floor":7},{"not_picked":["Skim","Barrage"],"picked":"Echo Form","floor":10},{"not_picked":["Compile Driver","Doom and Gloom"],"picked":"Beam Cell","floor":13},{"not_picked":["FTL","Gash"],"picked":"Self Repair","floor":14},{"not_picked":["Multi-Cast","Amplify"],"picked":"Core Surge","floor":16},{"not_picked":["Coolheaded","Redo"],"picked":"Leap+1","floor":18},{"not_picked":["Redo","Turbo","Steam Power"],"picked":"SKIP","floor":19},{"not_picked":["Hologram","Lockon"],"picked":"Darkness+1","floor":21}],"player_experience":558072,"relics_obtained":[{"floor":7,"key":"Smiling Mask"},{"floor":9,"key":"Letter Opener"},{"floor":10,"key":"Ice Cream"},{"floor":13,"key":"Vajra"}],"event_choices":[{"damage_healed":0,"gold_gain":0,"player_choice":"Take Wound","damage_taken":0,"relics_obtained":["Golden Idol"],"max_hp_gain":0,"max_hp_loss":0,"event_name":"Golden Idol","floor":4,"gold_loss":0,"cards_obtained":["Injury"]},{"damage_healed":0,"gold_gain":0,"player_choice":"Success","damage_taken":12,"relics_obtained":["Pear"],"max_hp_gain":0,"max_hp_loss":0,"event_name":"Scrap Ooze","floor":5,"gold_loss":0},{"damage_healed":0,"gold_gain":0,"player_choice":"Ignored","damage_taken":0,"max_hp_gain":0,"max_hp_loss":0,"event_name":"Liars Game","floor":12,"gold_loss":0},{"damage_healed":0,"gold_gain":0,"player_choice":"Ignored","damage_taken":0,"max_hp_gain":0,"max_hp_loss":0,"event_name":"Ghosts","floor":20,"gold_loss":0}],"is_beta":false,"boss_relics":[{"not_picked":["Pandora\u0027s Box","Black Star"],"picked":"Eternal Feather"}],"items_purged_floors":[11],"is_endless":false,"potions_floor_spawned":[1,3,18],"killed_by":"Snake Plant","ascension_level":11}