{"gold_per_floor":[118,134,152,102,27,27,27,46,93,93,93,106,106,121,121,121],"floor_reached":16,"playtime":1663,"items_purged":[],"score":92,"play_id":"e9e2fe4e-17ac-4ac0-b486-cab7b5f4f436","local_time":"20190130230431","is_ascension_mode":false,"campfire_choices":[{"data":"Terror","floor":6,"key":"SMITH"},{"data":"Backflip","floor":13,"key":"SMITH"},{"data":"Burst","floor":15,"key":"SMITH"}],"neow_cost":"NONE","seed_source_timestamp":301877089885489,"circlet_count":0,"master_deck":["Defend_G","Defend_G","Defend_G","Defend_G","Defend_G","Strike_G","Strike_G","Strike_G","Survivor","Neutralize","Backflip","Blur","Backflip+1","Terror+1","Dagger Spray","Burst+1"],"relics":["Ring of the Snake","NeowsBlessing","Orichalcum"],"potions_floor_usage":[16,16,16],"damage_taken":[{"damage":0,"enemies":"Cultist","floor":1,"turns":1},{"damage":0,"enemies":"2 Louse","floor":2,"turns":1},{"damage":0,"enemies":"Small Slimes","floor":3,"turns":1},{"damage":5,"enemies":"3 Louse","floor":8,"turns":7},{"damage":8,"enemies":"Large Slime","floor":12,"turns":15},{"damage":0,"enemies":"Red Slaver","floor":14,"turns":3},{"damage":70,"enemies":"Hexaghost","floor":16,"turns":16}],"seed_played":"4295989555047420619","potions_obtained":[{"floor":3,"key":"Regen Potion"},{"floor":8,"key":"Fire Potion"},{"floor":12,"key":"AttackPotion"}],"is_trial":false,"path_per_floor":["M","M","?","?","?"],"character_chosen":"THE_SILENT","items_purchased":["Terror"],"campfire_rested":0,"item_purchase_floors":[5],"current_hp_per_floor":[70,70,70,70,70,70,75,70,70,70,63,55,55,55,55,0],"gold":121,"neow_bonus":"THREE_ENEMY_KILL","is_prod":false,"is_daily":false,"chose_seed":false,"campfire_upgraded":3,"win_rate":0.0,"timestamp":1548885871,"path_taken":["M","?","?","?","$","R","?","M","T","$","?","M","R","M","R","BOSS"],"build_version":"2019-01-23","purchased_purges":0,"victory":false,"max_hp_per_floor":[70,70,70,70,70,70,75,75,75,75,75,75,75,75,75,75],"card_choices":[{"not_picked":["Dagger Spray","Reflex"],"picked":"Backflip","floor":1},{"not_picked":["PiercingWail","Dodge and Roll"],"picked":"Blur","floor":2},{"not_picked":["Flechettes","Dodge and Roll"],"picked":"Backflip","floor":3},{"not_picked":["All Out Attack","Acrobatics","Quick Slash"],"picked":"SKIP","floor":8},{"not_picked":["Crippling Poison","Sucker Punch"],"picked":"Dagger Spray","floor":12},{"not_picked":["Terror","Dagger Throw"],"picked":"Burst","floor":14}],"player_experience":53023,"relics_obtained":[{"floor":9,"key":"Orichalcum"}],"event_choices":[{"cards_removed":["Strike_G"],"damage_healed":0,"gold_gain":0,"player_choice":"Card Removal","damage_taken":0,"max_hp_gain":0,"max_hp_loss":0,"event_name":"The Cleric","floor":4,"gold_loss":50},{"damage_healed":0,"gold_gain":0,"player_choice":"Donut","damage_taken":0,"max_hp_gain":5,"max_hp_loss":0,"event_name":"Big Fish","floor":7,"gold_loss":0},{"cards_removed":["Strike_G"],"damage_healed":0,"gold_gain":0,"player_choice":"Card Removal","damage_taken":7,"max_hp_gain":0,"max_hp_loss":0,"event_name":"Golden Wing","floor":11,"gold_loss":0}],"is_beta":false,"boss_relics":[],"items_purged_floors":[],"is_endless":false,"potions_floor_spawned":[3,8,12],"killed_by":"Hexaghost","ascension_level":0}