{"gold_per_floor":[112,122,122,48,48,77,77,108,181,211,211,223,398,412,412,508,508,527,262,262,44,41,53,65,104,116,128,140,177,189,216,228,337,349,371,271,271,271,271,302,348,348],"floor_reached":42,"playtime":1924,"items_purged":["Shame"],"score":500,"play_id":"bf9b3de0-5352-4d1d-b58d-ae1d6d0825b0","local_time":"20181130163712","is_ascension_mode":true,"campfire_choices":[{"floor":7,"key":"REST"},{"floor":11,"key":"REST"},{"data":"Cloak And Dagger","floor":15,"key":"SMITH"},{"data":"Adrenaline","floor":23,"key":"SMITH"},{"floor":27,"key":"REST"},{"floor":28,"key":"REST"},{"data":"Well Laid Plans","floor":30,"key":"SMITH"},{"floor":32,"key":"REST"}],"neow_cost":"NONE","seed_source_timestamp":522520000548741,"circlet_count":0,"master_deck":["Defend_G","Defend_G","Defend_G","Defend_G","Defend_G","Strike_G","Strike_G","Strike_G","Strike_G","Survivor","Neutralize","Malaise","Cloak And Dagger+1","Crippling Poison","Footwork","Well Laid Plans+1","Quick Slash","Bouncing Flask","Dash","Doubt","Cloak And Dagger","Adrenaline+1","Infinite Blades","Writhe","Footwork","Accuracy+1","Envenom","Accuracy","Flash of Steel","Flash of Steel","Backstab+1","Cloak And Dagger"],"relics":["Ring of the Snake","Bronze Scales","Juzu Bracelet","Shuriken","WingedGreaves","HoveringKite","TwistedFunnel","Darkstone Periapt","MawBank","Pocketwatch","Centennial Puzzle","Gremlin Horn","Bag of Preparation","Cursed Key","Pantograph","Gambling Chip"],"potions_floor_usage":[10,16,22,25,25,35,40,41,42],"damage_taken":[{"damage":4,"enemies":"2 Louse","floor":1,"turns":4},{"damage":5,"enemies":"Jaw Worm","floor":2,"turns":6},{"damage":50,"enemies":"Lagavulin","floor":6,"turns":14},{"damage":9,"enemies":"3 Sentries","floor":8,"turns":10},{"damage":4,"enemies":"Lagavulin","floor":10,"turns":6},{"damage":0,"enemies":"Small Slimes","floor":12,"turns":3},{"damage":0,"enemies":"Blue Slaver","floor":14,"turns":4},{"damage":22,"enemies":"The Guardian","floor":16,"turns":10},{"damage":4,"enemies":"Spheric Guardian","floor":18,"turns":6},{"damage":7,"enemies":"2 Thieves","floor":22,"turns":4},{"damage":60,"enemies":"Slavers","floor":25,"turns":4},{"damage":10,"enemies":"Book of Stabbing","floor":29,"turns":6},{"damage":7,"enemies":"Cultist and Chosen","floor":31,"turns":6},{"damage":18,"enemies":"Champ","floor":33,"turns":12},{"damage":0,"enemies":"3 Darklings","floor":35,"turns":4},{"damage":22,"enemies":"Reptomancer","floor":40,"turns":7},{"damage":37,"enemies":"2 Orb Walkers","floor":41,"turns":5},{"damage":20,"enemies":"Giant Head","floor":42,"turns":6}],"seed_played":"-3394321173954385305","potions_obtained":[{"floor":6,"key":"SpeedPotion"},{"floor":8,"key":"FearPotion"},{"floor":10,"key":"Poison Potion"},{"floor":14,"key":"SkillPotion"},{"floor":16,"key":"PowerPotion"},{"floor":25,"key":"GhostInAJar"},{"floor":29,"key":"Swift Potion"},{"floor":33,"key":"EssenceOfSteel"},{"floor":35,"key":"FearPotion"},{"floor":41,"key":"PowerPotion"}],"is_trial":false,"path_per_floor":["M","M","?","$","?","E","R","E","T","E","R","M","?","M","R","B",null,"M","$","?","$","M","R","?","E","T","R","R","E","R","M","R","B",null,"M","$","?","?","?","E","?","E"],"character_chosen":"THE_SILENT","items_purchased":["Footwork","Infinite Blades","TwistedFunnel","Footwork","MawBank","Accuracy"],"campfire_rested":5,"item_purchase_floors":[4,19,19,21,21,36],"current_hp_per_floor":[66,61,61,61,61,11,32,23,23,19,40,40,40,40,40,18,70,66,66,72,72,65,65,71,11,11,35,59,49,49,42,66,48,82,82,82,82,77,77,55,18,0],"gold":348,"neow_bonus":"ONE_RANDOM_RARE_CARD","is_prod":false,"is_daily":false,"chose_seed":false,"campfire_upgraded":3,"win_rate":0,"timestamp":1543617432,"path_taken":["M","M","?","$","?","E","R","E","T","E","R","M","?","M","R","BOSS","M","$","?","$","M","R","?","E","T","R","R","E","R","M","R","BOSS","M","$","?","?","?","E","?","E"],"build_version":"2018-11-15","purchased_purges":1,"victory":false,"max_hp_per_floor":[70,70,70,70,70,70,70,70,70,70,70,70,70,70,70,70,70,70,70,76,76,76,76,82,82,82,82,82,82,82,82,82,82,82,82,82,82,82,82,82,82,82],"card_choices":[{"not_picked":["Deadly Poison","Bane"],"picked":"Cloak And Dagger","floor":1},{"not_picked":["Bane","Riddle With Holes"],"picked":"Crippling Poison","floor":2},{"not_picked":["Underhanded Strike","Reflex"],"picked":"Quick Slash","floor":6},{"not_picked":["Corpse Explosion","Flying Knee"],"picked":"Bouncing Flask","floor":8},{"not_picked":["Poisoned Stab","Night Terror"],"picked":"Dash","floor":10},{"not_picked":["Flechettes","Distraction"],"picked":"Deadly Poison","floor":12},{"not_picked":["Backflip","Poisoned Stab"],"picked":"Cloak And Dagger","floor":14},{"not_picked":["Doppelganger","Phantasmal Killer"],"picked":"Adrenaline","floor":16},{"not_picked":["Poisoned Stab","Choke","Underhanded Strike"],"picked":"SKIP","floor":18},{"not_picked":["Choke","Deadly Poison","Poisoned Stab"],"picked":"SKIP","floor":22},{"not_picked":["Bane","Finisher","Storm of Steel"],"picked":"SKIP","floor":25},{"not_picked":["Dagger Throw","Reflex","Riddle With Holes"],"picked":"SKIP","floor":29},{"not_picked":["Quick Slash","PiercingWail"],"picked":"Accuracy+1","floor":31},{"not_picked":["Adrenaline","Unload"],"picked":"Envenom","floor":33},{"not_picked":["Dagger Spray","Heel Hook","Sucker Punch+1"],"picked":"SKIP","floor":35},{"not_picked":["Impatience","Deep Breath"],"picked":"Flash of Steel","floor":38},{"not_picked":["Discovery","Deep Breath"],"picked":"Flash of Steel","floor":38},{"not_picked":["Expertise+1","Sucker Punch+1"],"picked":"Backstab+1","floor":40},{"not_picked":["Slice","PiercingWail"],"picked":"Cloak And Dagger","floor":41}],"player_experience":53076,"relics_obtained":[{"floor":6,"key":"Bronze Scales"},{"floor":8,"key":"Juzu Bracelet"},{"floor":9,"key":"Shuriken"},{"floor":10,"key":"WingedGreaves"},{"floor":25,"key":"Centennial Puzzle"},{"floor":26,"key":"Gremlin Horn"},{"floor":29,"key":"Bag of Preparation"},{"floor":40,"key":"Pantograph"},{"floor":41,"key":"Gambling Chip"}],"event_choices":[{"damage_healed":0,"gold_gain":0,"player_choice":"Ignored","damage_taken":0,"max_hp_gain":0,"max_hp_loss":0,"event_name":"Golden Wing","floor":3,"gold_loss":0},{"damage_healed":0,"gold_gain":0,"cards_transformed":["Strike_G"],"player_choice":"Change","damage_taken":0,"max_hp_gain":0,"max_hp_loss":0,"event_name":"Living Wall","floor":5,"gold_loss":0,"cards_obtained":["Well Laid Plans"]},{"damage_healed":0,"gold_gain":175,"player_choice":"AGREE","damage_taken":0,"max_hp_gain":0,"max_hp_loss":0,"event_name":"Liars Game","floor":13,"gold_loss":0,"cards_obtained":["Doubt"]},{"damage_healed":0,"gold_gain":0,"player_choice":"Opened","damage_taken":0,"relics_obtained":["Darkstone Periapt"],"max_hp_gain":0,"max_hp_loss":0,"event_name":"The Mausoleum","floor":20,"gold_loss":0,"cards_obtained":["Writhe"]},{"damage_healed":0,"gold_gain":0,"player_choice":"Stole Relic","damage_taken":0,"relics_obtained":["Pocketwatch"],"max_hp_gain":0,"max_hp_loss":0,"event_name":"Addict","floor":24,"gold_loss":0,"cards_obtained":["Shame"]},{"damage_healed":0,"gold_gain":0,"player_choice":"Ignored","damage_taken":0,"max_hp_gain":0,"max_hp_loss":0,"event_name":"Tomb of Lord Red Mask","floor":37,"gold_loss":0},{"damage_healed":0,"gold_gain":0,"player_choice":"Memory 2","damage_taken":5,"max_hp_gain":0,"max_hp_loss":0,"event_name":"SensoryStone","floor":38,"gold_loss":0},{"cards_removed":["Deadly Poison"],"damage_healed":0,"gold_gain":0,"player_choice":"Removed Skill","damage_taken":0,"max_hp_gain":0,"max_hp_loss":0,"event_name":"Falling","floor":39,"gold_loss":0},{"damage_healed":0,"gold_gain":0,"player_choice":"Fight","damage_taken":0,"max_hp_gain":0,"max_hp_loss":0,"event_name":"Mysterious Sphere","floor":41,"gold_loss":0}],"is_beta":true,"boss_relics":[{"not_picked":["Busted Crown","Calling Bell"],"picked":"HoveringKite"},{"not_picked":["Ring of the Serpent","Black Star"],"picked":"Cursed Key"}],"items_purged_floors":[36],"is_endless":false,"potions_floor_spawned":[6,8,10,14,16,25,29,33,35,41],"killed_by":"Giant Head","ascension_level":1}