{"gold_per_floor":[16,26,46,65,65,65,75,108,108,108,119,139,149,149,149,254,254,267,279,279,27,39,39,73,99,167,167,185,197,197,230,230,333,333,348,366,385,397,416,416,416,416],"floor_reached":42,"playtime":2789,"items_purged":[],"score":779,"play_id":"f8bc73b5-fa27-4b9a-82bd-f632b5e31b73","local_time":"20180922150148","is_ascension_mode":true,"campfire_choices":[{"data":"Shrug It Off","floor":6,"key":"SMITH"},{"data":"Disarm","floor":10,"key":"SMITH"},{"data":"Shrug It Off","floor":15,"key":"SMITH"},{"floor":23,"key":"REST"},{"data":"Heavy Blade","floor":27,"key":"SMITH"},{"data":"Whirlwind","floor":30,"key":"SMITH"},{"data":"Limit Break","floor":32,"key":"SMITH"},{"data":"Demon Form","floor":40,"key":"SMITH"}],"neow_cost":"NO_GOLD","seed_source_timestamp":19646047304974,"circlet_count":0,"master_deck":["Strike_R","Strike_R","Strike_R","Strike_R","Strike_R","Defend_R","Defend_R","Defend_R","Defend_R","Bash","AscendersBane","Cleave","Pummel","Shrug It Off+1","Disarm+1","Clothesline","Heavy Blade+1","Shrug It Off+1","Limit Break+1","Necronomicurse","Perfected Strike","Whirlwind+1","Perfected Strike","Demon Form+1","Clothesline","Blood for Blood","Shrug It Off","Searing Blow+1","Clothesline","Shrug It Off","HandOfGreed","Chrysalis"],"relics":["Burning Blood","Pocketwatch","Happy Flower","Shuriken","Dodecahedron","Snecko Eye","Necronomicon","Meat on the Bone","Paper Frog","Boot","Kunai","Sundial","Orrery"],"potions_floor_usage":[13,13,22,22,24,38,42,42],"damage_taken":[{"damage":5,"enemies":"Small Slimes","floor":1,"turns":4},{"damage":7,"enemies":"Jaw Worm","floor":2,"turns":3},{"damage":1,"enemies":"Cultist","floor":3,"turns":3},{"damage":6,"enemies":"2 Fungi Beasts","floor":4,"turns":3},{"damage":10,"enemies":"Exordium Thugs","floor":7,"turns":6},{"damage":24,"enemies":"Gremlin Nob","floor":8,"turns":4},{"damage":7,"enemies":"Red Slaver","floor":11,"turns":4},{"damage":3,"enemies":"Exordium Wildlife","floor":12,"turns":5},{"damage":11,"enemies":"Lots of Slimes","floor":13,"turns":3},{"damage":38,"enemies":"Hexaghost","floor":16,"turns":13},{"damage":6,"enemies":"Chosen","floor":18,"turns":4},{"damage":27,"enemies":"2 Thieves","floor":19,"turns":5},{"damage":10,"enemies":"Chosen and Byrds","floor":22,"turns":5},{"damage":19,"enemies":"Book of Stabbing","floor":24,"turns":4},{"damage":15,"enemies":"Snake Plant","floor":28,"turns":3},{"damage":3,"enemies":"3 Cultists","floor":29,"turns":3},{"damage":0,"enemies":"Gremlin Leader","floor":31,"turns":2},{"damage":12,"enemies":"Automaton","floor":33,"turns":6},{"damage":0,"enemies":"Orb Walker","floor":35,"turns":2},{"damage":5,"enemies":"3 Darklings","floor":36,"turns":3},{"damage":26,"enemies":"4 Shapes","floor":37,"turns":3},{"damage":33,"enemies":"Sphere and 2 Shapes","floor":38,"turns":4},{"damage":32,"enemies":"Reptomancer","floor":39,"turns":4},{"damage":36,"enemies":"Nemesis","floor":42,"turns":4}],"seed_played":"-6405192529051857449","potions_obtained":[{"floor":1,"key":"Energy Potion"},{"floor":4,"key":"GamblersBrew"},{"floor":12,"key":"Strength Potion"},{"floor":13,"key":"SpeedPotion"},{"floor":19,"key":"Block Potion"},{"floor":22,"key":"Block Potion"},{"floor":31,"key":"Energy Potion"},{"floor":33,"key":"Weak Potion"},{"floor":35,"key":"SpeedPotion"},{"floor":36,"key":"BloodPotion"},{"floor":38,"key":"EssenceOfSteel"}],"is_trial":false,"path_per_floor":["M","M","M","M","?","R","M","E","T","R","M","M","M","$","R","B",null,"M","M","?","$","M","R","E","T","T","R","M","M","R","E","R","B",null,"M","M","M","M","M","R","?"],"character_chosen":"IRONCLAD","items_purchased":["Meat on the Bone"],"campfire_rested":1,"item_purchase_floors":[21],"current_hp_per_floor":[73,72,77,77,70,70,66,48,48,48,47,50,45,45,45,13,63,63,42,26,26,34,58,57,57,57,57,48,51,51,57,57,51,73,79,80,60,53,39,39,34,0],"gold":416,"neow_bonus":"ONE_RARE_RELIC","is_prod":false,"is_daily":false,"chose_seed":false,"campfire_upgraded":7,"win_rate":0,"timestamp":1537646508,"path_taken":["M","M","M","M","?","R","M","E","T","R","?","M","M","$","R","BOSS","M","M","?","$","M","R","E","?","T","R","M","M","R","E","R","BOSS","M","M","?","M","M","R","?","E"],"build_version":"2018-09-20","purchased_purges":0,"victory":false,"max_hp_per_floor":[80,80,80,80,80,80,80,80,80,80,80,80,80,80,80,80,80,80,80,80,80,80,80,80,80,80,80,80,80,80,80,80,80,80,80,80,80,80,80,80,80,80],"card_choices":[{"not_picked":["Second Wind","True Grit"],"picked":"Cleave","floor":1},{"not_picked":["Clash","Body Slam"],"picked":"Pummel","floor":2},{"not_picked":["Anger","Heavy Blade"],"picked":"Shrug It Off","floor":3},{"not_picked":["Shrug It Off","Carnage"],"picked":"Disarm","floor":4},{"not_picked":["Corruption","Sentinel"],"picked":"Clothesline","floor":7},{"not_picked":["Dropkick","Rupture","Body Slam"],"picked":"SKIP","floor":8},{"not_picked":["Dropkick","Metallicize","Thunderclap"],"picked":"SKIP","floor":11},{"not_picked":["Second Wind","Wild Strike"],"picked":"Heavy Blade","floor":12},{"not_picked":["Headbutt","Rampage"],"picked":"Shrug It Off","floor":13},{"not_picked":["Offering","Immolate"],"picked":"Limit Break","floor":16},{"not_picked":["Clash","Sentinel","Body Slam"],"picked":"SKIP","floor":18},{"not_picked":["Ghostly Armor","Pommel Strike+1","Headbutt"],"picked":"SKIP","floor":19},{"not_picked":["Armaments","Corruption"],"picked":"Perfected Strike","floor":22},{"not_picked":["Wild Strike","Headbutt+1","Fire Breathing"],"picked":"SKIP","floor":24},{"not_picked":["Feel No Pain","Warcry"],"picked":"Whirlwind","floor":28},{"not_picked":["Battle Trance","Sword Boomerang","Corruption"],"picked":"SKIP","floor":29},{"not_picked":["Anger","Iron Wave"],"picked":"Perfected Strike","floor":31},{"not_picked":["Immolate","Juggernaut"],"picked":"Demon Form","floor":33},{"not_picked":["Battle Trance","Body Slam"],"picked":"Clothesline","floor":34},{"not_picked":["Rage","Corruption"],"picked":"Blood for Blood","floor":34},{"not_picked":["Pommel Strike","Bloodletting+1"],"picked":"Shrug It Off","floor":34},{"not_picked":["Headbutt","Burning Pact","Armaments"],"picked":"SKIP","floor":35},{"not_picked":["Cleave","Headbutt"],"picked":"Searing Blow+1","floor":36},{"not_picked":["Rage","Sever Soul","Spot Weakness"],"picked":"SKIP","floor":37},{"not_picked":["Sentinel","Exhume"],"picked":"Clothesline","floor":38},{"not_picked":["Warcry+1","Twin Strike+1"],"picked":"Shrug It Off","floor":39},{"not_picked":["Transmutation","Master of Strategy"],"picked":"HandOfGreed","floor":41},{"not_picked":["Jack Of All Trades","PanicButton"],"picked":"Chrysalis","floor":41}],"player_experience":358166,"relics_obtained":[{"floor":8,"key":"Shuriken"},{"floor":9,"key":"Dodecahedron"},{"floor":20,"key":"Necronomicon"},{"floor":24,"key":"Paper Frog"},{"floor":25,"key":"Boot"},{"floor":26,"key":"Kunai"},{"floor":31,"key":"Sundial"}],"event_choices":[{"event_name":"Scrap Ooze","player_choice":"success","floor":5,"damage_taken":7},{"event_name":"Cursed Tome","player_choice":"Obtained Book","floor":20,"damage_taken":0},{"event_name":"SensoryStone","player_choice":"Memory 2","floor":41,"damage_taken":0}],"is_beta":false,"boss_relics":[{"not_picked":["Black Blood","Eternal Feather"],"picked":"Snecko Eye"},{"not_picked":["Philosopher\u0027s Stone","Pandora\u0027s Box"],"picked":"Orrery"}],"items_purged_floors":[],"is_endless":false,"potions_floor_spawned":[1,4,12,13,19,22,31,33,35,36,38],"killed_by":"Nemesis","ascension_level":12}