{"gold_per_floor":[115,115,131,206,80,80,101,101,101,142,154,166,197,233,245,380,392,427,472,331,331,164,164,184,217,289,289,289,304,315,325,325,425,425,436,35,45,45,58,58,92,92,118,118,147,167,167,167,167,167],"floor_reached":51,"playtime":3593,"items_purged":["Injury","Strike_B"],"score":883,"play_id":"994c2f19-3513-4e5a-b4c9-07bd4e68d3cd","local_time":"20180826234451","is_ascension_mode":true,"campfire_choices":[{"data":"Zap","floor":6,"key":"SMITH"},{"floor":8,"key":"REST"},{"data":"Redo","floor":12,"key":"SMITH"},{"data":"Darkness","floor":15,"key":"SMITH"},{"floor":23,"key":"REST"},{"floor":28,"key":"REST"},{"floor":32,"key":"REST"},{"floor":40,"key":"REST"},{"floor":42,"key":"REST"},{"floor":47,"key":"REST"},{"floor":49,"key":"REST"}],"neow_cost":"NONE","seed_source_timestamp":422474727796117,"circlet_count":0,"master_deck":["Defend_B","Defend_B","Defend_B","Defend_B","Zap+1","Dualcast+1","Meteor Strike+1","Machine Learning+1","Steam+1","Redo+1","Coolheaded","Cold Snap","Redo","Cold Snap","Darkness+1","Cold Snap+1","Electrodynamics","Double Energy","Steam","Coolheaded","Capacitor","Hologram","Genetic Algorithm","Cold Snap+1","Barrage","Biased Cognition+1","Redo","Coolheaded","Meteor Strike","Cold Snap+1","Glacier","Consume","Secret Technique","Capacitor","Skim","Defragment","Ball Lightning"],"relics":["Astrolabe","Bloody Idol","Anchor","MawBank","Fusion Hammer","Red Mask","DataDisk","Matryoshka","Vajra","Turnip","Philosopher\u0027s Stone","Orichalcum","Centennial Puzzle","Whetstone","Oddly Smooth Stone"],"potions_floor_usage":[25,25,35,39,41,48,50,50],"damage_taken":[{"damage":14,"enemies":"Jaw Worm","floor":1,"turns":4},{"damage":0,"enemies":"2 Louse","floor":3,"turns":4},{"damage":4,"enemies":"Small Slimes","floor":7,"turns":4},{"damage":22,"enemies":"Lagavulin","floor":10,"turns":12},{"damage":1,"enemies":"2 Fungi Beasts","floor":13,"turns":4},{"damage":11,"enemies":"Lots of Slimes","floor":14,"turns":5},{"damage":7,"enemies":"Hexaghost","floor":16,"turns":10},{"damage":0,"enemies":"Chosen","floor":18,"turns":5},{"damage":2,"enemies":"Masked Bandits","floor":19,"turns":3},{"damage":5,"enemies":"Shell Parasite","floor":24,"turns":5},{"damage":16,"enemies":"Slavers","floor":25,"turns":6},{"damage":0,"enemies":"Snecko","floor":29,"turns":4},{"damage":7,"enemies":"Snake Plant","floor":30,"turns":4},{"damage":0,"enemies":"Centurion and Healer","floor":31,"turns":5},{"damage":21,"enemies":"Automaton","floor":33,"turns":14},{"damage":62,"enemies":"3 Darklings","floor":35,"turns":4},{"damage":0,"enemies":"Flame Bruiser 1 Orb","floor":37,"turns":6},{"damage":0,"enemies":"Maw","floor":39,"turns":9},{"damage":16,"enemies":"Nemesis","floor":41,"turns":7},{"damage":20,"enemies":"Giant Head","floor":45,"turns":9},{"damage":13,"enemies":"Flame Bruiser 2 Orb","floor":46,"turns":5},{"damage":41,"enemies":"Nemesis","floor":48,"turns":7},{"damage":25,"enemies":"Donu and Deca","floor":50,"turns":9}],"seed_played":"-4127654981905377723","potions_obtained":[{"floor":1,"key":"Block Potion"},{"floor":10,"key":"EssenceOfSteel"},{"floor":14,"key":"SpeedPotion"},{"floor":16,"key":"EssenceOfSteel"},{"floor":24,"key":"Explosive Potion"},{"floor":25,"key":"FearPotion"},{"floor":30,"key":"Fire Potion"},{"floor":37,"key":"Energy Potion"},{"floor":41,"key":"LiquidBronze"},{"floor":45,"key":"Strength Potion"}],"is_trial":false,"path_per_floor":["M","?","M","?","$","R","M","R","T","E","?","R","M","M","R","B",null,"M","?","$","?","$","R","M","E","T","T","R","M","M","M","R","B",null,"M","$","M","?","M","R","E","R","T","?","E","M","R","E","R","B"],"character_chosen":"DEFECT","items_purchased":["Cold Snap","Coolheaded","Capacitor","Hologram","Genetic Algorithm","Glacier","SmokeBomb","Consume","Secret Technique"],"campfire_rested":8,"item_purchase_floors":[5,20,22,22,22,36,36,36,36],"current_hp_per_floor":[61,61,61,50,50,50,46,68,68,46,46,46,45,34,34,27,75,75,73,73,73,73,75,75,64,69,69,75,75,73,75,75,59,75,18,18,23,23,28,50,39,61,66,66,51,43,65,24,46,21],"gold":167,"neow_bonus":"BOSS_RELIC","is_prod":false,"is_daily":false,"chose_seed":false,"campfire_upgraded":3,"win_rate":0,"timestamp":1535345091,"path_taken":["M","?","M","?","$","R","M","R","T","E","?","R","?","M","R","BOSS","M","?","?","?","$","R","M","E","T","?","R","M","M","M","R","BOSS","M","$","M","?","?","R","E","R","T","?","E","M","R","E","R","BOSS"],"build_version":"2018-08-23v2","purchased_purges":2,"victory":true,"max_hp_per_floor":[75,75,75,75,75,75,75,75,75,75,75,75,75,75,75,75,75,75,75,75,75,75,75,75,75,75,75,75,75,75,75,75,75,75,75,75,75,75,75,75,75,75,75,75,75,75,75,75,75,75],"card_choices":[{"not_picked":["Rip and Tear","Hologram"],"picked":"Redo","floor":1},{"not_picked":["Steam Power","White Noise"],"picked":"Coolheaded","floor":3},{"not_picked":["Turbo","Force Field"],"picked":"Redo","floor":7},{"not_picked":["Core Surge","Skim"],"picked":"Cold Snap","floor":10},{"not_picked":["Hologram","Ball Lightning"],"picked":"Darkness","floor":13},{"not_picked":["Go for the Eyes","Heatsinks"],"picked":"Cold Snap","floor":14},{"not_picked":["Fission","Hyperbeam"],"picked":"Electrodynamics","floor":16},{"not_picked":["Stack+1","Blizzard"],"picked":"Double Energy","floor":18},{"not_picked":["Aggregate","Steam Power"],"picked":"Steam","floor":19},{"not_picked":["Lockon+1","Gash+1"],"picked":"Cold Snap+1","floor":24},{"not_picked":["Reinforced Body","Recycle+1"],"picked":"Barrage","floor":25},{"not_picked":["Coolheaded","Sweeping Beam"],"picked":"Biased Cognition","floor":29},{"not_picked":["Compile Driver+1","Barrage+1"],"picked":"Redo","floor":30},{"not_picked":["Auto Shields","Static Discharge"],"picked":"Coolheaded","floor":31},{"not_picked":["Reboot","Machine Learning"],"picked":"Meteor Strike","floor":33},{"not_picked":["Conserve Battery+1","Reprogram"],"picked":"Cold Snap","floor":35},{"not_picked":["Turbo","Steam","Leap+1"],"picked":"SKIP","floor":37},{"not_picked":["Stack+1","Conserve Battery","Rebound+1"],"picked":"SKIP","floor":39},{"not_picked":["Rebound+1","Self Repair+1"],"picked":"Skim","floor":41},{"not_picked":["Conserve Battery","Coolheaded"],"picked":"Defragment","floor":45},{"not_picked":["Rebound+1","Compile Driver+1"],"picked":"Ball Lightning","floor":46}],"player_experience":256546,"relics_obtained":[{"floor":9,"key":"Anchor"},{"floor":10,"key":"MawBank"},{"floor":19,"key":"Red Mask"},{"floor":25,"key":"DataDisk"},{"floor":26,"key":"Matryoshka"},{"floor":27,"key":"Vajra"},{"floor":27,"key":"Turnip"},{"floor":41,"key":"Orichalcum"},{"floor":43,"key":"Centennial Puzzle"},{"floor":43,"key":"Whetstone"},{"floor":45,"key":"Oddly Smooth Stone"}],"event_choices":[{"event_name":"Golden Idol","player_choice":"Take Wound","floor":2,"damage_taken":0},{"event_name":"World of Goop","player_choice":"Gather Gold","floor":4,"damage_taken":0},{"event_name":"Upgrade Shrine","player_choice":"Upgraded","floor":11,"damage_taken":0},{"event_name":"Masked Bandits","player_choice":"Fought Bandits","floor":19,"damage_taken":0},{"event_name":"Forgotten Altar","player_choice":"Gave Idol","floor":21,"damage_taken":0},{"event_name":"Duplicator","player_choice":"One dupe","floor":38,"damage_taken":0},{"event_name":"Upgrade Shrine","player_choice":"Upgraded","floor":44,"damage_taken":0}],"is_beta":false,"boss_relics":[{"not_picked":["Empty Cage","Runic Dome"],"picked":"Fusion Hammer"},{"not_picked":["White Beast Statue","Lizard Tail"],"picked":"Philosopher\u0027s Stone"}],"items_purged_floors":[5,20],"is_endless":false,"potions_floor_spawned":[1,10,14,16,24,25,30,37,41,45,48],"ascension_level":3}