{"gold_per_floor":[112,112,112,132,132,132,147,147,147,72,84,84,84,184,184,285,285,299,311,47,47,47,47,61,73,97,97,97,111,111],"floor_reached":30,"playtime":1354,"items_purged":["Strike_B"],"score":218,"play_id":"f88a5fcd-f911-4056-89be-7f4e81200703","local_time":"20190128040719","is_ascension_mode":false,"campfire_choices":[{"floor":6,"key":"REST"},{"data":"Coolheaded","floor":8,"key":"SMITH"},{"data":"Dualcast","floor":15,"key":"SMITH"},{"data":"Multi-Cast","floor":23,"key":"SMITH"},{"floor":28,"key":"REST"}],"neow_cost":"NONE","seed_source_timestamp":542970565699271,"circlet_count":0,"master_deck":["Strike_B","Strike_B","Defend_B","Defend_B","Defend_B+1","Zap","Dualcast+1","Rip and Tear","Gash+1","Coolheaded+1","Doom and Gloom","Multi-Cast+1","Conserve Battery","Conserve Battery","Capacitor","Cold Snap","Glacier","Compile Driver","Necronomicurse","Defragment"],"relics":["Cracked Core","Ancient Tea Set","Question Card","Sozu","Pen Nib","Anchor","Necronomicon"],"potions_floor_usage":[24],"damage_taken":[{"damage":0,"enemies":"2 Louse","floor":1,"turns":2},{"damage":1,"enemies":"Cultist","floor":4,"turns":3},{"damage":11,"enemies":"Jaw Worm","floor":7,"turns":2},{"damage":4,"enemies":"Blue Slaver","floor":11,"turns":3},{"damage":28,"enemies":"Hexaghost","floor":16,"turns":9},{"damage":10,"enemies":"Chosen","floor":18,"turns":4},{"damage":11,"enemies":"2 Thieves","floor":19,"turns":4},{"damage":20,"enemies":"Sentry and Sphere","floor":24,"turns":6},{"damage":13,"enemies":"Chosen and Byrds","floor":25,"turns":5},{"damage":18,"enemies":"Snake Plant","floor":29,"turns":5},{"damage":18,"enemies":"Book of Stabbing","floor":30,"turns":3}],"seed_played":"2112242554588820192","potions_obtained":[{"floor":1,"key":"Fire Potion"},{"floor":11,"key":"Ancient Potion"}],"is_trial":false,"path_per_floor":["M","?","?","M","?","R","M","R","T","$","M","T","$","?","R","B",null,"M","M","$","?","?","R","M","M","T","?","R","M","E"],"character_chosen":"DEFECT","items_purchased":["Capacitor","Cold Snap","Pen Nib"],"campfire_rested":2,"item_purchase_floors":[20,20,20],"current_hp_per_floor":[82,75,75,74,58,82,71,71,71,71,67,67,67,67,67,39,82,72,61,61,61,61,61,41,28,28,12,36,18,0],"gold":111,"neow_bonus":"TEN_PERCENT_HP_BONUS","is_prod":false,"is_daily":false,"chose_seed":false,"campfire_upgraded":3,"win_rate":0,"timestamp":1548677239,"path_taken":["M","?","?","?","?","R","M","R","T","$","M","?","$","?","R","BOSS","M","M","$","?","?","R","M","M","T","?","R","M","E"],"build_version":"2019-01-23","purchased_purges":1,"victory":false,"max_hp_per_floor":[82,82,82,82,82,82,82,82,82,82,82,82,82,82,82,82,82,82,82,82,82,82,82,82,82,82,82,82,82,82],"card_choices":[{"not_picked":["Blizzard","Steam"],"picked":"Rip and Tear","floor":1},{"not_picked":["Turbo","Stack"],"picked":"Gash","floor":4},{"not_picked":["Compile Driver","Rip and Tear"],"picked":"Coolheaded","floor":7},{"not_picked":["Go for the Eyes","Streamline"],"picked":"Doom and Gloom","floor":11},{"not_picked":["Machine Learning","Biased Cognition","Reboot"],"picked":"Multi-Cast","floor":16},{"not_picked":["Go for the Eyes","Steam","Rebound+1"],"picked":"Conserve Battery","floor":18},{"not_picked":["Loop","Leap","Compile Driver"],"picked":"Conserve Battery","floor":19},{"not_picked":["Sweeping Beam","Thunder Strike","Beam Cell"],"picked":"Glacier","floor":24},{"not_picked":["Sweeping Beam","Go for the Eyes","Recycle"],"picked":"Compile Driver","floor":25},{"not_picked":["Self Repair","Genetic Algorithm","BootSequence"],"picked":"Defragment","floor":29}],"player_experience":342078,"relics_obtained":[{"floor":9,"key":"Ancient Tea Set"},{"floor":12,"key":"Question Card"},{"floor":26,"key":"Anchor"},{"floor":27,"key":"Necronomicon"}],"event_choices":[{"cards_removed":["Strike_B"],"damage_healed":0,"gold_gain":0,"player_choice":"Card Removal","damage_taken":7,"max_hp_gain":0,"max_hp_loss":0,"event_name":"Golden Wing","floor":2,"gold_loss":0},{"cards_removed":["Defend_B"],"damage_healed":0,"gold_gain":0,"player_choice":"Purged","damage_taken":0,"max_hp_gain":0,"max_hp_loss":0,"event_name":"Purifier","floor":3,"gold_loss":0},{"damage_healed":0,"gold_gain":0,"player_choice":"Entered Light","damage_taken":16,"max_hp_gain":0,"max_hp_loss":0,"event_name":"Shining Light","floor":5,"gold_loss":0,"cards_upgraded":["Defend_B","Gash"]},{"damage_healed":0,"gold_gain":100,"player_choice":"Pray","damage_taken":0,"max_hp_gain":0,"max_hp_loss":0,"event_name":"Golden Shrine","floor":14,"gold_loss":0},{"damage_healed":0,"gold_gain":0,"player_choice":"Ignored","damage_taken":0,"max_hp_gain":0,"max_hp_loss":0,"event_name":"Ghosts","floor":21,"gold_loss":0},{"damage_healed":0,"gold_gain":0,"player_choice":"Ignored","damage_taken":0,"max_hp_gain":0,"max_hp_loss":0,"event_name":"Vampires","floor":22,"gold_loss":0},{"damage_healed":0,"gold_gain":0,"player_choice":"Obtained Book","damage_taken":16,"max_hp_gain":0,"max_hp_loss":0,"event_name":"Cursed Tome","floor":27,"gold_loss":0}],"is_beta":false,"boss_relics":[{"not_picked":["Fusion Hammer","Coffee Dripper"],"picked":"Sozu"}],"items_purged_floors":[10],"is_endless":false,"potions_floor_spawned":[1,11,19,24,25],"killed_by":"Book of Stabbing","ascension_level":0}