{"gold_per_floor":[211,20,20,37,50,50,375,375,375,375,404,141,141,153,153,255,305,318,69,88,114,132,160,160,195,195,215,229,27,27,40,40,40],"floor_reached":33,"playtime":2314,"items_purged":["Strike_R","Strike_R","Strike_R"],"score":295,"play_id":"a644e859-5733-423e-a4a9-c7c8b8f705d0","local_time":"20190203224436","is_ascension_mode":false,"campfire_choices":[{"data":"Bash","floor":6,"key":"SMITH"},{"data":"Infernal Blade","floor":8,"key":"SMITH"},{"data":"Armaments","floor":10,"key":"SMITH"},{"data":"Wild Strike","floor":13,"key":"SMITH"},{"data":"Shrug It Off","floor":15,"key":"SMITH"},{"data":"Whirlwind","floor":24,"key":"SMITH"},{"data":"Immolate","floor":30,"key":"SMITH"},{"floor":32,"key":"REST"}],"neow_cost":"NONE","seed_source_timestamp":514203385657400,"circlet_count":0,"master_deck":["Strike_R","Strike_R","Defend_R","Defend_R","Defend_R","Bash+1","Whirlwind+1","Armaments+1","Infernal Blade+1","Wild Strike+1","Immolate+1","Iron Wave","Shrug It Off+1","Feed+1","Flame Barrier+1","Thunderclap","Shrug It Off","Flex+1","Impervious","Shrug It Off+1","Uppercut","Flame Barrier"],"relics":["Burning Blood","Juzu Bracelet","Old Coin","Mummified Hand","Pen Nib","Tiny House","Anchor","Red Mask","Question Card","Regal Pillow"],"potions_floor_usage":[11,20,20,23,33],"damage_taken":[{"damage":6,"enemies":"Jaw Worm","floor":1,"turns":4},{"damage":1,"enemies":"Cultist","floor":4,"turns":3},{"damage":5,"enemies":"Small Slimes","floor":5,"turns":4},{"damage":26,"enemies":"Lagavulin","floor":7,"turns":5},{"damage":13,"enemies":"3 Sentries","floor":11,"turns":5},{"damage":11,"enemies":"Exordium Wildlife","floor":14,"turns":3},{"damage":16,"enemies":"The Guardian","floor":16,"turns":10},{"damage":10,"enemies":"Shell Parasite","floor":18,"turns":5},{"damage":1,"enemies":"2 Thieves","floor":20,"turns":2},{"damage":16,"enemies":"Masked Bandits","floor":21,"turns":4},{"damage":4,"enemies":"Snecko","floor":22,"turns":6},{"damage":2,"enemies":"Slavers","floor":23,"turns":3},{"damage":36,"enemies":"Book of Stabbing","floor":25,"turns":6},{"damage":0,"enemies":"Cultist and Chosen","floor":27,"turns":4},{"damage":13,"enemies":"Snake Plant","floor":28,"turns":4},{"damage":9,"enemies":"Centurion and Healer","floor":31,"turns":4},{"damage":127,"enemies":"Automaton","floor":33,"turns":12}],"seed_played":"6115675411566818664","potions_obtained":[{"floor":7,"key":"BloodPotion"},{"floor":11,"key":"PowerPotion"},{"floor":16,"key":"Energy Potion"},{"floor":17,"key":"Regen Potion"},{"floor":20,"key":"Explosive Potion"},{"floor":21,"key":"FearPotion"},{"floor":23,"key":"Strength Potion"},{"floor":28,"key":"Strength Potion"}],"is_trial":false,"path_per_floor":["M","$","?","M","M","R","E","R","T","R","E","$","R","M","R","B",null,"M","$","M","?","M","E","R","E","T","M","M","$","R","M","R","B"],"character_chosen":"IRONCLAD","items_purchased":["Juzu Bracelet","Armaments","Immolate","Iron Wave","Anchor","Uppercut"],"campfire_rested":1,"item_purchase_floors":[2,2,12,12,19,29],"current_hp_per_floor":[80,80,80,80,80,80,60,60,60,60,61,61,61,56,56,46,85,81,81,85,75,81,85,85,55,55,61,54,54,54,51,89,0],"gold":40,"neow_bonus":"HUNDRED_GOLD","is_prod":false,"is_daily":false,"chose_seed":false,"campfire_upgraded":7,"win_rate":0,"timestamp":1549251876,"path_taken":["M","$","?","M","M","R","E","R","T","R","E","$","R","M","R","BOSS","M","$","M","?","M","E","R","E","T","M","M","$","R","M","R","BOSS"],"build_version":"2019-01-23","purchased_purges":3,"victory":false,"max_hp_per_floor":[80,80,80,80,80,80,80,80,80,80,80,80,80,80,80,80,85,85,85,85,85,89,89,89,89,89,89,89,89,89,89,89,89],"card_choices":[{"not_picked":["Sword Boomerang","Twin Strike"],"picked":"Whirlwind","floor":1},{"not_picked":["Rampage","Armaments"],"picked":"Infernal Blade","floor":4},{"not_picked":["Reckless Charge","Cleave","Armaments"],"picked":"SKIP","floor":5},{"not_picked":["Dropkick","Flex"],"picked":"Wild Strike","floor":7},{"not_picked":["Sever Soul","Sentinel","Bloodletting"],"picked":"SKIP","floor":11},{"not_picked":["Infernal Blade","Ghostly Armor"],"picked":"Shrug It Off","floor":14},{"not_picked":["Bludgeon","Offering"],"picked":"Feed","floor":16},{"not_picked":["Cleave","Havoc"],"picked":"Flame Barrier+1","floor":18},{"not_picked":["Warcry","Corruption"],"picked":"Thunderclap","floor":20},{"not_picked":["Blood for Blood","Entrench+1"],"picked":"Shrug It Off","floor":21},{"not_picked":["Cleave","Havoc","True Grit"],"picked":"SKIP","floor":22},{"not_picked":["Shrug It Off","Infernal Blade"],"picked":"Flex+1","floor":23},{"not_picked":["Sentinel","Clash","Flex","Shockwave"],"picked":"SKIP","floor":25},{"not_picked":["Havoc","Armaments+1","Clash"],"picked":"Impervious","floor":27},{"not_picked":["Iron Wave+1","Pummel","Perfected Strike+1"],"picked":"Shrug It Off+1","floor":28},{"not_picked":["Headbutt","Clothesline+1","Pummel+1"],"picked":"Flame Barrier","floor":31}],"player_experience":101906,"relics_obtained":[{"floor":7,"key":"Old Coin"},{"floor":9,"key":"Mummified Hand"},{"floor":11,"key":"Pen Nib"},{"floor":21,"key":"Red Mask"},{"floor":23,"key":"Question Card"},{"floor":25,"key":"Regal Pillow"}],"event_choices":[{"cards_removed":["Defend_R"],"damage_healed":0,"gold_gain":0,"player_choice":"Offered Basic","damage_taken":0,"max_hp_gain":0,"max_hp_loss":0,"event_name":"Bonfire Elementals","floor":3,"gold_loss":0},{"damage_healed":0,"gold_gain":0,"player_choice":"Fought Bandits","damage_taken":0,"max_hp_gain":0,"max_hp_loss":0,"event_name":"Masked Bandits","floor":21,"gold_loss":0}],"is_beta":false,"boss_relics":[{"not_picked":["Snecko Eye","Lizard Tail"],"picked":"Tiny House"}],"items_purged_floors":[12,19,29],"is_endless":false,"potions_floor_spawned":[7,11,16,20,21,23,28],"killed_by":"Automaton","ascension_level":0}