{"gold_per_floor":[119,4,24,24,47,83,83,102,102,52,123,123,123,144,144,144],"floor_reached":16,"playtime":761,"items_purged":["Defend_G"],"score":155,"play_id":"fff1f078-cce8-47ff-a9fe-89a060e653e5","local_time":"20181109201903","is_ascension_mode":true,"campfire_choices":[{"data":"Neutralize","floor":13,"key":"SMITH"},{"floor":15,"key":"REST"}],"neow_cost":"NONE","seed_source_timestamp":7930603096455,"circlet_count":0,"master_deck":["Defend_G","Defend_G","Defend_G","Defend_G","Strike_G","Strike_G","Strike_G","Survivor","Neutralize+1","Well Laid Plans","Distraction","Riddle With Holes","Slice","Adrenaline"],"relics":["Ring of the Snake","Golden Idol","Mango","Girya","Pear"],"potions_floor_usage":[6,6,11,16],"damage_taken":[{"damage":2,"enemies":"2 Louse","floor":1,"turns":3},{"damage":2,"enemies":"Jaw Worm","floor":3,"turns":5},{"damage":4,"enemies":"Small Slimes","floor":5,"turns":4},{"damage":39,"enemies":"3 Sentries","floor":6,"turns":13},{"damage":6,"enemies":"2 Fungi Beasts","floor":8,"turns":4},{"damage":17,"enemies":"3 Sentries","floor":11,"turns":10},{"damage":0,"enemies":"Red Slaver","floor":14,"turns":5},{"damage":66,"enemies":"Slime Boss","floor":16,"turns":8}],"seed_played":"4020498428959573693","potions_obtained":[{"floor":1,"key":"Energy Potion"},{"floor":3,"key":"Energy Potion"},{"floor":6,"key":"Fire Potion"},{"floor":14,"key":"Dexterity Potion"}],"is_trial":false,"path_per_floor":["M","$","M","?","M","E","?","M","T","?","?","?","R","M","R","B"],"character_chosen":"THE_SILENT","items_purchased":["Well Laid Plans"],"campfire_rested":1,"item_purchase_floors":[2],"current_hp_per_floor":[68,68,66,66,62,37,37,31,31,31,24,24,24,24,52,0],"gold":144,"neow_bonus":"TEN_PERCENT_HP_BONUS","is_prod":false,"is_daily":false,"chose_seed":false,"campfire_upgraded":1,"win_rate":0,"timestamp":1541794743,"path_taken":["M","$","M","?","M","E","?","M","T","?","?","?","R","M","R","BOSS"],"build_version":"2018-11-08","purchased_purges":1,"victory":false,"max_hp_per_floor":[77,77,77,71,71,85,85,85,85,85,95,95,95,95,95,95],"card_choices":[{"not_picked":["Eviscerate","Deadly Poison","Outmaneuver"],"picked":"SKIP","floor":1},{"not_picked":["Concentrate","Outmaneuver","Crippling Poison"],"picked":"SKIP","floor":3},{"not_picked":["Outmaneuver","Prepared"],"picked":"Distraction","floor":5},{"not_picked":["Concentrate","Dodge and Roll"],"picked":"Riddle With Holes","floor":6},{"not_picked":["Acrobatics","Backflip"],"picked":"Slice","floor":8},{"not_picked":["Quick Slash","Setup"],"picked":"Adrenaline","floor":11},{"not_picked":["Sucker Punch","Acrobatics","Expertise"],"picked":"SKIP","floor":14}],"player_experience":128942,"relics_obtained":[{"floor":6,"key":"Mango"},{"floor":9,"key":"Girya"}],"event_choices":[{"damage_healed":0,"gold_gain":0,"player_choice":"Lose Max HP","damage_taken":0,"relics_obtained":["Golden Idol"],"max_hp_gain":0,"max_hp_loss":6,"event_name":"Golden Idol","floor":4,"gold_loss":0},{"damage_healed":0,"gold_gain":0,"player_choice":"Ignored","damage_taken":0,"max_hp_gain":0,"max_hp_loss":0,"event_name":"Liars Game","floor":7,"gold_loss":0},{"cards_removed":["Strike_G"],"damage_healed":0,"gold_gain":0,"player_choice":"Card Removal","damage_taken":0,"max_hp_gain":0,"max_hp_loss":0,"event_name":"The Cleric","floor":10,"gold_loss":50},{"damage_healed":0,"gold_gain":0,"player_choice":"Searched \u00272\u0027 times","damage_taken":0,"relics_obtained":["Pear"],"max_hp_gain":0,"max_hp_loss":0,"event_name":"Dead Adventurer","floor":11,"gold_loss":0},{"cards_removed":["Strike_G"],"damage_healed":0,"gold_gain":0,"player_choice":"Offered Basic","damage_taken":0,"max_hp_gain":0,"max_hp_loss":0,"event_name":"Bonfire Elementals","floor":12,"gold_loss":0}],"is_beta":false,"boss_relics":[],"items_purged_floors":[2],"is_endless":false,"potions_floor_spawned":[1,3,6,14],"killed_by":"Slime Boss","ascension_level":6}