{"gold_per_floor":[114,133,144,144,160,190,190,204,250,266,285,285,285,297,297,370,370,388,388,404,20,20,20],"floor_reached":23,"playtime":1189,"items_purged":[],"score":322,"play_id":"8659f86d-3838-4816-b89e-6b00f1dab3e7","local_time":"20190120192339","is_ascension_mode":true,"campfire_choices":[{"floor":7,"key":"REST"},{"floor":12,"key":"REST"},{"data":"Catalyst","floor":15,"key":"SMITH"}],"neow_cost":"TEN_PERCENT_HP_LOSS","seed_source_timestamp":68647047373114,"circlet_count":0,"master_deck":["AscendersBane","Defend_G","Defend_G","Defend_G","Defend_G","Defend_G","Strike_G","Strike_G","Strike_G","Strike_G","Strike_G","Survivor","Neutralize","Malaise","All Out Attack","Dash","Noxious Fumes+1","Catalyst+1","Bouncing Flask","All Out Attack","Bane","Burst","Backflip","Leg Sweep+1","Noxious Fumes"],"relics":["Ring of the Snake","Oddly Smooth Stone","PreservedInsect","Velvet Choker","Singing Bowl"],"potions_floor_usage":[6,10,16,18,23,23],"damage_taken":[{"damage":0,"enemies":"Jaw Worm","floor":1,"turns":7},{"damage":0,"enemies":"Cultist","floor":2,"turns":5},{"damage":8,"enemies":"Small Slimes","floor":3,"turns":5},{"damage":19,"enemies":"Red Slaver","floor":5,"turns":7},{"damage":30,"enemies":"3 Sentries","floor":6,"turns":8},{"damage":0,"enemies":"2 Fungi Beasts","floor":8,"turns":3},{"damage":16,"enemies":"Exordium Thugs","floor":10,"turns":6},{"damage":2,"enemies":"Looter","floor":11,"turns":3},{"damage":0,"enemies":"2 Fungi Beasts","floor":14,"turns":3},{"damage":21,"enemies":"Slime Boss","floor":16,"turns":10},{"damage":6,"enemies":"3 Byrds","floor":18,"turns":3},{"damage":33,"enemies":"2 Thieves","floor":20,"turns":4},{"damage":10,"enemies":"Book of Stabbing","floor":23,"turns":4}],"seed_played":"-7726339964109485631","potions_obtained":[{"floor":1,"key":"SteroidPotion"},{"floor":2,"key":"LiquidBronze"},{"floor":5,"key":"Weak Potion"},{"floor":11,"key":"Fire Potion"},{"floor":14,"key":"LiquidBronze"},{"floor":16,"key":"SteroidPotion"},{"floor":18,"key":"Weak Potion"}],"is_trial":false,"path_per_floor":["M","M","M","?","M","E","R","M","T","M","M","R","?","M","R","B",null,"M","?","M","$","$","E"],"character_chosen":"THE_SILENT","items_purchased":["Noxious Fumes","Singing Bowl","Swift Potion"],"campfire_rested":2,"item_purchase_floors":[21,21,21],"current_hp_per_floor":[63,63,55,55,36,6,24,24,24,8,6,24,24,24,24,3,48,42,42,9,9,9,0],"gold":20,"neow_bonus":"THREE_RARE_CARDS","is_prod":false,"is_daily":false,"chose_seed":false,"campfire_upgraded":1,"win_rate":0,"timestamp":1548033819,"path_taken":["M","M","M","?","M","E","R","M","T","M","?","R","?","M","R","BOSS","M","?","?","?","$","E"],"build_version":"2019-01-17v2","purchased_purges":0,"victory":false,"max_hp_per_floor":[63,63,63,63,63,63,63,63,63,63,63,63,63,63,63,63,63,63,63,63,63,63,63],"card_choices":[{"not_picked":["Doppelganger","Venomology"],"picked":"Malaise","floor":0},{"not_picked":["Deadly Poison","Backflip"],"picked":"All Out Attack","floor":1},{"not_picked":["Slice","Tactician"],"picked":"Infinite Blades","floor":2},{"not_picked":["Dagger Spray","Quick Slash"],"picked":"Dash","floor":3},{"not_picked":["Sucker Punch","Poisoned Stab"],"picked":"Noxious Fumes","floor":5},{"not_picked":["Calculated Gamble","Acrobatics"],"picked":"Catalyst","floor":6},{"not_picked":["Prepared","After Image"],"picked":"Bouncing Flask","floor":8},{"not_picked":["Masterful Stab","Distraction","Blade Dance"],"picked":"SKIP","floor":10},{"not_picked":["Concentrate","Reflex"],"picked":"All Out Attack","floor":11},{"not_picked":["Skewer","Blade Dance"],"picked":"Bane","floor":14},{"not_picked":["Bullet Time","After Image"],"picked":"Burst","floor":16},{"not_picked":["Dagger Throw","Bane"],"picked":"Backflip","floor":18},{"not_picked":["Flechettes","Poisoned Stab"],"picked":"Leg Sweep+1","floor":20}],"player_experience":502205,"relics_obtained":[{"floor":6,"key":"Oddly Smooth Stone"},{"floor":9,"key":"PreservedInsect"}],"event_choices":[{"damage_healed":0,"gold_gain":0,"player_choice":"0 cards matched","damage_taken":0,"max_hp_gain":0,"max_hp_loss":0,"event_name":"Match and Keep!","floor":4,"gold_loss":0,"cards_obtained":[]},{"damage_healed":0,"gold_gain":0,"player_choice":"Forge","damage_taken":0,"max_hp_gain":0,"max_hp_loss":0,"event_name":"Accursed Blacksmith","floor":13,"gold_loss":0,"cards_upgraded":["Noxious Fumes"]},{"cards_removed":["Infinite Blades"],"damage_healed":0,"gold_gain":0,"player_choice":"Purged","damage_taken":0,"max_hp_gain":0,"max_hp_loss":0,"event_name":"Purifier","floor":19,"gold_loss":0}],"is_beta":false,"boss_relics":[{"not_picked":["White Beast Statue","Empty Cage"],"picked":"Velvet Choker"}],"items_purged_floors":[],"is_endless":false,"potions_floor_spawned":[1,2,5,11,14,16,18],"killed_by":"Book of Stabbing","ascension_level":13}