{"gold_per_floor":[361,381,398,70,70,35,66,66,66,66,84,84,84,102,102,204,204,221,11,22,22],"floor_reached":21,"playtime":548,"items_purged":["Strike_B"],"score":224,"play_id":"500d71c2-fbd9-4ab7-bbd6-e4ea644fe572","local_time":"20181007191121","is_ascension_mode":true,"campfire_choices":[{"data":"Thinking Ahead","floor":8,"key":"SMITH"},{"data":"Capacitor","floor":10,"key":"SMITH"},{"data":"Coolheaded","floor":13,"key":"SMITH"},{"data":"Consume","floor":15,"key":"SMITH"}],"neow_cost":"TEN_PERCENT_HP_LOSS","seed_source_timestamp":20691929666323,"circlet_count":0,"master_deck":["Strike_B","Strike_B","Defend_B","Defend_B","Defend_B","Defend_B","Zap","Dualcast","Capacitor+1","Ball Lightning","Fusion","Coolheaded+1","Thinking Ahead+1","Consume+1","FTL","White Noise","Echo Form","Metamorphosis","Storm"],"relics":["Cracked Core","Matryoshka","Strawberry","Happy Flower","Nuclear Battery"],"potions_floor_usage":[11,18],"damage_taken":[{"damage":0,"enemies":"2 Louse","floor":1,"turns":1},{"damage":6,"enemies":"Cultist","floor":2,"turns":4},{"damage":2,"enemies":"Jaw Worm","floor":3,"turns":3},{"damage":19,"enemies":"Lagavulin","floor":7,"turns":8},{"damage":5,"enemies":"3 Louse","floor":11,"turns":3},{"damage":0,"enemies":"Large Slime","floor":14,"turns":4},{"damage":24,"enemies":"Hexaghost","floor":16,"turns":5},{"damage":29,"enemies":"Chosen","floor":18,"turns":5},{"damage":18,"enemies":"2 Thieves","floor":20,"turns":3},{"damage":18,"enemies":"Centurion and Healer","floor":21,"turns":1}],"seed_played":"-3179734208121091411","potions_obtained":[{"floor":3,"key":"PowerPotion"},{"floor":7,"key":"Block Potion"},{"floor":14,"key":"Ancient Potion"},{"floor":16,"key":"Dexterity Potion"}],"is_trial":false,"path_per_floor":["M","M","M","$","?","$","E","R","T","R","M","?","R","M","R","B",null,"M","$","M"],"character_chosen":"DEFECT","items_purchased":["Coolheaded","Thinking Ahead","Consume","Metamorphosis"],"campfire_rested":0,"item_purchase_floors":[4,4,6,19],"current_hp_per_floor":[68,62,60,60,60,60,41,41,48,48,43,36,36,36,36,12,59,30,30,12,0],"gold":22,"neow_bonus":"TWO_FIFTY_GOLD","is_prod":false,"is_daily":false,"chose_seed":false,"campfire_upgraded":4,"win_rate":0,"timestamp":1538935881,"path_taken":["M","M","M","$","?","$","E","R","T","R","M","?","R","?","R","BOSS","M","$","?","M"],"build_version":"2018-10-04v2","purchased_purges":1,"victory":false,"max_hp_per_floor":[68,68,68,68,68,68,68,68,75,75,75,75,75,75,75,75,75,75,75,75,75],"card_choices":[{"not_picked":["Hologram","Lockon"],"picked":"Capacitor","floor":1},{"not_picked":["Barrage","Conserve Battery"],"picked":"Ball Lightning","floor":2},{"not_picked":["Hologram","Undo"],"picked":"Fusion","floor":3},{"not_picked":["Rebound","Storm"],"picked":"FTL","floor":7},{"not_picked":["Redo","Rebound","Double Energy"],"picked":"SKIP","floor":11},{"not_picked":["Rebound","Consume"],"picked":"White Noise","floor":14},{"not_picked":["Seek","Amplify"],"picked":"Echo Form","floor":16},{"not_picked":["Doom and Gloom","Streamline","Aggregate"],"picked":"SKIP","floor":18},{"not_picked":["Rebound","Hologram"],"picked":"Storm","floor":20}],"player_experience":61208,"relics_obtained":[{"floor":7,"key":"Matryoshka"},{"floor":9,"key":"Strawberry"},{"floor":9,"key":"Happy Flower"}],"event_choices":[{"event_name":"Match and Keep!","player_choice":"0 cards matched","floor":5,"damage_taken":0},{"event_name":"Golden Wing","player_choice":"Card Removal","floor":12,"damage_taken":0}],"is_beta":false,"boss_relics":[{"not_picked":["Pandora\u0027s Box","Calling Bell"],"picked":"Nuclear Battery"}],"items_purged_floors":[4],"is_endless":false,"potions_floor_spawned":[3,7,14,16],"killed_by":"Centurion and Healer","ascension_level":5}