{"gold_per_floor":[118,51,67,18,18,18,18,18,18,28,28,28,47,63,63,63],"floor_reached":16,"playtime":354,"items_purged":[],"score":144,"play_id":"9b3ab8a8-cdad-4d50-a1ac-dd8e3c7a206b","local_time":"20181215175442","is_ascension_mode":true,"campfire_choices":[{"data":"Deadly Poison","floor":6,"key":"SMITH"},{"data":"Neutralize","floor":8,"key":"SMITH"},{"data":"Noxious Fumes","floor":11,"key":"SMITH"},{"data":"Footwork","floor":15,"key":"SMITH"}],"neow_cost":"NONE","seed_source_timestamp":9784755767744,"circlet_count":0,"master_deck":["AscendersBane","Defend_G","Defend_G+1","Defend_G","Defend_G","Defend_G","Strike_G","Strike_G","Strike_G","Survivor","Neutralize+1","Cloak And Dagger","Footwork+1","Dodge and Roll+1","Deadly Poison+1","Noxious Fumes+1","Sucker Punch","Deflect"],"relics":["Ring of the Snake","War Paint","The Courier"],"potions_floor_usage":[13],"damage_taken":[{"damage":0,"enemies":"Small Slimes","floor":1,"turns":5},{"damage":0,"enemies":"Cultist","floor":3,"turns":6},{"damage":0,"enemies":"Jaw Worm","floor":10,"turns":4},{"damage":17,"enemies":"Gremlin Gang","floor":13,"turns":4},{"damage":0,"enemies":"2 Fungi Beasts","floor":14,"turns":5},{"damage":32,"enemies":"Slime Boss","floor":16,"turns":7}],"seed_played":"-994484417521562372","potions_obtained":[{"floor":1,"key":"Poison Potion"}],"is_trial":false,"path_per_floor":["M","$","M","$","?","R","?","R","T","M","R","?","M","M","R","B"],"character_chosen":"THE_SILENT","items_purchased":["Footwork","Deadly Poison"],"campfire_rested":0,"item_purchase_floors":[2,4],"current_hp_per_floor":[63,63,63,63,45,45,45,45,45,45,45,45,28,28,28,0],"gold":63,"neow_bonus":"REMOVE_CARD","is_prod":false,"is_daily":false,"chose_seed":false,"campfire_upgraded":4,"win_rate":0,"timestamp":1544896482,"path_taken":["M","$","M","$","?","R","?","R","T","?","R","?","M","M","R","BOSS"],"build_version":"2018-12-13","purchased_purges":0,"victory":false,"max_hp_per_floor":[70,70,70,70,70,70,70,70,70,70,70,70,70,70,70,70],"card_choices":[{"not_picked":["Accuracy","Endless Agony"],"picked":"Cloak And Dagger","floor":1},{"not_picked":["Quick Slash","Acrobatics"],"picked":"Dodge and Roll","floor":3},{"not_picked":["Poisoned Stab","Glass Knife"],"picked":"Noxious Fumes","floor":10},{"not_picked":["Dagger Spray","Sucker Punch"],"picked":"Deflect","floor":13},{"not_picked":["Prepared","Calculated Gamble","Reflex"],"picked":"SKIP","floor":14}],"player_experience":274728,"relics_obtained":[{"floor":9,"key":"The Courier"}],"event_choices":[{"damage_healed":0,"gold_gain":0,"player_choice":"Success","damage_taken":18,"relics_obtained":["War Paint"],"max_hp_gain":0,"max_hp_loss":0,"event_name":"Scrap Ooze","floor":5,"gold_loss":0},{"cards_removed":["Strike_G"],"damage_healed":0,"gold_gain":0,"player_choice":"Offered Basic","damage_taken":0,"max_hp_gain":0,"max_hp_loss":0,"event_name":"Bonfire Elementals","floor":7,"gold_loss":0},{"damage_healed":0,"gold_gain":0,"player_choice":"1 cards matched","damage_taken":0,"max_hp_gain":0,"max_hp_loss":0,"event_name":"Match and Keep!","floor":12,"gold_loss":0,"cards_obtained":["Sucker Punch"]}],"is_beta":false,"boss_relics":[],"items_purged_floors":[],"is_endless":false,"potions_floor_spawned":[1],"killed_by":"Slime Boss","ascension_level":12}