{"gold_per_floor":[366,326,164,181,191,191,23,53,53,53,119,119,148,158,158,235,235,251,251,251,271,284,284,284],"floor_reached":24,"playtime":1654,"items_purged":[],"score":388,"play_id":"760ee982-8b2c-4d4b-81e9-342db6d9e07f","local_time":"20190120002825","is_ascension_mode":true,"campfire_choices":[{"data":"Bash","floor":6,"key":"SMITH"},{"data":"Body Slam","floor":10,"key":"SMITH"},{"data":"Shockwave","floor":15,"key":"SMITH"},{"data":"Inflame","floor":23,"key":"SMITH"}],"neow_cost":"PERCENT_DAMAGE","seed_source_timestamp":801498352612471,"circlet_count":0,"master_deck":["AscendersBane","Strike_R+1","Strike_R+1","Strike_R","Defend_R","Defend_R","Defend_R","Defend_R","Bash+1","Body Slam+1","Parasite","Shockwave+1","Flame Barrier","Offering","Searing Blow","Limit Break","Inflame+1"],"relics":["Burning Blood","Whetstone","Blood Vial","Prayer Wheel","Meat on the Bone","Bottled Lightning","Busted Crown"],"potions_floor_usage":[2,5,13,16,21,24],"damage_taken":[{"damage":2,"enemies":"2 Louse","floor":1,"turns":4},{"damage":1,"enemies":"Cultist","floor":4,"turns":3},{"damage":4,"enemies":"Small Slimes","floor":5,"turns":3},{"damage":40,"enemies":"Lagavulin","floor":8,"turns":6},{"damage":33,"enemies":"Gremlin Nob","floor":13,"turns":4},{"damage":0,"enemies":"3 Louse","floor":14,"turns":4},{"damage":31,"enemies":"Hexaghost","floor":16,"turns":11},{"damage":38,"enemies":"Spheric Guardian","floor":18,"turns":6},{"damage":27,"enemies":"Shell Parasite","floor":21,"turns":5},{"damage":20,"enemies":"Snake Plant","floor":22,"turns":4},{"damage":44,"enemies":"Slavers","floor":24,"turns":4}],"seed_played":"4790518033237773135","potions_obtained":[{"floor":2,"key":"Fruit Juice"},{"floor":2,"key":"SpeedPotion"},{"floor":2,"key":"SkillPotion"},{"floor":14,"key":"GamblersBrew"},{"floor":16,"key":"Regen Potion"},{"floor":22,"key":"Poison Potion"}],"is_trial":false,"path_per_floor":["M","?","$","M","M","R","$","E","T","R","?","?","E","M","R","B",null,"M","?","?","M","M","R","E"],"character_chosen":"IRONCLAD","items_purchased":["Whetstone","Blood Vial"],"campfire_rested":0,"item_purchase_floors":[3,7],"current_hp_per_floor":[54,59,59,64,66,66,66,34,34,34,34,54,41,49,49,38,70,52,29,29,36,36,36,0],"gold":284,"neow_bonus":"TWO_FIFTY_GOLD","is_prod":false,"is_daily":false,"chose_seed":false,"campfire_upgraded":4,"win_rate":0,"timestamp":1547972905,"path_taken":["M","?","$","M","M","R","?","E","T","R","?","?","E","M","R","BOSS","M","?","?","M","M","R","E"],"build_version":"2019-01-17v2","purchased_purges":0,"victory":false,"max_hp_per_floor":[75,80,80,80,80,80,80,80,80,80,80,80,80,80,80,80,80,80,85,85,85,85,85,85],"card_choices":[{"not_picked":["Thunderclap","Sever Soul","Dual Wield"],"picked":"SKIP","floor":1},{"not_picked":["Clash","Anger","Searing Blow"],"picked":"SKIP","floor":4},{"not_picked":["Wild Strike","Twin Strike","Flex"],"picked":"SKIP","floor":5},{"not_picked":["Anger","Warcry"],"picked":"Body Slam","floor":8},{"not_picked":["Iron Wave","Armaments"],"picked":"Shockwave","floor":13},{"not_picked":["Heavy Blade","Thunderclap"],"picked":"Flame Barrier","floor":14},{"not_picked":["Wild Strike","Thunderclap","Pommel Strike"],"picked":"SKIP","floor":14},{"not_picked":["Bludgeon","Reaper"],"picked":"Offering","floor":16},{"not_picked":["Heavy Blade"],"picked":"SKIP","floor":18},{"not_picked":["Flex"],"picked":"SKIP","floor":18},{"not_picked":[],"picked":"Inflame","floor":21},{"not_picked":["Armaments"],"picked":"SKIP","floor":21},{"not_picked":["True Grit"],"picked":"SKIP","floor":22},{"not_picked":["Clash"],"picked":"SKIP","floor":22}],"player_experience":409999,"relics_obtained":[{"floor":8,"key":"Prayer Wheel"},{"floor":9,"key":"Meat on the Bone"},{"floor":13,"key":"Bottled Lightning"}],"event_choices":[{"damage_healed":0,"gold_gain":0,"player_choice":"Bought 3 Potions","damage_taken":0,"max_hp_gain":0,"max_hp_loss":0,"event_name":"The Woman in Blue","floor":2,"gold_loss":0},{"damage_healed":0,"gold_gain":66,"player_choice":"Gained Gold","damage_taken":0,"max_hp_gain":0,"max_hp_loss":0,"event_name":"Golden Wing","floor":11,"gold_loss":0},{"damage_healed":20,"gold_gain":0,"player_choice":"Healed and dodged fight","damage_taken":0,"max_hp_gain":0,"max_hp_loss":0,"event_name":"Mushrooms","floor":12,"gold_loss":0,"cards_obtained":["Parasite"]},{"damage_healed":0,"gold_gain":0,"player_choice":"Shed Blood","damage_taken":28,"max_hp_gain":5,"max_hp_loss":0,"event_name":"Forgotten Altar","floor":19,"gold_loss":0},{"damage_healed":0,"gold_gain":0,"cards_transformed":["Strike_R","Strike_R"],"player_choice":"Became Test Subject","damage_taken":0,"max_hp_gain":0,"max_hp_loss":0,"event_name":"Drug Dealer","floor":20,"gold_loss":0,"cards_obtained":["Searing Blow","Limit Break"]}],"is_beta":false,"boss_relics":[{"not_picked":["Lizard Tail","Eternal Feather"],"picked":"Busted Crown"}],"items_purged_floors":[],"is_endless":false,"potions_floor_spawned":[14,16,22],"killed_by":"Slavers","ascension_level":18}