{"gold_per_floor":[111,123,138,213,232,232,232,250,250,285,285,285,285],"floor_reached":13,"playtime":425,"items_purged":[],"score":123,"play_id":"99c00075-89fe-477a-af2d-3c57073e3634","local_time":"20190202133608","is_ascension_mode":true,"campfire_choices":[{"data":"Bash","floor":6,"key":"SMITH"},{"data":"Uppercut","floor":12,"key":"SMITH"}],"neow_cost":"NONE","seed_source_timestamp":134636753462299,"circlet_count":0,"master_deck":["Strike_R","Strike_R","Strike_R","Strike_R","Defend_R","Defend_R","Defend_R","Defend_R","Bash+1","Rampage","Uppercut+1","Shockwave","Havoc","Headbutt","Inflame"],"relics":["Burning Blood","Boot","Paper Frog","Lantern"],"potions_floor_usage":[10,10],"damage_taken":[{"damage":12,"enemies":"Small Slimes","floor":1,"turns":4},{"damage":6,"enemies":"2 Louse","floor":2,"turns":4},{"damage":4,"enemies":"Cultist","floor":3,"turns":3},{"damage":7,"enemies":"Exordium Wildlife","floor":5,"turns":4},{"damage":24,"enemies":"Lots of Slimes","floor":8,"turns":5},{"damage":15,"enemies":"Gremlin Nob","floor":10,"turns":4},{"damage":30,"enemies":"3 Sentries","floor":13,"turns":4}],"seed_played":"3432519195456215106","potions_obtained":[{"floor":1,"key":"FearPotion"},{"floor":2,"key":"BloodPotion"},{"floor":8,"key":"Weak Potion"}],"is_trial":false,"path_per_floor":["M","M","M","?","M","R","?","M","T","E","?","R","E"],"character_chosen":"IRONCLAD","items_purchased":[],"campfire_rested":0,"item_purchase_floors":[],"current_hp_per_floor":[66,66,68,57,56,56,49,31,31,30,30,30,0],"gold":285,"neow_bonus":"RANDOM_COMMON_RELIC","is_prod":false,"is_daily":false,"chose_seed":false,"campfire_upgraded":2,"win_rate":0,"timestamp":1549132568,"path_taken":["M","M","M","?","M","R","?","M","T","E","?","R","E"],"build_version":"2019-01-23","purchased_purges":0,"victory":false,"max_hp_per_floor":[80,80,80,80,80,80,80,80,80,80,80,80,80],"card_choices":[{"not_picked":["Iron Wave","Body Slam"],"picked":"Rampage","floor":1},{"not_picked":["Sword Boomerang","Thunderclap"],"picked":"Uppercut","floor":2},{"not_picked":["Twin Strike","Intimidate"],"picked":"Shockwave","floor":3},{"not_picked":["Cleave","Body Slam"],"picked":"Havoc","floor":5},{"not_picked":["Pommel Strike","Sentinel"],"picked":"Headbutt","floor":8},{"not_picked":["Rampage","Havoc"],"picked":"Inflame","floor":10}],"player_experience":428723,"relics_obtained":[{"floor":9,"key":"Paper Frog"},{"floor":10,"key":"Lantern"}],"event_choices":[{"damage_healed":0,"gold_gain":75,"player_choice":"Gather Gold","damage_taken":11,"max_hp_gain":0,"max_hp_loss":0,"event_name":"World of Goop","floor":4,"gold_loss":0},{"cards_removed":["Strike_R"],"damage_healed":0,"gold_gain":0,"player_choice":"Card Removal","damage_taken":7,"max_hp_gain":0,"max_hp_loss":0,"event_name":"Golden Wing","floor":7,"gold_loss":0},{"damage_healed":0,"gold_gain":0,"player_choice":"Ignored","damage_taken":0,"max_hp_gain":0,"max_hp_loss":0,"event_name":"Liars Game","floor":11,"gold_loss":0}],"is_beta":false,"boss_relics":[],"items_purged_floors":[],"is_endless":false,"potions_floor_spawned":[1,2,8],"killed_by":"3 Sentries","ascension_level":9}