{"gold_per_floor":[110,124,124,7,27,27,27,27,96,115,130,130,30,43,43,43],"floor_reached":16,"playtime":339,"items_purged":["Strike_G","Writhe"],"score":170,"play_id":"1aa211ef-0f09-4bf7-ad74-c9648e4d6e25","local_time":"20190112144620","is_ascension_mode":true,"campfire_choices":[{"data":"Caltrops","floor":6,"key":"SMITH"},{"data":"Predator","floor":8,"key":"SMITH"},{"data":"Neutralize","floor":12,"key":"SMITH"},{"data":"Heel Hook","floor":15,"key":"SMITH"}],"neow_cost":"NONE","seed_source_timestamp":54422327444963,"circlet_count":0,"master_deck":["AscendersBane","Defend_G","Defend_G","Defend_G","Defend_G","Defend_G","Strike_G","Strike_G","Strike_G","Strike_G","Survivor","Neutralize+1","Predator+1","Heel Hook+1","Caltrops+1","Leg Sweep","Escape Plan","Slice"],"relics":["Cursed Key","Bottled Lightning"],"potions_floor_usage":[16,16],"damage_taken":[{"damage":11,"enemies":"Jaw Worm","floor":1,"turns":7},{"damage":4,"enemies":"Small Slimes","floor":2,"turns":4},{"damage":0,"enemies":"Cultist","floor":5,"turns":4},{"damage":0,"enemies":"Blue Slaver","floor":10,"turns":4},{"damage":3,"enemies":"Large Slime","floor":11,"turns":6},{"damage":6,"enemies":"Lots of Slimes","floor":14,"turns":4},{"damage":38,"enemies":"Slime Boss","floor":16,"turns":7}],"seed_played":"1859532319196363880","potions_obtained":[{"floor":1,"key":"Explosive Potion"},{"floor":2,"key":"EssenceOfSteel"},{"floor":7,"key":"Swift Potion"},{"floor":14,"key":"Swift Potion"}],"is_trial":false,"path_per_floor":["M","M","?","$","M","R","?","R","T","M","M","R","$","M","R","B"],"character_chosen":"THE_SILENT","items_purchased":["Caltrops"],"campfire_rested":0,"item_purchase_floors":[4],"current_hp_per_floor":[48,44,44,44,44,44,44,44,44,44,41,41,41,35,35,0],"gold":43,"neow_bonus":"BOSS_RELIC","is_prod":false,"is_daily":false,"chose_seed":false,"campfire_upgraded":4,"win_rate":0,"timestamp":1547304380,"path_taken":["M","M","?","$","M","R","?","R","T","?","M","R","$","M","R","BOSS"],"build_version":"2019-01-10","purchased_purges":2,"victory":false,"max_hp_per_floor":[66,66,66,66,66,66,66,66,66,66,66,66,66,66,66,66],"card_choices":[{"not_picked":["Expertise","Backflip"],"picked":"Predator","floor":1},{"not_picked":["PiercingWail","Sucker Punch"],"picked":"Heel Hook","floor":2},{"not_picked":["Outmaneuver","Blur"],"picked":"Leg Sweep","floor":5},{"not_picked":["Acrobatics","Blade Dance"],"picked":"Escape Plan","floor":10},{"not_picked":["Deadly Poison","Masterful Stab"],"picked":"Slice","floor":11},{"not_picked":["Crippling Poison","Quick Slash","PiercingWail"],"picked":"SKIP","floor":14}],"player_experience":371511,"relics_obtained":[{"floor":9,"key":"Bottled Lightning"}],"event_choices":[{"damage_healed":0,"gold_gain":0,"player_choice":"Ignored","damage_taken":0,"max_hp_gain":0,"max_hp_loss":0,"event_name":"Shining Light","floor":3,"gold_loss":0},{"damage_healed":0,"gold_gain":0,"player_choice":"Got Potions","damage_taken":0,"max_hp_gain":0,"max_hp_loss":0,"event_name":"Lab","floor":7,"gold_loss":0}],"is_beta":false,"boss_relics":[],"items_purged_floors":[4,13],"is_endless":false,"potions_floor_spawned":[1,2,14],"killed_by":"Slime Boss","ascension_level":17}