{"gold_per_floor":[116,116,46,56,56,90,15,15,38,75,104,116,155,177,189,304,316,341,156,171,183,193,193,211,223,223,223,252,252,267,284,284,386,386,396,231,244,344,117,117,117],"floor_reached":41,"playtime":1344,"items_purged":["Strike_R","Defend_R","Defend_R","Headbutt"],"score":689,"play_id":"af2e0210-87c3-41a5-a32a-4cee292aca89","local_time":"20181119222335","is_ascension_mode":true,"campfire_choices":[{"data":"Dropkick","floor":8,"key":"SMITH"},{"data":"Bash","floor":12,"key":"SMITH"},{"data":"Inflame","floor":15,"key":"SMITH"},{"data":"Dual Wield","floor":23,"key":"SMITH"},{"floor":27,"key":"RECALL"},{"floor":32,"key":"REST"},{"floor":40,"key":"REST"}],"neow_cost":"NONE","seed_source_timestamp":12149747083314,"circlet_count":0,"master_deck":["Defend_R","Defend_R","Bash+1","Shockwave+1","Dropkick+1","Headbutt","Inflame+1","Reaper","Bloodletting+1","Feel No Pain+1","Dropkick+1","Finesse","Dual Wield+1","Dropkick","Dropkick","Disarm"],"relics":["Burning Blood","NeowsBlessing","Boot","MawBank","Lantern","Torii","Astrolabe","Red Skull","Fusion Hammer","Ginger"],"potions_floor_usage":[10,21,21,28,33,37,41,41],"damage_taken":[{"damage":0,"enemies":"Cultist","floor":1,"turns":1},{"damage":0,"enemies":"Small Slimes","floor":4,"turns":1},{"damage":0,"enemies":"3 Sentries","floor":6,"turns":2},{"damage":27,"enemies":"Gremlin Nob","floor":10,"turns":4},{"damage":4,"enemies":"Jaw Worm","floor":11,"turns":3},{"damage":35,"enemies":"3 Sentries","floor":13,"turns":6},{"damage":0,"enemies":"2 Fungi Beasts","floor":14,"turns":2},{"damage":8,"enemies":"Hexaghost","floor":16,"turns":7},{"damage":20,"enemies":"3 Byrds","floor":18,"turns":6},{"damage":15,"enemies":"2 Thieves","floor":20,"turns":4},{"damage":24,"enemies":"Centurion and Healer","floor":21,"turns":5},{"damage":12,"enemies":"Snecko","floor":22,"turns":5},{"damage":4,"enemies":"Cultist and Chosen","floor":24,"turns":3},{"damage":6,"enemies":"Centurion and Healer","floor":25,"turns":4},{"damage":37,"enemies":"Slavers","floor":28,"turns":4},{"damage":23,"enemies":"Snecko","floor":30,"turns":5},{"damage":42,"enemies":"Snake Plant","floor":31,"turns":3},{"damage":103,"enemies":"Champ","floor":33,"turns":10},{"damage":27,"enemies":"3 Darklings","floor":35,"turns":4},{"damage":49,"enemies":"3 Shapes","floor":37,"turns":4},{"damage":14,"enemies":"Mind Bloom Boss Battle","floor":38,"turns":5},{"damage":96,"enemies":"Nemesis","floor":41,"turns":6}],"seed_played":"-4224783994305344505","potions_obtained":[{"floor":6,"key":"Fruit Juice"},{"floor":10,"key":"EssenceOfSteel"},{"floor":14,"key":"SteroidPotion"},{"floor":20,"key":"AttackPotion"},{"floor":22,"key":"BloodPotion"},{"floor":25,"key":"PowerPotion"},{"floor":31,"key":"Strength Potion"},{"floor":33,"key":"SkillPotion"},{"floor":37,"key":"Fire Potion"}],"is_trial":false,"path_per_floor":["M","?","$","M","?","E","$","R","T","E","M","R","E","M","R","B",null,"M","$","M","M","M","R","M","M","T","R","E","?","M","M","R","B",null,"M","$","M","?","$","R","E"],"character_chosen":"IRONCLAD","items_purchased":["Dropkick","Finesse","Dropkick","Disarm"],"campfire_rested":2,"item_purchase_floors":[3,19,36,39],"current_hp_per_floor":[78,78,78,80,80,80,80,80,80,64,66,66,37,43,43,41,74,70,70,61,61,65,65,73,83,83,83,82,85,78,50,75,8,66,65,65,40,47,47,72,0],"gold":117,"neow_bonus":"THREE_ENEMY_KILL","is_prod":false,"is_daily":false,"chose_seed":false,"campfire_upgraded":4,"win_rate":0,"timestamp":1542666215,"path_taken":["M","?","?","M","?","E","$","R","T","E","M","R","E","M","R","BOSS","M","$","M","M","M","R","M","M","T","R","E","?","?","M","R","BOSS","M","$","?","?","$","R","E"],"build_version":"2018-11-15","purchased_purges":4,"victory":false,"max_hp_per_floor":[80,80,80,80,80,80,80,80,80,85,85,85,85,85,85,85,85,85,85,85,85,85,85,85,85,85,85,85,85,85,85,85,85,85,85,85,85,85,85,85,85],"card_choices":[{"not_picked":["Perfected Strike","Entrench"],"picked":"Shockwave","floor":1},{"not_picked":["Armaments","Sever Soul"],"picked":"Headbutt","floor":4},{"not_picked":["Bludgeon","Power Through","Pommel Strike"],"picked":"SKIP","floor":6},{"not_picked":["Rampage","True Grit"],"picked":"Headbutt","floor":10},{"not_picked":["Heavy Blade","Armaments","Sentinel"],"picked":"SKIP","floor":11},{"not_picked":["Headbutt","Clothesline"],"picked":"Inflame","floor":13},{"not_picked":["Iron Wave","Flex","Seeing Red"],"picked":"SKIP","floor":14},{"not_picked":["Juggernaut","Immolate"],"picked":"Reaper","floor":16},{"not_picked":["Anger","Thunderclap","Rampage+1"],"picked":"SKIP","floor":18},{"not_picked":["Headbutt+1","Rampage"],"picked":"Dual Wield","floor":20},{"not_picked":["Anger","Heavy Blade","Headbutt"],"picked":"SKIP","floor":21},{"not_picked":["Cleave","Anger","Shockwave"],"picked":"SKIP","floor":22},{"not_picked":["Spot Weakness","Anger+1","Headbutt+1"],"picked":"SKIP","floor":24},{"not_picked":["Cleave+1","Flame Barrier+1","Whirlwind"],"picked":"SKIP","floor":25},{"not_picked":["Combust","Bludgeon","Feel No Pain"],"picked":"SKIP","floor":28},{"not_picked":["Bloodletting+1","Hemokinesis","Perfected Strike"],"picked":"SKIP","floor":30},{"not_picked":["Intimidate+1","Bloodletting","Wild Strike+1"],"picked":"SKIP","floor":31},{"not_picked":["Sever Soul","Hemokinesis+1","Armaments+1"],"picked":"SKIP","floor":35},{"not_picked":["Armaments+1","Searing Blow+1"],"picked":"Dropkick","floor":37}],"player_experience":193812,"relics_obtained":[{"floor":6,"key":"Boot"},{"floor":9,"key":"MawBank"},{"floor":10,"key":"Lantern"},{"floor":13,"key":"Torii"},{"floor":28,"key":"Red Skull"},{"floor":38,"key":"Ginger"}],"event_choices":[{"cards_removed":["Strike_R"],"damage_healed":0,"gold_gain":0,"player_choice":"Purged","damage_taken":0,"max_hp_gain":0,"max_hp_loss":0,"event_name":"Purifier","floor":2,"gold_loss":0},{"damage_healed":0,"gold_gain":0,"player_choice":"Forge","damage_taken":0,"max_hp_gain":0,"max_hp_loss":0,"event_name":"Accursed Blacksmith","floor":5,"gold_loss":0,"cards_upgraded":["Shockwave"]},{"damage_healed":3,"gold_gain":0,"player_choice":"Full Heal","damage_taken":0,"max_hp_gain":0,"max_hp_loss":0,"event_name":"Wheel of Change","floor":29,"gold_loss":0},{"damage_healed":0,"gold_gain":0,"player_choice":"Fight","damage_taken":0,"max_hp_gain":0,"max_hp_loss":0,"event_name":"MindBloom","floor":38,"gold_loss":0}],"is_beta":false,"boss_relics":[{"not_picked":["Philosopher\u0027s Stone","Cursed Key"],"picked":"Astrolabe"},{"not_picked":["Pandora\u0027s Box","Orrery"],"picked":"Fusion Hammer"}],"items_purged_floors":[7,19,36,39],"is_endless":false,"potions_floor_spawned":[6,10,14,20,22,25,31,33,37],"killed_by":"Nemesis","ascension_level":9}