{"gold_per_floor":[109,127,127,144,155,155,189,189,189,39,54,54,54,69,69,164,164,174,174,189,189,199,228,228,240,267,278,278,278,278,288,288,390,390,409,429,14,14,29,47,47,81,81,81,92,92,107,107,107,107],"floor_reached":51,"playtime":7415,"items_purged":["Defend_R"],"score":760,"play_id":"24cf79f6-a311-4047-a22d-16849c3fc91b","local_time":"20180801231927","is_ascension_mode":true,"campfire_choices":[{"data":"Iron Wave","floor":6,"key":"SMITH"},{"data":"Perfected Strike","floor":8,"key":"SMITH"},{"data":"Shrug It Off","floor":12,"key":"SMITH"},{"data":"Iron Wave","floor":15,"key":"SMITH"},{"floor":24,"key":"DIG"},{"floor":28,"key":"DIG"},{"floor":32,"key":"REST"},{"floor":41,"key":"DIG"},{"floor":44,"key":"DIG"},{"floor":46,"key":"REST"},{"floor":49,"key":"REST"}],"neow_cost":"NONE","seed_source_timestamp":1275545168714741,"circlet_count":0,"master_deck":["Strike_R","Strike_R+1","Strike_R","Strike_R","Defend_R","Defend_R","Defend_R+1","Bash","Perfected Strike+1","Shrug It Off+1","Shrug It Off+1","Iron Wave+1","Cleave","Offering+1","Infernal Blade+1","Iron Wave+1","Barricade","Shockwave+1","Clothesline","Shrug It Off+1","Flame Barrier+1","Inflame","Armaments+1","Double Tap+1","Headbutt+1","Rage+1","True Grit+1","Spot Weakness+1","Carnage","Inflame","Dramatic Entrance","Secret Technique+1","Thinking Ahead+1","Secret Technique+1","Rupture+1","Warcry+1","Shrug It Off+1","Metallicize","Entrench+1"],"relics":["Burning Blood","Dodecahedron","Toxic Egg 2","Fusion Hammer","Ancient Tea Set","Shovel","Bottled Flame","Boot","Bag of Marbles","Cursed Key","Blood Vial","Gremlin Horn","StoneCalendar","Dream Catcher"],"potions_floor_usage":[16,16,33,33,42],"damage_taken":[{"damage":7,"enemies":"2 Louse","floor":1,"turns":3},{"damage":1,"enemies":"Jaw Worm","floor":2,"turns":3},{"damage":0,"enemies":"Cultist","floor":4,"turns":3},{"damage":4,"enemies":"2 Fungi Beasts","floor":5,"turns":4},{"damage":37,"enemies":"Gremlin Nob","floor":7,"turns":6},{"damage":0,"enemies":"Exordium Wildlife","floor":11,"turns":5},{"damage":5,"enemies":"Large Slime","floor":14,"turns":4},{"damage":23,"enemies":"Slime Boss","floor":16,"turns":9},{"damage":0,"enemies":"Chosen","floor":18,"turns":5},{"damage":8,"enemies":"Shell Parasite","floor":20,"turns":6},{"damage":6,"enemies":"Snecko","floor":22,"turns":6},{"damage":20,"enemies":"Gremlin Leader","floor":23,"turns":10},{"damage":19,"enemies":"Centurion and Healer","floor":25,"turns":5},{"damage":16,"enemies":"Slaver and Parasite","floor":27,"turns":8},{"damage":0,"enemies":"Snecko","floor":31,"turns":4},{"damage":76,"enemies":"Collector","floor":33,"turns":18},{"damage":6,"enemies":"3 Shapes","floor":35,"turns":2},{"damage":20,"enemies":"Flame Bruiser 1 Orb","floor":36,"turns":3},{"damage":5,"enemies":"Maw","floor":39,"turns":8},{"damage":15,"enemies":"Sphere and 2 Shapes","floor":40,"turns":4},{"damage":7,"enemies":"Nemesis","floor":42,"turns":5},{"damage":2,"enemies":"Flame Bruiser 2 Orb","floor":45,"turns":3},{"damage":17,"enemies":"4 Shapes","floor":47,"turns":3},{"damage":22,"enemies":"Awakened One","floor":50,"turns":12}],"seed_played":"-535227225647430428","potions_obtained":[{"floor":2,"key":"Explosive Potion"},{"floor":5,"key":"FairyPotion"},{"floor":7,"key":"Block Potion"},{"floor":19,"key":"EssenceOfSteel"},{"floor":19,"key":"SkillPotion"},{"floor":33,"key":"AttackPotion"},{"floor":39,"key":"Regen Potion"},{"floor":47,"key":"Fire Potion"}],"is_trial":false,"path_per_floor":["M","M","?","M","M","R","E","R","T","$","M","R","?","M","R","B",null,"M","?","M","?","M","E","R","M","T","M","R","?","?","M","R","B",null,"M","M","$","?","M","M","R","E","T","R","M","R","M","?","R","B"],"character_chosen":"IRONCLAD","items_purchased":["Offering+1","True Grit+1","Spot Weakness+1","Carnage","Inflame","Dramatic Entrance"],"campfire_rested":3,"item_purchase_floors":[10,37,37,37,37,37],"current_hp_per_floor":[87,88,88,88,88,88,57,57,57,57,63,63,45,46,46,29,88,88,88,86,86,88,74,74,61,61,51,51,51,51,57,83,13,88,88,74,74,64,65,56,56,62,62,62,68,88,77,77,88,72],"gold":107,"neow_bonus":"TEN_PERCENT_HP_BONUS","is_prod":false,"is_daily":false,"chose_seed":false,"campfire_upgraded":4,"win_rate":0,"timestamp":1533183567,"path_taken":["M","M","?","M","M","R","E","R","T","$","M","R","?","M","R","BOSS","M","?","M","?","M","E","R","M","T","M","R","?","?","M","R","BOSS","M","M","$","?","M","M","R","E","T","R","?","R","M","?","R","BOSS"],"build_version":"2018-07-26","purchased_purges":1,"victory":true,"max_hp_per_floor":[88,88,88,88,88,88,88,88,88,88,88,88,88,88,88,88,88,88,88,88,88,88,88,88,88,88,88,88,88,88,88,88,88,88,88,88,88,88,88,88,88,88,88,88,88,88,88,88,88,88],"card_choices":[{"not_picked":["Pommel Strike","Armaments"],"picked":"Perfected Strike","floor":1},{"not_picked":["Feel No Pain","Rage"],"picked":"Shrug It Off","floor":2},{"not_picked":["Thunderclap","Reckless Charge"],"picked":"Shrug It Off","floor":4},{"not_picked":["Rampage","Heavy Blade"],"picked":"Iron Wave","floor":5},{"not_picked":["Disarm","Thunderclap"],"picked":"Cleave","floor":7},{"not_picked":["Demon Form","Twin Strike"],"picked":"Infernal Blade+1","floor":11},{"not_picked":["Thunderclap","Clash"],"picked":"Iron Wave","floor":14},{"not_picked":["Fiend Fire","Berserk"],"picked":"Barricade","floor":16},{"not_picked":["Cleave","Rampage+1"],"picked":"Shockwave+1","floor":18},{"not_picked":["Whirlwind","Pommel Strike"],"picked":"Clothesline","floor":20},{"not_picked":["Ghostly Armor+1","Clothesline"],"picked":"Shrug It Off+1","floor":22},{"not_picked":["Rampage","Offering+1"],"picked":"Flame Barrier+1","floor":23},{"not_picked":["Sword Boomerang","Clash","Heavy Blade"],"picked":"SKIP","floor":25},{"not_picked":["Pommel Strike","Reckless Charge"],"picked":"Inflame","floor":27},{"not_picked":["Thunderclap","Dropkick"],"picked":"Armaments+1","floor":31},{"not_picked":["Fiend Fire","Berserk"],"picked":"Double Tap+1","floor":33},{"not_picked":["Cleave+1","Anger+1"],"picked":"Headbutt+1","floor":35},{"not_picked":["Pummel+1","Clothesline+1"],"picked":"Rage+1","floor":36},{"not_picked":["Jack Of All Trades+1","Purity+1"],"picked":"Secret Technique+1","floor":38},{"not_picked":["Enlightenment+1","Panache"],"picked":"Thinking Ahead+1","floor":38},{"not_picked":["Trip+1","Enlightenment+1"],"picked":"Secret Technique+1","floor":38},{"not_picked":["Pommel Strike","Dropkick+1","Corruption"],"picked":"SKIP","floor":39},{"not_picked":["Thunderclap","Perfected Strike"],"picked":"Rupture+1","floor":40},{"not_picked":["Double Tap+1","Headbutt+1"],"picked":"Warcry+1","floor":42},{"not_picked":["Cleave+1","Flex+1"],"picked":"Shrug It Off+1","floor":45},{"not_picked":["Pommel Strike","Body Slam"],"picked":"Metallicize","floor":46},{"not_picked":["Iron Wave","Intimidate+1","Pummel"],"picked":"SKIP","floor":47},{"not_picked":["Clash","Sever Soul+1"],"picked":"Entrench+1","floor":49}],"player_experience":64914,"relics_obtained":[{"floor":7,"key":"Dodecahedron"},{"floor":9,"key":"Toxic Egg 2"},{"floor":23,"key":"Shovel"},{"floor":24,"key":"Bottled Flame"},{"floor":26,"key":"Boot"},{"floor":28,"key":"Bag of Marbles"},{"floor":41,"key":"Blood Vial"},{"floor":42,"key":"Gremlin Horn"},{"floor":43,"key":"StoneCalendar"},{"floor":44,"key":"Dream Catcher"}],"event_choices":[{"event_name":"Living Wall","player_choice":"Grow","floor":3,"damage_taken":0},{"event_name":"Shining Light","player_choice":"Entered Light","floor":13,"damage_taken":0},{"event_name":"The Lab","player_choice":"Got Potions","floor":19,"damage_taken":0},{"event_name":"The Mausoleum","player_choice":"Yes","floor":21,"damage_taken":0},{"event_name":"Vampires","player_choice":"Ignored","floor":29,"damage_taken":0},{"event_name":"Back to Basics","player_choice":"Elegance","floor":30,"damage_taken":0},{"event_name":"SensoryStone","player_choice":"Memory 3","floor":38,"damage_taken":0},{"event_name":"Wheel of Change","player_choice":"Card Removal","floor":48,"damage_taken":0}],"is_beta":false,"boss_relics":[{"not_picked":["Velvet Choker","Eternal Feather"],"picked":"Fusion Hammer"},{"not_picked":["Mark of Pain","Orrery"],"picked":"Cursed Key"}],"items_purged_floors":[37],"is_endless":false,"potions_floor_spawned":[2,5,7,11,14,31,33,39,47],"ascension_level":1}