{"gold_per_floor":[109,119,130,55,3,3,3,14,14,46,22,53,119,119,119,191,191,210,135,50,70,70,70,89,89,115,152,164,40,54,153,153,153],"floor_reached":33,"playtime":1217,"items_purged":["Strike_G"],"score":447,"play_id":"43b4973c-77a8-4976-883b-fe6e4a563426","local_time":"20181222013736","is_ascension_mode":true,"campfire_choices":[{"floor":6.0,"key":"REST"},{"data":"Bullet Time","floor":15.0,"key":"SMITH"},{"data":"Acrobatics","floor":23.0,"key":"SMITH"},{"data":"Adrenaline","floor":25.0,"key":"SMITH"},{"floor":28,"key":"REST"},{"data":"Poisoned Stab","floor":32,"key":"SMITH"}],"neow_cost":"PERCENT_DAMAGE","seed_source_timestamp":0,"circlet_count":0,"master_deck":["AscendersBane","Defend_G","Defend_G","Defend_G","Defend_G","Strike_G","Strike_G","Survivor","Neutralize","Bullet Time+1","Burst","Dash","Acrobatics","Poisoned Stab+1","PiercingWail","Noxious Fumes","Acrobatics+1","Adrenaline+1","Adrenaline","Backflip","Backflip","Reflex","Poisoned Stab+1","Well Laid Plans","PiercingWail"],"special_seed":0,"relics":["Ring of the Snake","Mercury Hourglass","StoneCalendar","Lantern","Philosopher\u0027s Stone","Blue Candle","MawBank","Strawberry"],"potions_floor_usage":[27,33,33],"damage_taken":[{"damage":40.0,"enemies":"Cultist","floor":1.0,"turns":10.0},{"damage":1.0,"enemies":"Jaw Worm","floor":2.0,"turns":7.0},{"damage":0.0,"enemies":"2 Louse","floor":3.0,"turns":4.0},{"damage":1.0,"enemies":"Exordium Thugs","floor":8.0,"turns":4.0},{"damage":14.0,"enemies":"3 Sentries","floor":10.0,"turns":9.0},{"damage":28.0,"enemies":"Lagavulin","floor":12.0,"turns":7.0},{"damage":2.0,"enemies":"The Guardian","floor":16.0,"turns":12.0},{"damage":0.0,"enemies":"Shell Parasite","floor":18.0,"turns":6.0},{"damage":2.0,"enemies":"3 Byrds","floor":21.0,"turns":4.0},{"damage":2.0,"enemies":"Centurion and Healer","floor":24.0,"turns":7.0},{"damage":24,"enemies":"Slavers","floor":27,"turns":7},{"damage":4,"enemies":"3 Cultists","floor":30,"turns":6},{"damage":57,"enemies":"Automaton","floor":33,"turns":8}],"seed_played":"7120843123022008631","potions_obtained":[{"floor":1.0,"key":"EssenceOfSteel"},{"floor":12.0,"key":"PowerPotion"},{"floor":21.0,"key":"Poison Potion"},{"floor":30,"key":"GamblersBrew"}],"is_trial":false,"path_per_floor":["M","M","M","$","$","R","?","M","T","E","$","E","?","?","R","B",null,"M","?","?","M","?","R","M","R","T","E","R","$","M","?","R","B"],"character_chosen":"THE_SILENT","items_purchased":["PiercingWail","Acrobatics","Well Laid Plans","PiercingWail"],"campfire_rested":2,"item_purchase_floors":[5,11,29,29],"current_hp_per_floor":[5,4,4,4,4,25,48,47,47,33,33,5,5,5,5,3,53,53,53,53,51,51,51,49,49,49,32,55,55,51,51,51,0],"gold":153,"neow_bonus":"TRANSFORM_TWO_CARDS","is_prod":false,"is_daily":false,"chose_seed":false,"campfire_upgraded":4,"win_rate":0,"timestamp":1545442656,"path_taken":["M","?","M","?","$","R","?","M","T","E","$","E","?","?","R","BOSS","M","?","?","M","?","R","M","R","T","E","R","$","?","?","R","BOSS"],"build_version":"2018-12-20","purchased_purges":1,"victory":false,"max_hp_per_floor":[70,70,70,70,70,70,70,70,70,70,70,70,70,70,70,70,70,70,70,70,70,70,70,70,70,70,77,77,77,77,77,77,77],"card_choices":[{"not_picked":["Well Laid Plans","Eviscerate"],"picked":"Dash","floor":1.0},{"not_picked":["Endless Agony","Dagger Throw"],"picked":"Acrobatics","floor":2.0},{"not_picked":["Quick Slash","Outmaneuver"],"picked":"Poisoned Stab","floor":3.0},{"not_picked":["Dagger Spray","Acrobatics","Slice"],"picked":"SKIP","floor":8.0},{"not_picked":["Cloak And Dagger","Prepared"],"picked":"Noxious Fumes","floor":10.0},{"not_picked":["Caltrops","Deadly Poison"],"picked":"Adrenaline","floor":12.0},{"not_picked":["Glass Knife","Venomology"],"picked":"Adrenaline","floor":16.0},{"not_picked":["Cloak And Dagger","Slice+1"],"picked":"Backflip","floor":18.0},{"not_picked":["Distraction","Terror"],"picked":"Backflip","floor":21.0},{"not_picked":["All Out Attack","Masterful Stab"],"picked":"Reflex","floor":24.0},{"not_picked":["Heel Hook+1","Calculated Gamble"],"picked":"Poisoned Stab+1","floor":27},{"not_picked":["Flying Knee","Flechettes","Skewer"],"picked":"SKIP","floor":30}],"player_experience":290841,"relics_obtained":[{"floor":9.0,"key":"Mercury Hourglass"},{"floor":10.0,"key":"StoneCalendar"},{"floor":12.0,"key":"Lantern"},{"floor":26.0,"key":"MawBank"},{"floor":27,"key":"Strawberry"}],"event_choices":[{"damage_healed":23.0,"max_hp_gain":0.0,"max_hp_loss":0.0,"gold_gain":0.0,"event_name":"Big Fish","player_choice":"Banana","floor":7.0,"gold_loss":0.0,"damage_taken":0.0},{"damage_healed":0.0,"max_hp_gain":0.0,"max_hp_loss":0.0,"gold_gain":66.0,"event_name":"Golden Wing","player_choice":"Gained Gold","floor":13.0,"gold_loss":0.0,"damage_taken":0.0},{"damage_healed":0.0,"max_hp_gain":0.0,"max_hp_loss":0.0,"gold_gain":0.0,"event_name":"Shining Light","player_choice":"Ignored","floor":14.0,"gold_loss":0.0,"damage_taken":0.0},{"cards_removed":["Defend_G"],"damage_healed":0.0,"max_hp_gain":0.0,"max_hp_loss":0.0,"gold_gain":0.0,"event_name":"Beggar","player_choice":"Gave Gold","floor":19.0,"gold_loss":75.0,"damage_taken":0.0},{"damage_healed":0.0,"max_hp_gain":0.0,"max_hp_loss":0.0,"gold_gain":0.0,"event_name":"Addict","player_choice":"Obtained Relic","floor":20.0,"gold_loss":85.0,"damage_taken":0.0,"relics_obtained":["Blue Candle"]},{"damage_healed":0.0,"max_hp_gain":0.0,"max_hp_loss":0.0,"gold_gain":0.0,"event_name":"Match and Keep!","player_choice":"0 cards matched","floor":22.0,"gold_loss":0.0,"damage_taken":0.0,"cards_obtained":[]},{"damage_healed":0,"gold_gain":99,"player_choice":"Stole From Cult","damage_taken":0,"max_hp_gain":0,"max_hp_loss":0,"event_name":"Nest","floor":31,"gold_loss":0}],"is_beta":false,"boss_relics":[{"not_picked":["Black Star","Calling Bell"],"picked":"Philosopher\u0027s Stone"}],"items_purged_floors":[4],"is_endless":false,"potions_floor_spawned":[1,12,21,30],"killed_by":"Automaton","ascension_level":13}