{"gold_per_floor":[113,288,299,299,146,146,162,177,177,188,204,169,169,201,201,303,303,314,340,340,340,353,353,363,392,437,437],"floor_reached":27,"playtime":1927,"items_purged":["Defend_R"],"score":245,"play_id":"35abecbd-d674-4fc4-9688-239ff5294ac7","local_time":"20190202024340","is_ascension_mode":true,"campfire_choices":[{"data":"Bludgeon","floor":6.0,"key":"SMITH"},{"floor":15.0,"key":"REST"},{"data":"Seeing Red","floor":23.0,"key":"SMITH"}],"neow_cost":"NONE","seed_source_timestamp":133286371497088,"circlet_count":0,"master_deck":["Strike_R","Strike_R","Strike_R","Strike_R","Strike_R","Bash","Bludgeon+1","Heavy Blade","Wild Strike","Seeing Red+1","Offering","Pummel","Clothesline","Flex","Double Tap","Metallicize","Headbutt","Perfected Strike","Pommel Strike","Headbutt+1","Armaments+1"],"special_seed":0,"relics":["Burning Blood","Sundial","Kunai","Empty Cage","Red Mask","Vajra","Blood Vial"],"potions_floor_usage":[],"damage_taken":[{"damage":3.0,"enemies":"Jaw Worm","floor":1.0,"turns":4.0},{"damage":6.0,"enemies":"2 Louse","floor":3.0,"turns":2.0},{"damage":0.0,"enemies":"Small Slimes","floor":7.0,"turns":2.0},{"damage":18.0,"enemies":"Exordium Thugs","floor":8.0,"turns":5.0},{"damage":15.0,"enemies":"Large Slime","floor":10.0,"turns":5.0},{"damage":2.0,"enemies":"Blue Slaver","floor":11.0,"turns":2.0},{"damage":29.0,"enemies":"3 Sentries","floor":14.0,"turns":6.0},{"damage":62.0,"enemies":"Hexaghost","floor":16.0,"turns":9.0},{"damage":10.0,"enemies":"Spheric Guardian","floor":18.0,"turns":3.0},{"damage":12.0,"enemies":"Masked Bandits","floor":19.0,"turns":3.0},{"damage":23.0,"enemies":"2 Thieves","floor":22.0,"turns":4.0},{"damage":27.0,"enemies":"Centurion and Healer","floor":24.0,"turns":5.0},{"damage":33.0,"enemies":"Slavers","floor":25.0,"turns":3.0},{"damage":18,"enemies":"Colosseum Slavers","floor":27,"turns":1}],"seed_played":"-7094911934637246164","potions_obtained":[{"floor":7.0,"key":"BloodPotion"},{"floor":10.0,"key":"Ancient Potion"},{"floor":14.0,"key":"Poison Potion"},{"floor":16.0,"key":"Strength Potion"},{"floor":24.0,"key":"AttackPotion"}],"is_trial":false,"path_per_floor":["?","?","?","?","?","?","?","M","?"],"character_chosen":"IRONCLAD","items_purchased":["Seeing Red"],"campfire_rested":1,"item_purchase_floors":[5],"current_hp_per_floor":[80,80,80,80,80,80,80,68,68,59,63,80,80,57,80,24,80,76,70,70,70,61,61,40,13,13,0],"gold":437,"neow_bonus":"ONE_RANDOM_RARE_CARD","is_prod":false,"is_daily":false,"chose_seed":false,"campfire_upgraded":2,"win_rate":0,"timestamp":1549071820,"path_taken":["M","?","M","?","$","R","M","M","T","M","M","?","?","E","R","BOSS","M","?","?","?","M","R","?","E","T","?"],"build_version":"2019-01-23","purchased_purges":1,"victory":false,"max_hp_per_floor":[80,80,80,80,80,80,80,80,80,80,80,80,80,80,80,80,80,80,80,80,80,80,80,80,80,80,80],"card_choices":[{"not_picked":["Thunderclap","Bloodletting"],"picked":"Heavy Blade","floor":1.0},{"not_picked":["Infernal Blade","Clothesline"],"picked":"Wild Strike","floor":3.0},{"not_picked":["Corruption","True Grit"],"picked":"Offering","floor":7.0},{"not_picked":["Havoc","Heavy Blade"],"picked":"Pummel","floor":8.0},{"not_picked":["Carnage","Thunderclap"],"picked":"Clothesline","floor":10.0},{"not_picked":["Shrug It Off","Burning Pact"],"picked":"Flex","floor":11.0},{"not_picked":["Iron Wave","Heavy Blade","Evolve"],"picked":"SKIP","floor":14.0},{"not_picked":["Brutality","Barricade"],"picked":"Double Tap","floor":16.0},{"not_picked":["Sentinel","Blood for Blood"],"picked":"Metallicize","floor":18.0},{"not_picked":["Armaments","Twin Strike"],"picked":"Headbutt","floor":19.0},{"not_picked":["Sword Boomerang","Headbutt"],"picked":"Pommel Strike","floor":22.0},{"not_picked":["Sword Boomerang","Hemokinesis+1"],"picked":"Headbutt+1","floor":24.0},{"not_picked":["Clash","Body Slam"],"picked":"Armaments+1","floor":25.0}],"player_experience":134092,"relics_obtained":[{"floor":9.0,"key":"Sundial"},{"floor":14.0,"key":"Kunai"},{"floor":19.0,"key":"Red Mask"},{"floor":25.0,"key":"Vajra"},{"floor":26.0,"key":"Blood Vial"}],"event_choices":[{"damage_healed":0.0,"max_hp_gain":0.0,"max_hp_loss":0.0,"gold_gain":175.0,"event_name":"Liars Game","player_choice":"AGREE","floor":2.0,"gold_loss":0.0,"damage_taken":0.0,"cards_obtained":["Doubt"]},{"cards_removed":["Doubt"],"damage_healed":0.0,"max_hp_gain":0.0,"max_hp_loss":0.0,"gold_gain":0.0,"event_name":"Living Wall","player_choice":"Forget","floor":4.0,"gold_loss":0.0,"damage_taken":0.0},{"damage_healed":20.0,"max_hp_gain":0.0,"max_hp_loss":0.0,"gold_gain":0.0,"event_name":"The Cleric","player_choice":"Healed","floor":12.0,"gold_loss":35.0,"damage_taken":0.0},{"cards_removed":["Defend_R"],"damage_healed":0.0,"max_hp_gain":0.0,"max_hp_loss":0.0,"gold_gain":0.0,"event_name":"Wheel of Change","player_choice":"Card Removal","floor":13.0,"gold_loss":0.0,"damage_taken":0.0},{"damage_healed":0.0,"max_hp_gain":0.0,"max_hp_loss":0.0,"gold_gain":0.0,"event_name":"Masked Bandits","player_choice":"Fought Bandits","floor":19.0,"gold_loss":0.0,"damage_taken":0.0},{"damage_healed":0.0,"max_hp_gain":0.0,"max_hp_loss":0.0,"gold_gain":0.0,"event_name":"The Library","player_choice":"Read","floor":20.0,"gold_loss":0.0,"damage_taken":0.0,"cards_obtained":["Perfected Strike"]},{"damage_healed":0.0,"max_hp_gain":0.0,"max_hp_loss":0.0,"gold_gain":0.0,"event_name":"FaceTrader","player_choice":"Leave","floor":21.0,"gold_loss":0.0,"damage_taken":0.0},{"damage_healed":0,"gold_gain":0,"player_choice":"Fight","damage_taken":0,"max_hp_gain":0,"max_hp_loss":0,"event_name":"Colosseum","floor":27,"gold_loss":0}],"is_beta":false,"boss_relics":[{"not_picked":["Lizard Tail","Tiny House"],"picked":"Empty Cage"}],"items_purged_floors":[5],"is_endless":false,"potions_floor_spawned":[7,10,14,16,18,24],"killed_by":"Colosseum Slavers","ascension_level":1}