{"gold_per_floor":[361,321,5,20,35,35,64,64,64,64,84,117,128,142,142,220,220,231,242,260,271,196,196],"floor_reached":23,"playtime":1797,"items_purged":[],"score":338,"play_id":"2775372f-e6cf-4a4d-8664-2a2ccb8a1ee1","local_time":"20190116142316","is_ascension_mode":true,"campfire_choices":[{"data":"Bash","floor":6,"key":"SMITH"},{"data":"Double Tap","floor":8,"key":"SMITH"},{"data":"Clothesline","floor":10,"key":"SMITH"},{"data":"Flame Barrier","floor":15,"key":"SMITH"}],"neow_cost":"PERCENT_DAMAGE","seed_source_timestamp":505845931750021,"circlet_count":0,"master_deck":["AscendersBane","Strike_R","Strike_R","Strike_R","Strike_R","Defend_R","Defend_R","Defend_R","Defend_R","Bash+1","Reaper","Clothesline+1","Double Tap+1","Flame Barrier+1","Ghostly Armor","Barricade","Carnage","Spot Weakness+1"],"relics":["Black Blood","Matryoshka","Ginger","Bronze Scales","Charon\u0027s Ashes","Red Skull"],"potions_floor_usage":[2,7,11,11,12,16,23,23],"damage_taken":[{"damage":0,"enemies":"Small Slimes","floor":1,"turns":3},{"damage":6,"enemies":"Cultist","floor":4,"turns":3},{"damage":7,"enemies":"2 Louse","floor":5,"turns":4},{"damage":34,"enemies":"Gremlin Nob","floor":7,"turns":6},{"damage":10,"enemies":"2 Fungi Beasts","floor":11,"turns":4},{"damage":25,"enemies":"Lagavulin","floor":12,"turns":4},{"damage":6,"enemies":"Looter","floor":13,"turns":2},{"damage":0,"enemies":"Large Slime","floor":14,"turns":5},{"damage":64,"enemies":"Slime Boss","floor":16,"turns":12},{"damage":35,"enemies":"Shell Parasite","floor":18,"turns":10},{"damage":12,"enemies":"3 Byrds","floor":19,"turns":3},{"damage":13,"enemies":"Snecko","floor":20,"turns":4},{"damage":11,"enemies":"Snake Plant","floor":21,"turns":4},{"damage":76,"enemies":"Gremlin Leader","floor":23,"turns":8}],"seed_played":"1209534156547833196","potions_obtained":[{"floor":2,"key":"Fruit Juice"},{"floor":2,"key":"Block Potion"},{"floor":2,"key":"FairyPotion"},{"floor":7,"key":"EntropicBrew"},{"floor":14,"key":"LiquidBronze"},{"floor":16,"key":"PowerPotion"},{"floor":20,"key":"SteroidPotion"},{"floor":21,"key":"SkillPotion"}],"is_trial":false,"path_per_floor":["M","?","$","M","M","R","E","R","T","R","M","E","M","M","R","B",null,"M","M","M","M","?","E"],"character_chosen":"IRONCLAD","items_purchased":["Matryoshka","Reaper"],"campfire_rested":0,"item_purchase_floors":[3,3],"current_hp_per_floor":[57,62,62,62,65,65,43,43,43,43,61,42,42,48,48,11,67,42,46,53,52,52,0],"gold":196,"neow_bonus":"TWO_FIFTY_GOLD","is_prod":false,"is_daily":false,"chose_seed":false,"campfire_upgraded":4,"win_rate":0,"timestamp":1547677396,"path_taken":["M","?","$","?","M","R","E","R","T","R","M","E","M","M","R","BOSS","M","M","?","M","?","E"],"build_version":"2019-01-10","purchased_purges":0,"victory":false,"max_hp_per_floor":[80,85,85,85,85,85,85,85,85,85,85,85,85,85,85,85,85,85,85,85,85,85,85],"card_choices":[{"not_picked":["Flex","Thunderclap","Havoc"],"picked":"SKIP","floor":1},{"not_picked":["Twin Strike","Thunderclap","Anger"],"picked":"SKIP","floor":4},{"not_picked":["Rupture","Twin Strike"],"picked":"Clothesline","floor":5},{"not_picked":["Headbutt","Flex"],"picked":"Double Tap","floor":7},{"not_picked":["Wild Strike","Sword Boomerang","Bloodletting"],"picked":"SKIP","floor":11},{"not_picked":["Rupture","Wild Strike"],"picked":"Flame Barrier","floor":12},{"not_picked":["Dual Wield","Pommel Strike","Anger"],"picked":"SKIP","floor":13},{"not_picked":["Cleave","Flex"],"picked":"Ghostly Armor","floor":14},{"not_picked":["Fiend Fire","Feed"],"picked":"Barricade","floor":16},{"not_picked":["Corruption","Fire Breathing","Reckless Charge"],"picked":"SKIP","floor":18},{"not_picked":["Rage","Pummel","Burning Pact"],"picked":"SKIP","floor":19},{"not_picked":["Searing Blow","Clash"],"picked":"Carnage","floor":20},{"not_picked":["Armaments","Sentinel"],"picked":"Spot Weakness+1","floor":21}],"player_experience":351215,"relics_obtained":[{"floor":7,"key":"Ginger"},{"floor":9,"key":"Bronze Scales"},{"floor":9,"key":"Charon\u0027s Ashes"},{"floor":12,"key":"Red Skull"}],"event_choices":[{"damage_healed":0,"gold_gain":0,"player_choice":"Bought 3 Potions","damage_taken":0,"max_hp_gain":0,"max_hp_loss":0,"event_name":"The Woman in Blue","floor":2,"gold_loss":0},{"cards_removed":["Strike_R"],"damage_healed":0,"gold_gain":0,"player_choice":"Gave Gold","damage_taken":0,"max_hp_gain":0,"max_hp_loss":0,"event_name":"Beggar","floor":22,"gold_loss":75}],"is_beta":false,"boss_relics":[{"not_picked":["Calling Bell","Orrery"],"picked":"Black Blood"}],"items_purged_floors":[],"is_endless":false,"potions_floor_spawned":[4,7,14,16,20,21],"killed_by":"Gremlin Leader","ascension_level":13}