{"gold_per_floor":[113,113,188,9,19,19,319,339,421,218,218,218,218,218,218,307,307,328,243,243,60,63,63,76,51,51,89,104,104,104,129,129,228,228,244,244,244,17,17,53,53,53,80,103,103,122,122,141,141,141],"floor_reached":50,"playtime":1853,"items_purged":["Strike_G","Strike_G","Strike_G+1"],"score":951,"play_id":"4273bf66-8a52-4499-a360-7b9c07f3a60f","local_time":"20190119203809","is_ascension_mode":true,"campfire_choices":[{"data":"All Out Attack","floor":6,"key":"SMITH"},{"data":"Poisoned Stab","floor":13,"key":"SMITH"},{"floor":15,"key":"REST"},{"floor":23,"key":"REST"},{"floor":30,"key":"REST"},{"floor":32,"key":"REST"},{"floor":41,"key":"REST"},{"floor":49,"key":"REST"}],"neow_cost":"NONE","seed_source_timestamp":33296167004239,"circlet_count":0,"master_deck":["AscendersBane","Defend_G+1","Defend_G+1","Defend_G+1","Defend_G+1","Survivor+1","Neutralize+1","All Out Attack+1","After Image+1","Quick Slash+1","Caltrops+1","Footwork+1","Poisoned Stab+1","Malaise+1","Backflip+1","Footwork+1","Caltrops+1","Deadly Poison+1","Deflect+1","Dodge and Roll+1","Dodge and Roll+1","Deadly Poison+1","Backflip+1","Impatience","Catalyst","Finesse","Parasite"],"relics":["Ring of the Snake","Old Coin","Meat on the Bone","Golden Idol","Fusion Hammer","Bag of Preparation","War Paint","Bronze Scales","Empty Cage","Mark of the Bloom","Dead Branch","Whetstone"],"potions_floor_usage":[16,33,50,50],"damage_taken":[{"damage":4,"enemies":"Small Slimes","floor":1,"turns":5},{"damage":4,"enemies":"Jaw Worm","floor":5,"turns":5},{"damage":1,"enemies":"2 Louse","floor":8,"turns":2},{"damage":11,"enemies":"The Guardian","floor":16,"turns":12},{"damage":0,"enemies":"Spheric Guardian","floor":18,"turns":7},{"damage":16,"enemies":"2 Thieves","floor":22,"turns":5},{"damage":0,"enemies":"Centurion and Healer","floor":24,"turns":9},{"damage":48,"enemies":"Slavers","floor":27,"turns":8},{"damage":6,"enemies":"Chosen and Byrds","floor":28,"turns":6},{"damage":12,"enemies":"3 Cultists","floor":31,"turns":5},{"damage":44,"enemies":"Collector","floor":33,"turns":11},{"damage":7,"enemies":"Orb Walker","floor":35,"turns":6},{"damage":6,"enemies":"Giant Head","floor":40,"turns":11},{"damage":0,"enemies":"3 Darklings","floor":44,"turns":5},{"damage":0,"enemies":"Writhing Mass","floor":46,"turns":7},{"damage":1,"enemies":"Maw","floor":48,"turns":6},{"damage":48,"enemies":"Donu and Deca","floor":50,"turns":10}],"seed_played":"-4167093511822733067","potions_obtained":[{"floor":1,"key":"FairyPotion"},{"floor":5,"key":"Block Potion"},{"floor":16,"key":"LiquidBronze"},{"floor":35,"key":"PowerPotion"},{"floor":48,"key":"PowerPotion"}],"is_trial":false,"path_per_floor":["M","?","?","$","M","R","?","M","T","$","?","?","R","?","R","B",null,"M","?","?","$","M","R","M","$","T","E","M","?","R","M","R","B",null,"M","?","?","$","?","E","R","$","T","M","?","M","?","M","R","B"],"character_chosen":"THE_SILENT","items_purchased":["After Image","Footwork","Poisoned Stab","Footwork","Deflect","Impatience"],"campfire_rested":6,"item_purchase_floors":[4,10,10,21,25,38],"current_hp_per_floor":[61,66,55,55,51,51,40,39,39,39,39,39,39,18,39,40,63,63,63,63,63,47,68,68,68,68,32,38,38,59,47,68,36,62,55,55,55,55,55,49,49,49,49,49,49,49,49,48,48,0],"gold":141,"neow_bonus":"TEN_PERCENT_HP_BONUS","is_prod":false,"is_daily":false,"chose_seed":false,"campfire_upgraded":2,"win_rate":0,"timestamp":1547930289,"path_taken":["M","?","?","$","M","R","?","M","T","$","?","?","R","?","R","BOSS","M","?","?","?","?","R","M","$","T","E","M","?","R","M","R","BOSS","M","?","?","$","?","E","R","$","T","M","?","?","?","M","R","BOSS"],"build_version":"2019-01-17v2","purchased_purges":3,"victory":false,"max_hp_per_floor":[72,77,77,77,77,77,77,77,77,77,77,70,70,70,70,70,70,70,70,70,70,70,70,70,70,70,70,70,70,70,70,70,70,70,70,70,70,70,66,66,66,66,66,66,66,66,54,54,54,54],"card_choices":[{"not_picked":["Crippling Poison","Sucker Punch"],"picked":"All Out Attack","floor":1},{"not_picked":["Underhanded Strike","Masterful Stab"],"picked":"Quick Slash","floor":5},{"not_picked":["Bane","Crippling Poison"],"picked":"Caltrops","floor":8},{"not_picked":["Doppelganger","Envenom"],"picked":"Malaise","floor":16},{"not_picked":["Expertise","Underhanded Strike"],"picked":"Backflip","floor":18},{"not_picked":["All Out Attack","Outmaneuver"],"picked":"Caltrops","floor":22},{"not_picked":["Flying Knee","Deflect"],"picked":"Deadly Poison","floor":24},{"not_picked":["Backflip","Malaise"],"picked":"Dodge and Roll+1","floor":27},{"not_picked":["Underhanded Strike","Skewer"],"picked":"Dodge and Roll","floor":28},{"not_picked":["Blade Dance","Riddle With Holes"],"picked":"Deadly Poison","floor":31},{"not_picked":["Dodge and Roll","Masterful Stab"],"picked":"Backflip","floor":35},{"not_picked":["Deflect","Underhanded Strike"],"picked":"Catalyst","floor":40},{"not_picked":["Acrobatics","Bane","Dagger Throw"],"picked":"SKIP","floor":44},{"not_picked":["Mind Blast","Jack Of All Trades"],"picked":"Finesse","floor":45},{"not_picked":["Eviscerate","Riddle With Holes","Blade Dance"],"picked":"SKIP","floor":46},{"not_picked":["Dagger Spray","Quick Slash","Acrobatics"],"picked":"SKIP","floor":48}],"player_experience":405068,"relics_obtained":[{"floor":9,"key":"Meat on the Bone"},{"floor":26,"key":"War Paint"},{"floor":27,"key":"Bronze Scales"},{"floor":40,"key":"Dead Branch"},{"floor":43,"key":"Whetstone"}],"event_choices":[{"damage_healed":0,"gold_gain":0,"player_choice":"Donut","damage_taken":0,"max_hp_gain":5,"max_hp_loss":0,"event_name":"Big Fish","floor":2,"gold_loss":0},{"damage_healed":0,"gold_gain":75,"player_choice":"Gather Gold","damage_taken":11,"max_hp_gain":0,"max_hp_loss":0,"event_name":"World of Goop","floor":3,"gold_loss":0},{"damage_healed":0,"gold_gain":0,"player_choice":"Success","damage_taken":11,"relics_obtained":["Old Coin"],"max_hp_gain":0,"max_hp_loss":0,"event_name":"Scrap Ooze","floor":7,"gold_loss":0},{"cards_removed":["Strike_G"],"damage_healed":0,"gold_gain":0,"player_choice":"Forget","damage_taken":0,"max_hp_gain":0,"max_hp_loss":0,"event_name":"Living Wall","floor":11,"gold_loss":0},{"damage_healed":0,"gold_gain":0,"player_choice":"Lose Max HP","damage_taken":0,"relics_obtained":["Golden Idol"],"max_hp_gain":0,"max_hp_loss":7,"event_name":"Golden Idol","floor":12,"gold_loss":0},{"damage_healed":0,"gold_gain":0,"player_choice":"Entered Light","damage_taken":21,"max_hp_gain":0,"max_hp_loss":0,"event_name":"Shining Light","floor":14,"gold_loss":0,"cards_upgraded":["Survivor","Quick Slash"]},{"damage_healed":0,"gold_gain":0,"player_choice":"Obtained Relic","damage_taken":0,"relics_obtained":["Bag of Preparation"],"max_hp_gain":0,"max_hp_loss":0,"event_name":"Addict","floor":19,"gold_loss":85},{"damage_healed":0,"gold_gain":0,"player_choice":"Ignored","damage_taken":0,"max_hp_gain":0,"max_hp_loss":0,"event_name":"Vampires","floor":20,"gold_loss":0},{"damage_healed":0,"gold_gain":0,"player_choice":"0 cards matched","damage_taken":0,"max_hp_gain":0,"max_hp_loss":0,"event_name":"Match and Keep!","floor":29,"gold_loss":0,"cards_obtained":[]},{"damage_healed":0,"gold_gain":0,"player_choice":"Upgrade","damage_taken":0,"relics_obtained":["Mark of the Bloom"],"max_hp_gain":0,"max_hp_loss":0,"event_name":"MindBloom","floor":36,"gold_loss":0,"cards_upgraded":["Defend_G","Defend_G","Defend_G","Defend_G","Strike_G","Neutralize","After Image","Caltrops","Footwork","Malaise","Backflip","Footwork","Caltrops","Deadly Poison","Dodge and Roll","Deadly Poison","Backflip"]},{"damage_healed":0,"gold_gain":0,"player_choice":"Ignored","damage_taken":0,"max_hp_gain":0,"max_hp_loss":0,"event_name":"Mysterious Sphere","floor":37,"gold_loss":0},{"damage_healed":0,"gold_gain":0,"player_choice":"Max HP","damage_taken":0,"max_hp_gain":0,"max_hp_loss":4,"event_name":"Winding Halls","floor":39,"gold_loss":0},{"damage_healed":0,"gold_gain":0,"player_choice":"Memory 1","damage_taken":0,"max_hp_gain":0,"max_hp_loss":0,"event_name":"SensoryStone","floor":45,"gold_loss":0},{"damage_healed":54,"gold_gain":0,"player_choice":"Heal","damage_taken":0,"max_hp_gain":0,"max_hp_loss":12,"event_name":"The Moai Head","floor":47,"gold_loss":0}],"is_beta":false,"boss_relics":[{"not_picked":["Eternal Feather","Orrery"],"picked":"Fusion Hammer"},{"not_picked":["Runic Dome","Tiny House"],"picked":"Empty Cage"}],"items_purged_floors":[10,21,38],"is_endless":false,"potions_floor_spawned":[1,5,16,24,27,28,35,48],"killed_by":"Donu and Deca","ascension_level":18}