{"gold_per_floor":[113,113,124,5,5,5,5,5,5,5,36,36,36,54,54,128,128,144,155,155,171,171,171,205,205,235,267,267],"floor_reached":28,"playtime":760,"items_purged":["Strike_G"],"score":466,"play_id":"1017e47f-1915-44ef-bf3a-b417c3d91b4c","local_time":"20190204032837","is_ascension_mode":true,"campfire_choices":[{"data":"Bouncing Flask","floor":6,"key":"SMITH"},{"floor":8,"key":"REST"},{"data":"Survivor","floor":13,"key":"SMITH"},{"data":"Footwork","floor":15,"key":"SMITH"},{"floor":23,"key":"REST"},{"floor":25,"key":"REST"}],"neow_cost":"NONE","seed_source_timestamp":26536310461900,"circlet_count":0,"master_deck":["AscendersBane","Defend_G","Defend_G","Defend_G","Defend_G","Defend_G","Strike_G+1","Survivor+1","Neutralize+1","Dagger Spray+1","Bouncing Flask+1","Footwork+1","Envenom","Well Laid Plans","Catalyst","Masterful Stab","Eviscerate","Crippling Poison","Bullet Time"],"relics":["Ring of the Snake","Whetstone","Omamori","Bottled Lightning","Bag of Marbles","Philosopher\u0027s Stone","Centennial Puzzle","Tiny Chest","Unceasing Top"],"potions_floor_usage":[19,19,24],"damage_taken":[{"damage":2,"enemies":"2 Louse","floor":1,"turns":3},{"damage":0,"enemies":"Cultist","floor":3,"turns":3},{"damage":9,"enemies":"Lagavulin","floor":11,"turns":5},{"damage":0,"enemies":"Small Slimes","floor":14,"turns":3},{"damage":13,"enemies":"The Guardian","floor":16,"turns":9},{"damage":10,"enemies":"Shell Parasite","floor":18,"turns":5},{"damage":28,"enemies":"3 Byrds","floor":19,"turns":4},{"damage":9,"enemies":"Snake Plant","floor":21,"turns":4},{"damage":18,"enemies":"Gremlin Leader","floor":24,"turns":8},{"damage":23,"enemies":"Book of Stabbing","floor":27,"turns":6},{"damage":8,"enemies":"Chosen and Byrds","floor":28,"turns":3}],"seed_played":"-5672260713531705500","potions_obtained":[{"floor":1,"key":"SpeedPotion"},{"floor":12,"key":"Fire Potion"},{"floor":12,"key":"SteroidPotion"},{"floor":19,"key":"Swift Potion"},{"floor":27,"key":"Weak Potion"}],"is_trial":false,"path_per_floor":["M","?","M","$","?","R","?","R","T","$","E","?","R","M","R","B",null,"M","M","?","M","?","R","E","R","T","E","M"],"character_chosen":"THE_SILENT","items_purchased":["Bouncing Flask"],"campfire_rested":3,"item_purchase_floors":[4],"current_hp_per_floor":[57,57,57,57,39,39,32,51,51,51,42,42,42,42,42,29,57,47,19,19,10,10,29,11,30,30,7,0],"gold":267,"neow_bonus":"RANDOM_COMMON_RELIC","is_prod":false,"is_daily":false,"chose_seed":false,"campfire_upgraded":3,"win_rate":0,"timestamp":1549243717,"path_taken":["M","?","?","$","?","R","?","R","T","?","E","?","R","?","R","BOSS","M","?","?","M","?","R","E","R","T","E","M"],"build_version":"2019-01-23","purchased_purges":1,"victory":false,"max_hp_per_floor":[66,66,66,66,66,66,66,66,66,66,66,66,66,66,66,66,66,66,66,66,66,66,66,66,66,66,66,66],"card_choices":[{"not_picked":["Outmaneuver","Blade Dance"],"picked":"Dagger Spray","floor":1},{"not_picked":["Cloak And Dagger","Deflect","Dodge and Roll"],"picked":"SKIP","floor":3},{"not_picked":["Quick Slash","Leg Sweep","Phantasmal Killer"],"picked":"SKIP","floor":11},{"not_picked":["Noxious Fumes","Accuracy"],"picked":"Footwork","floor":14},{"not_picked":["Grand Finale","Wraith Form v2"],"picked":"Envenom","floor":16},{"not_picked":["Backflip+1","Flying Knee"],"picked":"Well Laid Plans","floor":18},{"not_picked":["Well Laid Plans","Accuracy+1"],"picked":"Catalyst","floor":19},{"not_picked":["Deflect","Terror"],"picked":"Crippling Poison","floor":21},{"not_picked":["Escape Plan","Skewer","Dodge and Roll"],"picked":"SKIP","floor":24},{"not_picked":["Prepared","Bane"],"picked":"Bullet Time","floor":27}],"player_experience":605837,"relics_obtained":[{"floor":9,"key":"Bottled Lightning"},{"floor":11,"key":"Bag of Marbles"},{"floor":24,"key":"Centennial Puzzle"},{"floor":26,"key":"Tiny Chest"},{"floor":27,"key":"Unceasing Top"}],"event_choices":[{"damage_healed":0,"gold_gain":0,"player_choice":"Forge","damage_taken":0,"max_hp_gain":0,"max_hp_loss":0,"event_name":"Accursed Blacksmith","floor":2,"gold_loss":0,"cards_upgraded":["Dagger Spray"]},{"damage_healed":0,"gold_gain":0,"player_choice":"Success","damage_taken":18,"relics_obtained":["Omamori"],"max_hp_gain":0,"max_hp_loss":0,"event_name":"Scrap Ooze","floor":5,"gold_loss":0},{"cards_removed":["Strike_G"],"damage_healed":0,"gold_gain":0,"player_choice":"Card Removal","damage_taken":7,"max_hp_gain":0,"max_hp_loss":0,"event_name":"Golden Wing","floor":7,"gold_loss":0},{"damage_healed":0,"gold_gain":0,"player_choice":"Got Potions","damage_taken":0,"max_hp_gain":0,"max_hp_loss":0,"event_name":"Lab","floor":12,"gold_loss":0},{"damage_healed":0,"gold_gain":0,"cards_transformed":["Strike_G","Strike_G"],"player_choice":"Became Test Subject","damage_taken":0,"max_hp_gain":0,"max_hp_loss":0,"event_name":"Drug Dealer","floor":20,"gold_loss":0,"cards_obtained":["Masterful Stab","Eviscerate"]},{"damage_healed":0,"gold_gain":0,"player_choice":"Ignored","damage_taken":0,"max_hp_gain":0,"max_hp_loss":0,"event_name":"Vampires","floor":22,"gold_loss":0}],"is_beta":false,"boss_relics":[{"not_picked":["Calling Bell","WristBlade"],"picked":"Philosopher\u0027s Stone"}],"items_purged_floors":[4],"is_endless":false,"potions_floor_spawned":[1,18,19,27],"killed_by":"Chosen and Byrds","ascension_level":17}