{"gold_per_floor":[111,111,111,36,49,49,80,95,119,119,119],"floor_reached":11,"playtime":308,"items_purged":["Strike_G"],"score":92,"play_id":"6eb31c5c-8cfb-4d36-b301-da13ce885d7b","local_time":"20181109224932","is_ascension_mode":true,"campfire_choices":[{"data":"Calculated Gamble","floor":6,"key":"SMITH"},{"floor":10,"key":"REST"}],"neow_cost":"NONE","seed_source_timestamp":0,"circlet_count":0,"master_deck":["Defend_G+1","Defend_G","Defend_G+1","Defend_G","Defend_G","Strike_G","Strike_G","Strike_G","Strike_G","Survivor","Neutralize+1","Slice","Calculated Gamble+1","Backflip","Acrobatics"],"special_seed":0,"relics":["Ring of the Snake","Golden Idol","War Paint","Omamori"],"potions_floor_usage":[11],"damage_taken":[{"damage":0,"enemies":"2 Louse","floor":1,"turns":3},{"damage":6,"enemies":"Jaw Worm","floor":5,"turns":6},{"damage":51,"enemies":"3 Sentries","floor":7,"turns":17},{"damage":0,"enemies":"Cultist","floor":8,"turns":5},{"damage":56,"enemies":"Gremlin Nob","floor":11,"turns":5}],"seed_played":"2926915916098956072","potions_obtained":[{"floor":5,"key":"Weak Potion"}],"is_trial":false,"path_per_floor":["M","?","?","$","M","R","E","M","T","R","E"],"character_chosen":"THE_SILENT","items_purchased":[],"campfire_rested":1,"item_purchase_floors":[],"current_hp_per_floor":[63,68,68,68,62,62,11,11,11,31,0],"gold":119,"neow_bonus":"UPGRADE_CARD","is_prod":false,"is_daily":false,"chose_seed":false,"campfire_upgraded":1,"win_rate":0,"timestamp":1541803772,"path_taken":["M","?","?","$","M","R","E","M","T","R","E"],"build_version":"2018-11-08","purchased_purges":1,"victory":false,"max_hp_per_floor":[70,75,69,69,69,69,69,69,69,69,69],"card_choices":[{"not_picked":["Prepared","Escape Plan"],"picked":"Slice","floor":1},{"not_picked":["Heel Hook","Riddle With Holes"],"picked":"Calculated Gamble","floor":5},{"not_picked":["Dagger Spray","Skewer"],"picked":"Backflip","floor":7},{"not_picked":["Underhanded Strike","Eviscerate"],"picked":"Acrobatics","floor":8}],"player_experience":131491,"relics_obtained":[{"floor":7,"key":"War Paint"},{"floor":9,"key":"Omamori"}],"event_choices":[{"damage_healed":0,"gold_gain":0,"player_choice":"Donut","damage_taken":0,"max_hp_gain":5,"max_hp_loss":0,"event_name":"Big Fish","floor":2,"gold_loss":0},{"damage_healed":0,"gold_gain":0,"player_choice":"Lose Max HP","damage_taken":0,"relics_obtained":["Golden Idol"],"max_hp_gain":0,"max_hp_loss":6,"event_name":"Golden Idol","floor":3,"gold_loss":0}],"is_beta":false,"boss_relics":[],"items_purged_floors":[4],"is_endless":false,"potions_floor_spawned":[5],"killed_by":"Gremlin Nob","ascension_level":6}