{"gold_per_floor":[109,60,135,150,162,196,196,39,88,122,122,134,149,12,12,117,117,132,144,178,53,53,53,78,96,172,203,203,203,219,229,229,326,326,339,139,139,361,373,373,383,417,417,431,431,311,47,64,64,64],"floor_reached":51,"playtime":1584,"items_purged":["Strike_B","Strike_B","Defend_B","Defend_B","Defend_B"],"score":919,"play_id":"0cf6a2f8-e385-497c-a6dc-b84e7ce52ece","local_time":"20181010033836","is_ascension_mode":true,"campfire_choices":[{"data":"Zap","floor":7,"key":"SMITH"},{"data":"Self Repair","floor":11,"key":"SMITH"},{"data":"Capacitor","floor":15,"key":"SMITH"},{"data":"Coolheaded","floor":23,"key":"SMITH"},{"data":"FTL","floor":29,"key":"SMITH"},{"data":"Electrodynamics","floor":32,"key":"SMITH"},{"data":"Conserve Battery","floor":40,"key":"SMITH"},{"data":"Dualcast","floor":45,"key":"SMITH"},{"data":"Reboot","floor":49,"key":"SMITH"}],"neow_cost":"","seed_source_timestamp":20393093167803,"circlet_count":0,"master_deck":["Zap+1","Dualcast+1","Leap","Cold Snap","Coolheaded+1","Ball Lightning","Self Repair+1","Electrodynamics+1","Glacier","Capacitor+1","Core Surge","Glacier+1","Electrodynamics+1","Ball Lightning+1","Conserve Battery+1","FTL+1","Reboot+1"],"relics":["Cracked Core","Happy Flower","Oddly Smooth Stone","Boot","Astrolabe","Red Mask","Pear","Shuriken","DataDisk","Question Card","Runic Dome","Runic Capacitor","Incense Burner","The Courier","Gremlin Horn","Ancient Tea Set"],"potions_floor_usage":[25,25,33,50],"damage_taken":[{"damage":1,"enemies":"Cultist","floor":1,"turns":3},{"damage":0,"enemies":"Jaw Worm","floor":4,"turns":5},{"damage":0,"enemies":"2 Louse","floor":5,"turns":1},{"damage":28,"enemies":"Lagavulin","floor":6,"turns":9},{"damage":15,"enemies":"3 Sentries","floor":10,"turns":10},{"damage":6,"enemies":"Exordium Wildlife","floor":12,"turns":3},{"damage":0,"enemies":"Looter","floor":13,"turns":4},{"damage":21,"enemies":"The Guardian","floor":16,"turns":13},{"damage":4,"enemies":"Spheric Guardian","floor":18,"turns":4},{"damage":8,"enemies":"Chosen","floor":19,"turns":7},{"damage":0,"enemies":"Masked Bandits","floor":20,"turns":2},{"damage":10,"enemies":"Gremlin Leader","floor":24,"turns":6},{"damage":0,"enemies":"Centurion and Healer","floor":25,"turns":4},{"damage":30,"enemies":"Book of Stabbing","floor":27,"turns":6},{"damage":4,"enemies":"Cultist and Chosen","floor":30,"turns":4},{"damage":5,"enemies":"Chosen and Byrds","floor":31,"turns":4},{"damage":37,"enemies":"Automaton","floor":33,"turns":9},{"damage":0,"enemies":"3 Shapes","floor":35,"turns":2},{"damage":8,"enemies":"Mind Bloom Boss Battle","floor":37,"turns":7},{"damage":15,"enemies":"3 Darklings","floor":39,"turns":2},{"damage":0,"enemies":"Sphere and 2 Shapes","floor":41,"turns":5},{"damage":23,"enemies":"2 Orb Walkers","floor":42,"turns":4},{"damage":1,"enemies":"Transient","floor":44,"turns":5},{"damage":10,"enemies":"3 Darklings","floor":48,"turns":4},{"damage":20,"enemies":"Donu and Deca","floor":50,"turns":8}],"seed_played":"8044392180733138824","potions_obtained":[{"floor":5,"key":"Strength Potion"},{"floor":13,"key":"PowerPotion"},{"floor":16,"key":"AttackPotion"},{"floor":18,"key":"Energy Potion"},{"floor":37,"key":"LiquidBronze"},{"floor":48,"key":"SkillPotion"}],"is_trial":false,"path_per_floor":["M","$","?","M","M","E","R","$","T","E","R","M","M","$","R","B",null,"M","M","?","$","?","R","E","M","T","E","?","R","M","M","R","B",null,"M","$","?","?","M","R","M","E","T","M","R","$","$","M","R","B"],"character_chosen":"DEFECT","items_purchased":["Cold Snap","Self Repair","Capacitor","Runic Capacitor","Ancient Tea Set"],"campfire_rested":0,"item_purchase_floors":[2,8,14,36,47],"current_hp_per_floor":[74,74,63,63,63,35,35,35,35,27,27,31,41,41,41,30,64,70,72,72,72,72,72,82,85,85,65,65,65,71,66,66,39,74,74,74,76,76,61,61,71,48,48,57,57,57,57,57,57,47],"gold":64,"neow_bonus":"","is_prod":false,"is_daily":false,"chose_seed":false,"campfire_upgraded":9,"win_rate":0,"timestamp":1539139116,"path_taken":["M","$","?","M","M","E","R","$","T","E","R","M","M","?","R","BOSS","M","M","?","$","?","R","E","M","T","E","?","R","M","?","R","BOSS","M","$","?","?","M","R","?","E","T","?","R","?","$","M","R","BOSS"],"build_version":"2018-10-04v2","purchased_purges":5,"victory":true,"max_hp_per_floor":[75,75,75,75,75,75,75,75,75,75,75,75,75,75,75,75,75,75,75,75,75,75,75,85,85,85,85,85,85,85,85,85,85,85,85,85,85,85,85,85,85,85,85,85,85,85,85,85,85,85],"card_choices":[{"not_picked":["Rebound","Stack"],"picked":"Leap","floor":1},{"not_picked":["Beam Cell","Leap","Steam"],"picked":"SKIP","floor":4},{"not_picked":["Barrage","Streamline"],"picked":"Coolheaded","floor":5},{"not_picked":["Chill","Compile Driver"],"picked":"Ball Lightning","floor":6},{"not_picked":["Glacier","Sweeping Beam"],"picked":"Electrodynamics","floor":10},{"not_picked":["Ball Lightning","Leap"],"picked":"Glacier","floor":12},{"not_picked":["Melter","Recycle","Barrage"],"picked":"SKIP","floor":13},{"not_picked":["Reboot","Amplify"],"picked":"Core Surge","floor":16},{"not_picked":["Sweeping Beam","Hello World"],"picked":"Conserve Battery","floor":18},{"not_picked":["Redo","Go for the Eyes","Barrage"],"picked":"SKIP","floor":19},{"not_picked":["Redo","Sweeping Beam"],"picked":"FTL","floor":24},{"not_picked":["Chaos","Static Discharge","Redo+1"],"picked":"SKIP","floor":25},{"not_picked":["Scrape","Beam Cell","Hyperbeam"],"picked":"SKIP","floor":27},{"not_picked":["Turbo","Heatsinks","Compile Driver","Cold Snap"],"picked":"SKIP","floor":30},{"not_picked":["Static Discharge","Conserve Battery+1","Fusion+1","Doom and Gloom"],"picked":"SKIP","floor":31},{"not_picked":["All For One","Buffer","Meteor Strike"],"picked":"Reboot","floor":33},{"not_picked":["Steam Power","Redo+1","Melter","Leap+1"],"picked":"SKIP","floor":35},{"not_picked":["Hologram","Steam+1","Compile Driver","Sweeping Beam"],"picked":"SKIP","floor":39},{"not_picked":["Go for the Eyes","Doom and Gloom","Gash+1","Multi-Cast"],"picked":"SKIP","floor":41},{"not_picked":["Go for the Eyes","Doom and Gloom","Gash+1","Multi-Cast"],"picked":"SKIP","floor":41},{"not_picked":["White Noise","Redo+1","Ball Lightning+1","Rainbow"],"picked":"SKIP","floor":42},{"not_picked":["Rip and Tear","Steam+1","Rebound+1","Blizzard+1"],"picked":"SKIP","floor":44},{"not_picked":["Capacitor","Sunder+1","Skim","Undo"],"picked":"SKIP","floor":48}],"player_experience":67238,"relics_obtained":[{"floor":6,"key":"Happy Flower"},{"floor":9,"key":"Oddly Smooth Stone"},{"floor":10,"key":"Boot"},{"floor":20,"key":"Red Mask"},{"floor":24,"key":"Pear"},{"floor":26,"key":"Shuriken"},{"floor":27,"key":"DataDisk"},{"floor":37,"key":"Incense Burner"},{"floor":42,"key":"The Courier"},{"floor":43,"key":"Gremlin Horn"}],"event_choices":[{"event_name":"World of Goop","player_choice":"Gather Gold","floor":3,"damage_taken":0},{"event_name":"Masked Bandits","player_choice":"Fought Bandits","floor":20,"damage_taken":0},{"event_name":"The Woman in Blue","player_choice":"Bought 0 Potions","floor":22,"damage_taken":0},{"event_name":"The Mausoleum","player_choice":"Yes","floor":28,"damage_taken":0},{"event_name":"MindBloom","player_choice":"Fight","floor":37,"damage_taken":0},{"event_name":"Tomb of Lord Red Mask","player_choice":"Wore Mask","floor":38,"damage_taken":0}],"is_beta":false,"boss_relics":[{"not_picked":["Runic Pyramid","Orrery"],"picked":"Astrolabe"},{"not_picked":["Eternal Feather","Coffee Dripper"],"picked":"Runic Dome"}],"items_purged_floors":[8,14,21,46,47],"is_endless":false,"potions_floor_spawned":[5,13,16,18,19,24,37,48],"ascension_level":5}