{"gold_per_floor":[11,25,25,38,52,52,52,52,130,130,130,144,158,184,184,279,279,294,294],"floor_reached":19,"playtime":547,"items_purged":[],"score":296,"play_id":"6dcf853b-7377-4f83-bdb3-5f43a505929a","local_time":"20181021192102","is_ascension_mode":true,"campfire_choices":[{"data":"Thinking Ahead","floor":6,"key":"SMITH"},{"data":"Discovery","floor":8,"key":"SMITH"},{"data":"Zap","floor":11,"key":"SMITH"},{"data":"Buffer","floor":15,"key":"SMITH"}],"neow_cost":"NO_GOLD","seed_source_timestamp":13296926751095,"circlet_count":0,"master_deck":["Strike_B","Strike_B","Strike_B","Defend_B","Defend_B","Defend_B","Defend_B","Zap+1","Dualcast","Discovery+1","Thinking Ahead+1","Reinforced Body","Ball Lightning","Defragment","Buffer+1","Core Surge","Capacitor+1"],"relics":["Cracked Core","Bag of Preparation","Pantograph","Question Card","Sozu"],"potions_floor_usage":[14,14,19],"damage_taken":[{"damage":2,"enemies":"Jaw Worm","floor":1,"turns":4},{"damage":1,"enemies":"Cultist","floor":2,"turns":4},{"damage":4,"enemies":"Small Slimes","floor":4,"turns":4},{"damage":0,"enemies":"Exordium Wildlife","floor":5,"turns":3},{"damage":7,"enemies":"Large Slime","floor":12,"turns":4},{"damage":0,"enemies":"3 Louse","floor":13,"turns":3},{"damage":11,"enemies":"Gremlin Nob","floor":14,"turns":3},{"damage":0,"enemies":"The Guardian","floor":16,"turns":8},{"damage":0,"enemies":"Chosen","floor":18,"turns":4},{"damage":29,"enemies":"Colosseum Slavers","floor":19,"turns":5},{"damage":56,"enemies":"Colosseum Nobs","floor":19,"turns":4}],"seed_played":"-701332751392360414","potions_obtained":[{"floor":5,"key":"EssenceOfSteel"},{"floor":13,"key":"Weak Potion"},{"floor":16,"key":"PowerPotion"}],"is_trial":false,"path_per_floor":["M","M","?","M","M","R","?","R","T","?","R","M","M","E","R","B",null,"M"],"character_chosen":"DEFECT","items_purchased":[],"campfire_rested":0,"item_purchase_floors":[],"current_hp_per_floor":[66,65,65,61,61,61,43,43,43,48,48,41,41,30,30,55,74,74,0],"gold":294,"neow_bonus":"RANDOM_COLORLESS_2","is_prod":false,"is_daily":false,"chose_seed":false,"campfire_upgraded":4,"win_rate":0,"timestamp":1540146062,"path_taken":["M","M","?","?","M","R","?","R","T","?","R","M","?","E","R","BOSS","M","?"],"build_version":"2018-10-18","purchased_purges":0,"victory":false,"max_hp_per_floor":[75,75,75,75,75,75,75,75,75,80,80,80,80,80,80,80,80,80,80],"card_choices":[{"not_picked":["Streamline","Gash","Stack"],"picked":"SKIP","floor":1},{"not_picked":["Stack","Sweeping Beam","Barrage"],"picked":"SKIP","floor":2},{"not_picked":["Scrape","Static Discharge"],"picked":"Reinforced Body","floor":4},{"not_picked":["Beam Cell","Turbo"],"picked":"Ball Lightning","floor":5},{"not_picked":["Rebound","Barrage"],"picked":"Defragment","floor":12},{"not_picked":["Barrage","Undo","Stack"],"picked":"SKIP","floor":13},{"not_picked":["Genetic Algorithm","Sunder"],"picked":"Buffer","floor":14},{"not_picked":["Amplify","Thunder Strike","Machine Learning"],"picked":"Core Surge","floor":16},{"not_picked":["Cold Snap","Leap","Streamline"],"picked":"Capacitor+1","floor":18}],"player_experience":77698,"relics_obtained":[{"floor":9,"key":"Pantograph"},{"floor":14,"key":"Question Card"}],"event_choices":[{"cards_removed":["Strike_B"],"damage_healed":0,"gold_gain":0,"player_choice":"Purged","damage_taken":0,"max_hp_gain":0,"max_hp_loss":0,"event_name":"Purifier","floor":3,"gold_loss":0},{"damage_healed":0,"gold_gain":0,"player_choice":"Success","damage_taken":18,"relics_obtained":["Bag of Preparation"],"max_hp_gain":0,"max_hp_loss":0,"event_name":"Scrap Ooze","floor":7,"gold_loss":0},{"damage_healed":0,"gold_gain":0,"player_choice":"Donut","damage_taken":0,"max_hp_gain":5,"max_hp_loss":0,"event_name":"Big Fish","floor":10,"gold_loss":0},{"damage_healed":0,"gold_gain":0,"player_choice":"Fight","damage_taken":0,"max_hp_gain":0,"max_hp_loss":0,"event_name":"Colosseum","floor":19,"gold_loss":0},{"damage_healed":0,"gold_gain":0,"player_choice":"Fought Nobs","damage_taken":0,"max_hp_gain":0,"max_hp_loss":0,"event_name":"Colosseum","floor":19,"gold_loss":0}],"is_beta":false,"boss_relics":[{"not_picked":["Velvet Choker","Lizard Tail"],"picked":"Sozu"}],"items_purged_floors":[],"is_endless":false,"potions_floor_spawned":[5,13,16,19],"killed_by":"Colosseum Nobs","ascension_level":7}