{"gold_per_floor":[113,113,128,78,93,93,112,125,125,141,158,158,258,272,272,272],"floor_reached":16,"playtime":407,"items_purged":[],"score":158,"play_id":"42e0c15a-04bf-4db6-b4c2-d4d1f466bbc5","local_time":"20181202191735","is_ascension_mode":true,"campfire_choices":[{"data":"Searing Blow","floor":6,"key":"SMITH"},{"floor":12,"key":"REST"},{"data":"Armaments","floor":15,"key":"SMITH"}],"neow_cost":"PERCENT_DAMAGE","seed_source_timestamp":16682449648583,"circlet_count":0,"master_deck":["AscendersBane","Strike_R","Strike_R","Strike_R","Defend_R","Defend_R","Defend_R","Defend_R","Bash","Forethought","Deep Breath","Inflame","Searing Blow+1","Clothesline","Cleave","Armaments+1","Shrug It Off","Headbutt"],"relics":["Burning Blood","Darkstone Periapt"],"potions_floor_usage":[10,14,16],"damage_taken":[{"damage":4,"enemies":"Small Slimes","floor":1,"turns":5},{"damage":11,"enemies":"Cultist","floor":3,"turns":4},{"damage":12,"enemies":"Jaw Worm","floor":5,"turns":3},{"damage":12,"enemies":"Looter","floor":7,"turns":3},{"damage":8,"enemies":"Red Slaver","floor":8,"turns":3},{"damage":18,"enemies":"Lots of Slimes","floor":10,"turns":5},{"damage":19,"enemies":"3 Louse","floor":11,"turns":3},{"damage":5,"enemies":"2 Fungi Beasts","floor":14,"turns":4},{"damage":39,"enemies":"Slime Boss","floor":16,"turns":9}],"seed_played":"-1623272865079080718","potions_obtained":[{"floor":3,"key":"SkillPotion"},{"floor":5,"key":"EssenceOfSteel"},{"floor":10,"key":"AttackPotion"}],"is_trial":false,"path_per_floor":["M","?","M","?","M","R","M","M","T","M","M","R","?","M","R","B"],"character_chosen":"IRONCLAD","items_purchased":[],"campfire_rested":1,"item_purchase_floors":[],"current_hp_per_floor":[53,53,48,48,42,42,36,34,34,22,9,33,33,34,34,0],"gold":272,"neow_bonus":"RANDOM_COLORLESS_2","is_prod":false,"is_daily":false,"chose_seed":false,"campfire_upgraded":2,"win_rate":0,"timestamp":1543778255,"path_taken":["M","?","?","?","M","R","M","M","T","M","M","R","?","?","R","BOSS"],"build_version":"2018-11-15","purchased_purges":0,"victory":false,"max_hp_per_floor":[80,80,80,80,80,80,80,80,80,80,80,80,80,80,80,80],"card_choices":[{"not_picked":["Havoc","Clothesline"],"picked":"Inflame","floor":1},{"not_picked":["Dual Wield","Perfected Strike"],"picked":"Searing Blow","floor":3},{"not_picked":["Body Slam","Sever Soul"],"picked":"Clothesline","floor":5},{"not_picked":["Havoc","True Grit"],"picked":"Cleave","floor":7},{"not_picked":["Pommel Strike","Pummel"],"picked":"Armaments","floor":8},{"not_picked":["Combust","Spot Weakness","Entrench"],"picked":"SKIP","floor":10},{"not_picked":["Berserk","Twin Strike"],"picked":"Shrug It Off","floor":11},{"not_picked":["Anger","Wild Strike"],"picked":"Headbutt","floor":14}],"player_experience":237588,"relics_obtained":[{"floor":9,"key":"Darkstone Periapt"}],"event_choices":[{"cards_removed":["Strike_R"],"damage_healed":0,"gold_gain":0,"player_choice":"Purged","damage_taken":0,"max_hp_gain":0,"max_hp_loss":0,"event_name":"Purifier","floor":2,"gold_loss":0},{"cards_removed":["Strike_R"],"damage_healed":0,"gold_gain":0,"player_choice":"Card Removal","damage_taken":0,"max_hp_gain":0,"max_hp_loss":0,"event_name":"The Cleric","floor":4,"gold_loss":50},{"damage_healed":0,"gold_gain":100,"player_choice":"Gold","damage_taken":0,"max_hp_gain":0,"max_hp_loss":0,"event_name":"Wheel of Change","floor":13,"gold_loss":0}],"is_beta":false,"boss_relics":[],"items_purged_floors":[],"is_endless":false,"potions_floor_spawned":[3,5,10,11],"killed_by":"Slime Boss","ascension_level":13}