{"gold_per_floor":[117,129,304,304,321,321,95,128,202,236,250,250,250,264,264,393,393,382,403,75,174,192,227,46,71,71,89,125,125,161,184,184,312,312,328,328,346,364,489,532,545,545,545,576,576,611,672,687,687,687],"floor_reached":50,"playtime":3008,"items_purged":["Pain","Doubt"],"score":869,"play_id":"219d7bbe-6606-480e-9cee-6b104277a878","local_time":"20190128162526","is_ascension_mode":true,"campfire_choices":[{"data":"Bash","floor":6,"key":"SMITH"},{"data":"Inflame","floor":12,"key":"SMITH"},{"data":"Disarm","floor":15,"key":"SMITH"},{"floor":29,"key":"REST"},{"floor":32,"key":"REST"},{"floor":42,"key":"REST"},{"data":"Metallicize","floor":45,"key":"SMITH"},{"floor":49,"key":"REST"}],"neow_cost":"NONE","seed_source_timestamp":50212354529246,"circlet_count":0,"master_deck":["Strike_R","Strike_R","Strike_R","Strike_R","Strike_R","Defend_R","Defend_R","Defend_R","Defend_R","Bash+1","Disarm+1","Clothesline","Twin Strike","Inflame+1","Double Tap","Evolve","True Grit","Limit Break","Wild Strike","Heavy Blade","Metallicize+1","Shrug It Off","True Grit+1","Heavy Blade","Shrug It Off+1","True Grit+1","Cleave+1","Flex+1","Shockwave+1","Immolate+1","Shrug It Off+1","Forethought+1","Heavy Blade+1","Warcry+1","Whirlwind+1","Headbutt+1"],"relics":["Velvet Choker","WarpedTongs","Anchor","Strawberry","Bottled Lightning","Self Forming Clay","Golden Idol","Mark of Pain","Oddly Smooth Stone","Toxic Egg 2","Lantern","Thread and Needle","Molten Egg 2","Red Mask","Busted Crown","Nunchaku","Matryoshka","Red Skull","Orichalcum","Blood Vial","Ginger"],"potions_floor_usage":[2,8,10,23,23,28,30,30,31,38,40,48],"damage_taken":[{"damage":2,"enemies":"2 Louse","floor":1,"turns":3},{"damage":0,"enemies":"Cultist","floor":2,"turns":4},{"damage":2,"enemies":"Jaw Worm","floor":5,"turns":4},{"damage":13,"enemies":"Lagavulin","floor":8,"turns":5},{"damage":10,"enemies":"Gremlin Nob","floor":10,"turns":3},{"damage":4,"enemies":"Looter","floor":11,"turns":3},{"damage":0,"enemies":"2 Fungi Beasts","floor":14,"turns":2},{"damage":4,"enemies":"The Guardian","floor":16,"turns":10},{"damage":14,"enemies":"2 Thieves","floor":18,"turns":4},{"damage":17,"enemies":"Spheric Guardian","floor":19,"turns":4},{"damage":0,"enemies":"Snake Plant","floor":22,"turns":4},{"damage":30,"enemies":"Gremlin Leader","floor":23,"turns":7},{"damage":4,"enemies":"Cultist and Chosen","floor":25,"turns":6},{"damage":0,"enemies":"Chosen and Byrds","floor":27,"turns":4},{"damage":2,"enemies":"Book of Stabbing","floor":28,"turns":6},{"damage":0,"enemies":"Masked Bandits","floor":30,"turns":6},{"damage":9,"enemies":"Snecko","floor":31,"turns":5},{"damage":48,"enemies":"Collector","floor":33,"turns":10},{"damage":0,"enemies":"3 Shapes","floor":35,"turns":4},{"damage":0,"enemies":"3 Darklings","floor":37,"turns":4},{"damage":22,"enemies":"Spire Growth","floor":38,"turns":5},{"damage":0,"enemies":"Mind Bloom Boss Battle","floor":39,"turns":6},{"damage":20,"enemies":"Reptomancer","floor":40,"turns":7},{"damage":5,"enemies":"Transient","floor":41,"turns":5},{"damage":12,"enemies":"Giant Head","floor":44,"turns":7},{"damage":10,"enemies":"Reptomancer","floor":46,"turns":5},{"damage":4,"enemies":"2 Orb Walkers","floor":47,"turns":4},{"damage":4,"enemies":"Writhing Mass","floor":48,"turns":5},{"damage":43,"enemies":"Time Eater","floor":50,"turns":10}],"seed_played":"-8371313407393926734","potions_obtained":[{"floor":1,"key":"Poison Potion"},{"floor":2,"key":"Fruit Juice"},{"floor":8,"key":"Weak Potion"},{"floor":11,"key":"PowerPotion"},{"floor":19,"key":"Weak Potion"},{"floor":22,"key":"Strength Potion"},{"floor":25,"key":"Weak Potion"},{"floor":27,"key":"Fire Potion"},{"floor":28,"key":"Block Potion"},{"floor":33,"key":"Dexterity Potion"},{"floor":37,"key":"Swift Potion"},{"floor":39,"key":"Block Potion"},{"floor":46,"key":"AttackPotion"},{"floor":48,"key":"Strength Potion"}],"is_trial":false,"path_per_floor":["M","M","?","?","M","R","$","E","T","E","M","R","?","M","R","B",null,"M","M","$","?","M","E","$","M","T","M","E","R","?","M","R","B",null,"M","?","M","M","?","E","M","R","T","E","R","E","?","M","R","B"],"character_chosen":"IRONCLAD","items_purchased":["Anchor","Oddly Smooth Stone","Metallicize","Lantern","Heavy Blade"],"campfire_rested":4,"item_purchase_floors":[7,20,20,24,24],"current_hp_per_floor":[70,75,75,75,73,73,73,67,67,57,53,53,53,53,53,49,76,62,45,45,45,45,15,15,11,11,11,9,34,34,25,50,2,64,64,64,64,42,42,22,17,42,42,30,30,20,18,16,41,0],"gold":687,"neow_bonus":"BOSS_RELIC","is_prod":false,"is_daily":false,"chose_seed":false,"campfire_upgraded":4,"win_rate":0,"timestamp":1548710726,"path_taken":["M","M","?","?","?","R","$","E","T","E","M","R","?","M","R","BOSS","M","M","$","?","M","E","$","M","T","M","E","R","?","M","R","BOSS","M","?","M","M","?","E","M","R","T","E","R","E","?","M","R","BOSS"],"build_version":"2019-01-23","purchased_purges":2,"victory":false,"max_hp_per_floor":[80,85,85,85,85,85,85,92,92,92,92,92,85,85,85,85,85,85,85,85,85,85,85,85,85,85,85,85,85,85,85,85,85,85,85,85,85,85,85,85,85,85,85,85,85,85,85,85,85,85],"card_choices":[{"not_picked":["Body Slam","Flex"],"picked":"Disarm","floor":1},{"not_picked":["Dropkick","Fire Breathing"],"picked":"Clothesline","floor":2},{"not_picked":["Second Wind","Cleave"],"picked":"Twin Strike","floor":5},{"not_picked":["Cleave","Dropkick"],"picked":"Inflame","floor":8},{"not_picked":["Combust","Body Slam"],"picked":"Double Tap","floor":10},{"not_picked":["Sever Soul","Feel No Pain"],"picked":"Evolve","floor":11},{"not_picked":["Blood for Blood","Warcry"],"picked":"True Grit","floor":14},{"not_picked":["Barricade","Fiend Fire"],"picked":"Limit Break","floor":16},{"not_picked":["Rupture","Iron Wave"],"picked":"Wild Strike","floor":18},{"not_picked":["Armaments","Havoc+1"],"picked":"Heavy Blade","floor":19},{"not_picked":["Anger+1","Sever Soul"],"picked":"Shrug It Off","floor":22},{"not_picked":["Twin Strike","Juggernaut"],"picked":"True Grit","floor":23},{"not_picked":["Twin Strike","Seeing Red+1"],"picked":"Shrug It Off+1","floor":25},{"not_picked":["Headbutt","Havoc+1"],"picked":"True Grit+1","floor":27},{"not_picked":["Anger","Battle Trance+1"],"picked":"Cleave","floor":28},{"not_picked":["Clash+1","Havoc+1"],"picked":"Flex+1","floor":30},{"not_picked":["Cleave+1","Sword Boomerang+1"],"picked":"Shockwave+1","floor":31},{"not_picked":["Brutality","Limit Break+1"],"picked":"Immolate+1","floor":33},{"not_picked":[],"picked":"Shrug It Off+1","floor":35},{"not_picked":[],"picked":"Forethought+1","floor":36},{"not_picked":["Hemokinesis+1"],"picked":"SKIP","floor":37},{"not_picked":[],"picked":"Heavy Blade+1","floor":38},{"not_picked":[],"picked":"Warcry+1","floor":40},{"not_picked":[],"picked":"Whirlwind+1","floor":41},{"not_picked":[],"picked":"Headbutt+1","floor":44},{"not_picked":["Searing Blow+1"],"picked":"SKIP","floor":46},{"not_picked":["Clothesline+1"],"picked":"SKIP","floor":48}],"player_experience":373675,"relics_obtained":[{"floor":8,"key":"Strawberry"},{"floor":9,"key":"Bottled Lightning"},{"floor":10,"key":"Self Forming Clay"},{"floor":23,"key":"Toxic Egg 2"},{"floor":26,"key":"Thread and Needle"},{"floor":28,"key":"Molten Egg 2"},{"floor":30,"key":"Red Mask"},{"floor":39,"key":"Nunchaku"},{"floor":40,"key":"Matryoshka"},{"floor":43,"key":"Red Skull"},{"floor":44,"key":"Orichalcum"},{"floor":46,"key":"Blood Vial"},{"floor":47,"key":"Ginger"}],"event_choices":[{"damage_healed":0,"gold_gain":175,"player_choice":"AGREE","damage_taken":0,"max_hp_gain":0,"max_hp_loss":0,"event_name":"Liars Game","floor":3,"gold_loss":0,"cards_obtained":["Doubt"]},{"damage_healed":0,"gold_gain":0,"player_choice":"Rummage","damage_taken":0,"relics_obtained":["WarpedTongs"],"max_hp_gain":0,"max_hp_loss":0,"event_name":"Accursed Blacksmith","floor":4,"gold_loss":0,"cards_obtained":["Pain"]},{"damage_healed":0,"gold_gain":0,"player_choice":"Lose Max HP","damage_taken":0,"relics_obtained":["Golden Idol"],"max_hp_gain":0,"max_hp_loss":7,"event_name":"Golden Idol","floor":13,"gold_loss":0},{"damage_healed":0,"gold_gain":99,"player_choice":"Stole From Cult","damage_taken":0,"max_hp_gain":0,"max_hp_loss":0,"event_name":"Nest","floor":21,"gold_loss":0},{"damage_healed":0,"gold_gain":0,"player_choice":"Fought Bandits","damage_taken":0,"max_hp_gain":0,"max_hp_loss":0,"event_name":"Masked Bandits","floor":30,"gold_loss":0},{"damage_healed":0,"gold_gain":0,"player_choice":"Memory 1","damage_taken":0,"max_hp_gain":0,"max_hp_loss":0,"event_name":"SensoryStone","floor":36,"gold_loss":0},{"damage_healed":0,"gold_gain":0,"player_choice":"Fight","damage_taken":0,"max_hp_gain":0,"max_hp_loss":0,"event_name":"MindBloom","floor":39,"gold_loss":0},{"damage_healed":0,"gold_gain":0,"player_choice":"Fight","damage_taken":0,"max_hp_gain":0,"max_hp_loss":0,"event_name":"Mysterious Sphere","floor":47,"gold_loss":0}],"is_beta":false,"boss_relics":[{"not_picked":["Snecko Eye","Cursed Key"],"picked":"Mark of Pain"},{"not_picked":["Orrery","Empty Cage"],"picked":"Busted Crown"}],"items_purged_floors":[7,20],"is_endless":false,"potions_floor_spawned":[1,2,8,11,19,22,25,27,28,33,37,39,46,48],"killed_by":"Time Eater","ascension_level":7}