{"gold_per_floor":[113,113,124,124,145,145,145,164,187,187,187,187,207,276,276,374,374,387,150,169,183,183,183,208,208,234,234,234,134,150,164,164,253,253,267,142,142,162,162,162,188,188,188,188,208,208,208,208],"floor_reached":48,"playtime":2732,"items_purged":["Strike_R","Strike_R","Strike_R"],"score":838,"play_id":"ffb08fca-e7ed-4874-9ca3-581f3571ebd7","local_time":"20190121235652","is_ascension_mode":true,"campfire_choices":[{"data":"Carnage","floor":7,"key":"SMITH"},{"data":"Inflame","floor":10,"key":"SMITH"},{"data":"True Grit","floor":12,"key":"SMITH"},{"data":"Uppercut","floor":15,"key":"SMITH"},{"data":"Body Slam","floor":23,"key":"SMITH"},{"data":"Shockwave","floor":25,"key":"SMITH"},{"data":"Inflame","floor":28,"key":"SMITH"},{"data":"Anger","floor":32,"key":"SMITH"},{"data":"Iron Wave","floor":40,"key":"SMITH"},{"data":"Iron Wave","floor":42,"key":"SMITH"},{"data":"Defend_R","floor":44,"key":"SMITH"},{"data":"Defend_R","floor":46,"key":"SMITH"}],"neow_cost":"NONE","seed_source_timestamp":971325097425582,"circlet_count":0,"master_deck":["AscendersBane","Strike_R","Defend_R","Defend_R","Defend_R+1","Defend_R+1","True Grit+1","Clash","Anger+1","Carnage+1","Inflame+1","Iron Wave+1","Uppercut+1","Impervious","Shockwave+1","Inflame+1","Body Slam+1","Shrug It Off+1","Iron Wave+1","Hemokinesis+1"],"relics":["Burning Blood","Omamori","Golden Idol","Dream Catcher","Mercury Hourglass","Tiny Chest","Sozu","Happy Flower","Gremlin Horn","Vajra","Shuriken","Eternal Feather","Red Skull","Du-Vu Doll"],"potions_floor_usage":[14,24,48],"damage_taken":[{"damage":6,"enemies":"2 Louse","floor":1,"turns":3},{"damage":2,"enemies":"Jaw Worm","floor":3,"turns":3},{"damage":1,"enemies":"Cultist","floor":5,"turns":3},{"damage":14,"enemies":"Exordium Thugs","floor":8,"turns":5},{"damage":0,"enemies":"Red Slaver","floor":13,"turns":4},{"damage":6,"enemies":"3 Sentries","floor":14,"turns":5},{"damage":3,"enemies":"Slime Boss","floor":16,"turns":5},{"damage":12,"enemies":"2 Thieves","floor":18,"turns":3},{"damage":0,"enemies":"Chosen","floor":20,"turns":2},{"damage":0,"enemies":"Centurion and Healer","floor":21,"turns":4},{"damage":14,"enemies":"Snecko","floor":24,"turns":5},{"damage":18,"enemies":"Shelled Parasite and Fungi","floor":30,"turns":4},{"damage":4,"enemies":"Snake Plant","floor":31,"turns":3},{"damage":39,"enemies":"Collector","floor":33,"turns":8},{"damage":15,"enemies":"3 Darklings","floor":35,"turns":4},{"damage":16,"enemies":"Orb Walker","floor":38,"turns":4},{"damage":13,"enemies":"Spire Growth","floor":45,"turns":5},{"damage":78,"enemies":"Donu and Deca","floor":48,"turns":6}],"seed_played":"-4851264260138696979","potions_obtained":[{"floor":5,"key":"BloodPotion"},{"floor":8,"key":"Swift Potion"},{"floor":13,"key":"Block Potion"},{"floor":16,"key":"Poison Potion"}],"is_trial":false,"path_per_floor":["M","?","M","?","M","$","R","M","T","R","T","R","M","E","R","B",null,"M","$","M","M","T","R","M","R","T","?","R","$","M","M","R","B",null,"M","$","?","M","?","R","T","R","T","R","M","R","?","B"],"character_chosen":"IRONCLAD","items_purchased":["Happy Flower"],"campfire_rested":0,"item_purchase_floors":[19],"current_hp_per_floor":[68,68,72,72,75,75,75,67,67,67,67,67,73,73,73,75,75,69,69,75,75,75,75,67,67,67,67,67,67,55,57,57,24,62,53,53,53,43,43,52,52,61,61,70,63,71,71,0],"gold":208,"neow_bonus":"RANDOM_COMMON_RELIC","is_prod":false,"is_daily":false,"chose_seed":false,"campfire_upgraded":12,"win_rate":0,"timestamp":1548143812,"path_taken":["M","?","M","?","M","$","R","?","T","R","?","R","?","E","R","BOSS","M","?","?","M","?","R","M","R","T","?","R","?","M","?","R","BOSS","M","$","?","M","?","R","?","R","T","R","M","R","?","BOSS"],"build_version":"2019-01-17v2","purchased_purges":3,"victory":false,"max_hp_per_floor":[75,75,75,75,75,75,75,75,75,75,75,75,75,75,75,75,75,75,75,75,75,75,75,75,75,75,75,75,75,75,75,75,75,75,75,75,71,71,71,71,71,71,71,71,71,71,71,71],"card_choices":[{"not_picked":["Wild Strike","Rage"],"picked":"True Grit","floor":1},{"not_picked":["Cleave","Wild Strike"],"picked":"Anger","floor":3},{"not_picked":["Bloodletting","Juggernaut"],"picked":"Carnage","floor":5},{"not_picked":["Thunderclap","Rampage"],"picked":"Inflame","floor":8},{"not_picked":["Pommel Strike","Sentinel"],"picked":"Iron Wave","floor":13},{"not_picked":["Anger","Warcry"],"picked":"Uppercut","floor":14},{"not_picked":["Immolate","Bludgeon"],"picked":"Impervious","floor":16},{"not_picked":["Clash","Clothesline"],"picked":"Shockwave","floor":18},{"not_picked":["Cleave","Dual Wield"],"picked":"Inflame","floor":20},{"not_picked":["Cleave","Body Slam","Warcry"],"picked":"SKIP","floor":21},{"not_picked":["Cleave","Warcry"],"picked":"Body Slam","floor":21},{"not_picked":["Headbutt","Wild Strike","True Grit"],"picked":"SKIP","floor":24},{"not_picked":["Clash","True Grit"],"picked":"Shrug It Off+1","floor":30},{"not_picked":["Anger+1","Burning Pact"],"picked":"Iron Wave","floor":31},{"not_picked":["Second Wind","Evolve","Warcry"],"picked":"SKIP","floor":35},{"not_picked":["Power Through","Disarm","Wild Strike"],"picked":"SKIP","floor":38},{"not_picked":["Warcry","Perfected Strike"],"picked":"Hemokinesis+1","floor":45}],"player_experience":464766,"relics_obtained":[{"floor":9,"key":"Dream Catcher"},{"floor":11,"key":"Mercury Hourglass"},{"floor":14,"key":"Tiny Chest"},{"floor":22,"key":"Gremlin Horn"},{"floor":26,"key":"Vajra"},{"floor":41,"key":"Red Skull"},{"floor":43,"key":"Du-Vu Doll"}],"event_choices":[{"damage_healed":0,"gold_gain":0,"cards_transformed":["Strike_R"],"player_choice":"Change","damage_taken":0,"max_hp_gain":0,"max_hp_loss":0,"event_name":"Living Wall","floor":2,"gold_loss":0,"cards_obtained":["Clash"]},{"damage_healed":0,"gold_gain":0,"player_choice":"Take Wound","damage_taken":0,"relics_obtained":["Golden Idol"],"max_hp_gain":0,"max_hp_loss":0,"event_name":"Golden Idol","floor":4,"gold_loss":0,"cards_obtained":["Injury"]},{"damage_healed":0,"gold_gain":0,"player_choice":"Stole Relic","damage_taken":0,"relics_obtained":["Shuriken"],"max_hp_gain":0,"max_hp_loss":0,"event_name":"Addict","floor":27,"gold_loss":0,"cards_obtained":["Shame"]},{"damage_healed":0,"gold_gain":0,"player_choice":"Max HP","damage_taken":0,"max_hp_gain":0,"max_hp_loss":4,"event_name":"Winding Halls","floor":37,"gold_loss":0},{"cards_removed":["Bash"],"damage_healed":0,"gold_gain":0,"player_choice":"Removed Attack","damage_taken":0,"max_hp_gain":0,"max_hp_loss":0,"event_name":"Falling","floor":39,"gold_loss":0},{"damage_healed":0,"gold_gain":0,"player_choice":"Took Portal","damage_taken":0,"max_hp_gain":0,"max_hp_loss":0,"event_name":"SecretPortal","floor":47,"gold_loss":0}],"is_beta":false,"boss_relics":[{"not_picked":["Runic Cube","Calling Bell"],"picked":"Sozu"},{"not_picked":["Tiny House","Velvet Choker"],"picked":"Eternal Feather"}],"items_purged_floors":[19,29,36],"is_endless":false,"potions_floor_spawned":[5,8,13,16,20,24,31,33,35],"killed_by":"Donu and Deca","ascension_level":18}