{"gold_per_floor":[15,32,32,49,69,69,69,94,94,94,94,94,113,113,113,113],"floor_reached":16,"playtime":1305,"items_purged":[],"score":195,"play_id":"3e332282-caca-4ab0-ad46-da85bfa4b328","local_time":"20190126141553","is_ascension_mode":true,"campfire_choices":[{"data":"Body Slam","floor":6,"key":"SMITH"},{"data":"Rampage","floor":10,"key":"SMITH"},{"floor":12,"key":"REST"},{"data":"Feed","floor":15,"key":"SMITH"}],"neow_cost":"NO_GOLD","seed_source_timestamp":1369891375245216,"circlet_count":0,"master_deck":["AscendersBane","Strike_R","Strike_R","Defend_R","Defend_R","Defend_R","Defend_R","Bash","Rampage+1","Sever Soul","Body Slam+1","Feed+1"],"relics":["Burning Blood","Vajra","Bottled Flame"],"potions_floor_usage":[8,16,16],"damage_taken":[{"damage":1,"enemies":"2 Louse","floor":1,"turns":3},{"damage":0,"enemies":"Cultist","floor":2,"turns":2},{"damage":2,"enemies":"Jaw Worm","floor":4,"turns":3},{"damage":19,"enemies":"Lots of Slimes","floor":5,"turns":5},{"damage":56,"enemies":"Gremlin Nob","floor":8,"turns":5},{"damage":16,"enemies":"Blue Slaver","floor":13,"turns":4},{"damage":59,"enemies":"Hexaghost","floor":16,"turns":9}],"seed_played":"7794215651788570425","potions_obtained":[{"floor":4,"key":"EssenceOfSteel"},{"floor":5,"key":"Regen Potion"},{"floor":13,"key":"BloodPotion"}],"is_trial":false,"path_per_floor":["M","M","?","M","M","R","$","E","T","R","$","R","M","?","R","B"],"character_chosen":"IRONCLAD","items_purchased":[],"campfire_rested":1,"item_purchase_floors":[],"current_hp_per_floor":[73,75,75,75,62,62,62,26,26,26,26,48,41,46,46,0],"gold":113,"neow_bonus":"TRANSFORM_TWO_CARDS","is_prod":false,"is_daily":false,"chose_seed":false,"campfire_upgraded":3,"win_rate":0,"timestamp":1548540953,"path_taken":["M","M","?","?","M","R","?","E","T","R","$","R","M","?","R","BOSS"],"build_version":"2019-01-23","purchased_purges":0,"victory":false,"max_hp_per_floor":[75,75,75,75,75,75,75,75,75,75,75,75,78,83,83,83],"card_choices":[{"not_picked":["Sword Boomerang","Rage","Reckless Charge"],"picked":"SKIP","floor":1},{"not_picked":["Warcry","True Grit"],"picked":"Body Slam","floor":2},{"not_picked":["Power Through","Flex","Entrench"],"picked":"SKIP","floor":4},{"not_picked":["Body Slam","Thunderclap","Havoc"],"picked":"SKIP","floor":5},{"not_picked":["Juggernaut","Cleave"],"picked":"Feed","floor":8},{"not_picked":["Sword Boomerang","Warcry","Feel No Pain"],"picked":"SKIP","floor":13}],"player_experience":492475,"relics_obtained":[{"floor":8,"key":"Vajra"},{"floor":9,"key":"Bottled Flame"}],"event_choices":[{"cards_removed":["Strike_R"],"damage_healed":0,"gold_gain":0,"player_choice":"Offered Basic","damage_taken":0,"max_hp_gain":0,"max_hp_loss":0,"event_name":"Bonfire Elementals","floor":3,"gold_loss":0},{"damage_healed":0,"gold_gain":0,"player_choice":"Donut","damage_taken":0,"max_hp_gain":5,"max_hp_loss":0,"event_name":"Big Fish","floor":14,"gold_loss":0}],"is_beta":false,"boss_relics":[],"items_purged_floors":[],"is_endless":false,"potions_floor_spawned":[4,5,13],"killed_by":"Hexaghost","ascension_level":19}