{"gold_per_floor":[113,38,38,58,72,72,130,130,130,130,156,167,177,177,177,177],"floor_reached":16,"playtime":432,"items_purged":["Strike_R"],"score":150,"play_id":"aa1b3652-5b60-43d3-ad0a-72cf85a94e63","local_time":"20181122000903","is_ascension_mode":true,"campfire_choices":[{"data":"Anger","floor":6,"key":"SMITH"},{"data":"Disarm","floor":8,"key":"SMITH"},{"data":"Bash","floor":10,"key":"SMITH"},{"data":"Iron Wave","floor":15,"key":"SMITH"}],"neow_cost":"TEN_PERCENT_HP_LOSS","seed_source_timestamp":20058504543239,"circlet_count":0,"master_deck":["AscendersBane","Strike_R","Strike_R","Defend_R","Defend_R","Defend_R","Defend_R","Bash+1","Disarm+1","Ghostly Armor","Anger+1","Iron Wave+1","Impervious","Body Slam+1"],"relics":["Burning Blood","Bag of Preparation","Molten Egg 2","Bottled Lightning","Mummified Hand"],"potions_floor_usage":[7,11,11,16],"damage_taken":[{"damage":0,"enemies":"2 Louse","floor":1,"turns":4},{"damage":0,"enemies":"Small Slimes","floor":4,"turns":4},{"damage":5,"enemies":"Jaw Worm","floor":5,"turns":4},{"damage":15,"enemies":"Gremlin Nob","floor":7,"turns":4},{"damage":29,"enemies":"Gremlin Nob","floor":11,"turns":5},{"damage":10,"enemies":"Exordium Thugs","floor":12,"turns":7},{"damage":5,"enemies":"Blue Slaver","floor":13,"turns":4},{"damage":64,"enemies":"Slime Boss","floor":16,"turns":13}],"seed_played":"1459549206096181528","potions_obtained":[{"floor":1,"key":"Regen Potion"},{"floor":4,"key":"Fruit Juice"},{"floor":7,"key":"SpeedPotion"},{"floor":12,"key":"Block Potion"}],"is_trial":false,"path_per_floor":["M","$","?","M","M","R","?","R","T","R","E","M","M","T","R","B"],"character_chosen":"IRONCLAD","items_purchased":[],"campfire_rested":0,"item_purchase_floors":[],"current_hp_per_floor":[72,72,77,77,77,77,73,73,73,73,62,58,59,59,59,0],"gold":177,"neow_bonus":"TRANSFORM_TWO_CARDS","is_prod":false,"is_daily":false,"chose_seed":false,"campfire_upgraded":4,"win_rate":0,"timestamp":1542845343,"path_taken":["M","$","?","M","M","R","?","R","T","R","E","M","M","?","R","BOSS"],"build_version":"2018-11-15","purchased_purges":1,"victory":false,"max_hp_per_floor":[72,72,77,77,77,77,82,82,82,82,82,82,82,82,82,82],"card_choices":[{"not_picked":["Havoc","Combust"],"picked":"Anger","floor":1},{"not_picked":["Pummel","Combust"],"picked":"Iron Wave","floor":4},{"not_picked":["Flex","Blood for Blood","Pummel"],"picked":"SKIP","floor":5},{"not_picked":["Rampage+1","Searing Blow+1"],"picked":"Impervious","floor":11},{"not_picked":["Clash+1","Twin Strike+1"],"picked":"Body Slam+1","floor":12},{"not_picked":["Perfected Strike+1","Evolve","Cleave+1"],"picked":"SKIP","floor":13}],"player_experience":197660,"relics_obtained":[{"floor":7,"key":"Bag of Preparation"},{"floor":9,"key":"Molten Egg 2"},{"floor":11,"key":"Bottled Lightning"},{"floor":14,"key":"Mummified Hand"}],"event_choices":[{"damage_healed":0,"gold_gain":0,"player_choice":"Donut","damage_taken":0,"max_hp_gain":5,"max_hp_loss":0,"event_name":"Big Fish","floor":3,"gold_loss":0},{"damage_healed":0,"gold_gain":0,"player_choice":"Searched \u00271\u0027 times","damage_taken":0,"max_hp_gain":0,"max_hp_loss":0,"event_name":"Dead Adventurer","floor":7,"gold_loss":0}],"is_beta":false,"boss_relics":[],"items_purged_floors":[2],"is_endless":false,"potions_floor_spawned":[1,4,7,12],"killed_by":"Slime Boss","ascension_level":10}