{"gold_per_floor":[116,129,52,69,69,69,96,110,110,10,21,54,54,54,54,152,152,170,170,180,33,47,47,73,73,73,90,110,135,85,105,105,200,200,219,229,329,341,351,376,476,489,489,489,501,513,525,66,66,66],"floor_reached":51,"playtime":6964,"items_purged":["Strike_G"],"score":710,"play_id":"f4af7c88-e368-4242-8367-8d79ca757d69","local_time":"20190204174315","is_ascension_mode":false,"campfire_choices":[{"data":"Infinite Blades","floor":6.0,"key":"SMITH"},{"floor":15.0,"key":"REST"},{"floor":23.0,"key":"REST"},{"floor":25.0,"key":"REST"},{"floor":32.0,"key":"REST"},{"floor":44,"key":"REST"},{"floor":49,"key":"REST"}],"neow_cost":"NONE","seed_source_timestamp":0,"circlet_count":0,"master_deck":["Defend_G","Defend_G","Defend_G","Defend_G","Defend_G","Strike_G","Strike_G","Strike_G","Survivor","Neutralize","Backflip","Quick Slash","Caltrops","Infinite Blades+1","Acrobatics","Bouncing Flask","Deadly Poison","Well Laid Plans","Caltrops","Blur","Malaise","Dagger Spray+1","Envenom","Footwork","Noxious Fumes+1","Backflip","Footwork+1","Backstab","Skewer+1","After Image","Die Die Die","Dodge and Roll+1","Bane+1","Caltrops+1","PiercingWail+1","Blade Dance","Noxious Fumes+1","Infinite Blades","Acrobatics","Backflip","Mayhem","Escape Plan"],"special_seed":0,"relics":["Ring of the Snake","Lantern","Mummified Hand","Ornamental Fan","Fusion Hammer","Bag of Preparation","Gremlin Horn","Darkstone Periapt","WristBlade","Singing Bowl","StoneCalendar","Blue Candle","Lee\u0027s Waffle"],"potions_floor_usage":[50,50,50],"damage_taken":[{"damage":0.0,"enemies":"Cultist","floor":1.0,"turns":5.0},{"damage":5.0,"enemies":"Small Slimes","floor":2.0,"turns":4.0},{"damage":0.0,"enemies":"2 Louse","floor":4.0,"turns":3.0},{"damage":23.0,"enemies":"3 Sentries","floor":7.0,"turns":8.0},{"damage":9.0,"enemies":"Lots of Slimes","floor":8.0,"turns":4.0},{"damage":11.0,"enemies":"Large Slime","floor":11.0,"turns":7.0},{"damage":20.0,"enemies":"Gremlin Nob","floor":12.0,"turns":4.0},{"damage":0.0,"enemies":"3 Louse","floor":14.0,"turns":1.0},{"damage":23.0,"enemies":"The Guardian","floor":16.0,"turns":9.0},{"damage":0.0,"enemies":"Spheric Guardian","floor":18.0,"turns":5.0},{"damage":0.0,"enemies":"Chosen","floor":20.0,"turns":5.0},{"damage":13.0,"enemies":"Sentry and Sphere","floor":22.0,"turns":7.0},{"damage":19.0,"enemies":"Gremlin Leader","floor":24.0,"turns":7.0},{"damage":13.0,"enemies":"Shelled Parasite and Fungi","floor":27.0,"turns":3.0},{"damage":0.0,"enemies":"Snake Plant","floor":28.0,"turns":4.0},{"damage":15.0,"enemies":"Book of Stabbing","floor":29.0,"turns":5.0},{"damage":0.0,"enemies":"Snecko","floor":31.0,"turns":4.0},{"damage":1.0,"enemies":"Collector","floor":33.0,"turns":8.0},{"damage":3,"enemies":"Orb Walker","floor":35,"turns":3},{"damage":1,"enemies":"3 Darklings","floor":36,"turns":3},{"damage":0,"enemies":"4 Shapes","floor":38,"turns":4},{"damage":0,"enemies":"Sphere and 2 Shapes","floor":39,"turns":3},{"damage":30,"enemies":"Giant Head","floor":40,"turns":8},{"damage":0,"enemies":"Mind Bloom Boss Battle","floor":41,"turns":4},{"damage":15,"enemies":"Spire Growth","floor":42,"turns":5},{"damage":4,"enemies":"Transient","floor":45,"turns":5},{"damage":18,"enemies":"Sphere and 2 Shapes","floor":46,"turns":5},{"damage":10,"enemies":"Writhing Mass","floor":47,"turns":6},{"damage":75,"enemies":"Awakened One","floor":50,"turns":11}],"seed_played":"-7055647531026643813","potions_obtained":[{"floor":2.0,"key":"Energy Potion"},{"floor":8.0,"key":"SmokeBomb"},{"floor":11.0,"key":"SteroidPotion"},{"floor":12.0,"key":"Poison Potion"},{"floor":18.0,"key":"FairyPotion"},{"floor":20.0,"key":"SkillPotion"},{"floor":22.0,"key":"EssenceOfSteel"},{"floor":31.0,"key":"Dexterity Potion"},{"floor":41,"key":"Poison Potion"},{"floor":47,"key":"Regen Potion"}],"is_trial":false,"path_per_floor":["M","M","$","M","?","R","E","M","T","$","M","E","?","M","R","B",null,"M","?","M","$","M","R","E","R","T","M","M","E","$","M","R","B",null,"M","M","?","M","M","E","?","M","T","R","M","M","M","$","R","B",null],"character_chosen":"THE_SILENT","items_purchased":["Caltrops","Deadly Poison","Well Laid Plans","Footwork","Energy Potion","Lee\u0027s Waffle","Mayhem","Escape Plan"],"campfire_rested":6,"item_purchase_floors":[3,10,10,21,30,48,48,48],"current_hp_per_floor":[77,72,72,72,72,72,49,40,40,40,29,9,9,9,32,9,77,77,77,77,77,64,77,58,77,77,64,64,49,49,49,72,71,77,74,73,73,73,73,43,43,28,28,51,47,29,19,84,84,24],"gold":66,"neow_bonus":"TEN_PERCENT_HP_BONUS","is_prod":false,"is_daily":false,"chose_seed":false,"campfire_upgraded":1,"win_rate":0.0,"timestamp":1549330995,"path_taken":["M","M","?","M","?","R","E","M","T","$","M","E","?","?","R","BOSS","M","?","M","$","M","R","E","R","T","M","M","E","$","M","R","BOSS","M","M","?","?","M","E","?","M","T","R","M","M","M","$","R","BOSS"],"build_version":"2019-01-23","purchased_purges":1,"victory":true,"max_hp_per_floor":[77,77,77,77,77,77,77,77,77,77,77,77,77,77,77,77,77,77,77,77,77,77,77,77,77,77,77,77,77,77,77,77,77,77,77,77,77,77,77,77,77,77,77,77,77,77,77,84,84,84],"card_choices":[{"not_picked":["Outmaneuver","PiercingWail"],"picked":"Backflip","floor":1.0},{"not_picked":["Underhanded Strike","Unload"],"picked":"Quick Slash","floor":2.0},{"not_picked":["Endless Agony","Reflex"],"picked":"Infinite Blades","floor":4.0},{"not_picked":["Prepared","Bane"],"picked":"Acrobatics","floor":7.0},{"not_picked":["Acrobatics","Poisoned Stab"],"picked":"Bouncing Flask","floor":8.0},{"not_picked":["Underhanded Strike","Reflex"],"picked":"Caltrops","floor":11.0},{"not_picked":["Caltrops","Tactician"],"picked":"Blur","floor":12.0},{"not_picked":["Envenom","Bullet Time"],"picked":"Malaise","floor":16.0},{"not_picked":["Outmaneuver","Slice+1"],"picked":"Dagger Spray+1","floor":18.0},{"not_picked":["Deadly Poison","Flying Knee"],"picked":"Envenom","floor":20.0},{"not_picked":["Blur","Dash+1"],"picked":"Noxious Fumes+1","floor":22.0},{"not_picked":["Sucker Punch","Backstab"],"picked":"Backflip","floor":24.0},{"not_picked":["Prepared","Quick Slash"],"picked":"Footwork+1","floor":27.0},{"not_picked":["Flying Knee","Masterful Stab"],"picked":"Backstab","floor":28.0},{"not_picked":["All Out Attack","Acrobatics"],"picked":"Skewer+1","floor":29.0},{"not_picked":["Blade Dance","Riddle With Holes"],"picked":"After Image","floor":31.0},{"not_picked":["Doppelganger","Envenom"],"picked":"Die Die Die","floor":33.0},{"not_picked":["Dagger Throw","Predator+1","Masterful Stab"],"picked":"SKIP","floor":35},{"not_picked":["Deflect+1","Prepared+1"],"picked":"Dodge and Roll+1","floor":36},{"not_picked":["Sucker Punch+1","Underhanded Strike"],"picked":"Bane+1","floor":38},{"not_picked":["Dagger Throw","Leg Sweep"],"picked":"Caltrops+1","floor":39},{"not_picked":["Quick Slash","Endless Agony+1"],"picked":"PiercingWail+1","floor":40},{"not_picked":["Bouncing Flask","Eviscerate+1"],"picked":"Blade Dance","floor":41},{"not_picked":["Dash+1","Glass Knife"],"picked":"Noxious Fumes+1","floor":42},{"not_picked":["PiercingWail","Dagger Spray"],"picked":"Infinite Blades","floor":45},{"not_picked":["PiercingWail+1","Bane"],"picked":"Acrobatics","floor":46},{"not_picked":["Skewer+1","Deflect"],"picked":"Backflip","floor":47}],"player_experience":47049,"relics_obtained":[{"floor":7.0,"key":"Lantern"},{"floor":9.0,"key":"Mummified Hand"},{"floor":12.0,"key":"Ornamental Fan"},{"floor":24.0,"key":"Bag of Preparation"},{"floor":26.0,"key":"Gremlin Horn"},{"floor":29.0,"key":"Darkstone Periapt"},{"floor":40,"key":"Singing Bowl"},{"floor":41,"key":"StoneCalendar"},{"floor":43,"key":"Blue Candle"}],"event_choices":[{"damage_healed":0.0,"max_hp_gain":0.0,"max_hp_loss":0.0,"gold_gain":0.0,"event_name":"Liars Game","player_choice":"Ignored","floor":5.0,"gold_loss":0.0,"damage_taken":0.0},{"cards_removed":["Strike_G"],"damage_healed":0.0,"max_hp_gain":0.0,"max_hp_loss":0.0,"gold_gain":0.0,"event_name":"Purifier","player_choice":"Purged","floor":13.0,"gold_loss":0.0,"damage_taken":0.0},{"damage_healed":0.0,"max_hp_gain":0.0,"max_hp_loss":0.0,"gold_gain":0.0,"event_name":"Beggar","player_choice":"Ignored","floor":19.0,"gold_loss":0.0,"damage_taken":0.0},{"damage_healed":0,"gold_gain":100,"player_choice":"Pray","damage_taken":0,"max_hp_gain":0,"max_hp_loss":0,"event_name":"Golden Shrine","floor":37,"gold_loss":0},{"damage_healed":0,"gold_gain":0,"player_choice":"Fight","damage_taken":0,"max_hp_gain":0,"max_hp_loss":0,"event_name":"MindBloom","floor":41,"gold_loss":0}],"is_beta":false,"boss_relics":[{"not_picked":["Velvet Choker","Tiny House"],"picked":"Fusion Hammer"},{"not_picked":["Black Star","Philosopher\u0027s Stone"],"picked":"WristBlade"}],"items_purged_floors":[21],"is_endless":false,"potions_floor_spawned":[2,8,11,12,18,20,22,31,38,41,45,46,47],"ascension_level":0}