{"gold_per_floor":[110,121,121,121,146,146,146,146,146,190,190,211,16,51,51,147,147,162,261,274,293,293,327,29,29,29,42,81,81,8,49,49,143,206,230,243,36,36,59,77,136,179,202,202,121,142,38,62,62,62,62,62,24,62,62],"floor_reached":56,"playtime":7416,"items_purged":["Calculated Gamble"],"score":1938,"play_id":"7702741f-cf62-43a3-a40a-5f7d755fa726","local_time":"20190124002353","is_ascension_mode":true,"campfire_choices":[{"data":"Well Laid Plans","floor":6,"key":"SMITH"},{"data":"Bouncing Flask","floor":8,"key":"SMITH"},{"data":"Wraith Form v2","floor":15,"key":"SMITH"},{"floor":25,"key":"REST"},{"floor":29,"key":"REST"},{"floor":32,"key":"RECALL"},{"floor":44,"key":"REST"},{"floor":49,"key":"REST"},{"floor":52,"key":"REST"}],"neow_cost":"NONE","seed_source_timestamp":104705152875256,"circlet_count":0,"master_deck":["AscendersBane","Survivor","Neutralize","Burst","Well Laid Plans+1","Leg Sweep","After Image","All Out Attack","Bouncing Flask+1","Adrenaline","Wraith Form v2+1","Escape Plan","Deflect","Endless Agony+1","Dodge and Roll+1","Corpse Explosion+1","Sucker Punch+1","Bullet Time+1","Caltrops","Bane+1","Dodge and Roll+1","Panache","Acrobatics+1","Cloak And Dagger+1","PiercingWail+1","Envenom","Endless Agony+1","Acrobatics+1","Backflip+1","Apotheosis+1","Secret Technique+1","Good Instincts+1","Crippling Poison+1","PiercingWail+1","Blur+1","Catalyst+1","Flash of Steel+1","Escape Plan+1"],"relics":["Pandora\u0027s Box","Golden Idol","Toxic Egg 2","Molten Egg 2","Anchor","Bottled Lightning","Letter Opener","Membership Card","Centennial Puzzle","Fusion Hammer","Snake Skull","ClockworkSouvenir","Juzu Bracelet","Meat on the Bone","Bronze Scales","Regal Pillow","Tiny House","Strawberry","Mango","Pocketwatch","Frozen Eye","Ornamental Fan"],"potions_floor_usage":[36,37,55],"damage_taken":[{"damage":0,"enemies":"Cultist","floor":1,"turns":2},{"damage":1,"enemies":"2 Louse","floor":2,"turns":3},{"damage":0,"enemies":"Small Slimes","floor":5,"turns":3},{"damage":13,"enemies":"3 Sentries","floor":10,"turns":7},{"damage":0,"enemies":"Red Slaver","floor":12,"turns":5},{"damage":1,"enemies":"Gremlin Nob","floor":14,"turns":3},{"damage":2,"enemies":"Hexaghost","floor":16,"turns":8},{"damage":0,"enemies":"Chosen","floor":18,"turns":4},{"damage":0,"enemies":"3 Byrds","floor":20,"turns":2},{"damage":2,"enemies":"Snecko","floor":21,"turns":5},{"damage":3,"enemies":"Gremlin Leader","floor":23,"turns":6},{"damage":0,"enemies":"Centurion and Healer","floor":27,"turns":4},{"damage":17,"enemies":"Slavers","floor":28,"turns":3},{"damage":0,"enemies":"Gremlin Leader","floor":31,"turns":4},{"damage":4,"enemies":"Collector","floor":33,"turns":7},{"damage":0,"enemies":"3 Shapes","floor":35,"turns":4},{"damage":0,"enemies":"3 Darklings","floor":36,"turns":2},{"damage":0,"enemies":"Maw","floor":39,"turns":6},{"damage":0,"enemies":"Transient","floor":40,"turns":5},{"damage":0,"enemies":"2 Orb Walkers","floor":41,"turns":3},{"damage":0,"enemies":"Giant Head","floor":42,"turns":7},{"damage":5,"enemies":"4 Shapes","floor":46,"turns":2},{"damage":0,"enemies":"3 Darklings","floor":48,"turns":1},{"damage":8,"enemies":"Awakened One","floor":50,"turns":14},{"damage":8,"enemies":"Shield and Spear","floor":54,"turns":4},{"damage":15,"enemies":"The Heart","floor":55,"turns":7}],"seed_played":"-3649648258942977204","potions_obtained":[{"floor":2,"key":"Weak Potion"},{"floor":12,"key":"Weak Potion"},{"floor":14,"key":"LiquidBronze"},{"floor":16,"key":"Energy Potion"},{"floor":18,"key":"GhostInAJar"},{"floor":36,"key":"Poison Potion"},{"floor":41,"key":"AttackPotion"}],"is_trial":false,"path_per_floor":["M","M","?","?","M","R","?","R","T","E","T","M","$","E","R","B",null,"M","?","M","M","?","E","$","R","T","M","E","R","$","E","R","B",null,"M","M","$","?","M","M","?","E","T","R","$","M","$","M","R","B",null,"R","$","E","B",null],"character_chosen":"THE_SILENT","items_purchased":["Membership Card","ClockworkSouvenir","Juzu Bracelet","Panache","Bronze Scales","Strawberry","Apotheosis+1","Fruit Juice","Catalyst+1","Flash of Steel+1","Frozen Eye","GhostInAJar"],"campfire_rested":5,"item_purchase_floors":[13,24,24,24,30,37,37,37,45,45,47,53],"current_hp_per_floor":[63,62,62,62,62,62,62,62,62,49,49,49,49,48,48,46,60,60,60,60,58,58,55,55,65,65,65,48,65,65,65,65,61,69,69,69,81,76,76,76,90,90,90,96,96,91,91,91,96,88,94,96,96,88,73],"gold":62,"neow_bonus":"BOSS_RELIC","is_prod":false,"is_daily":false,"chose_seed":false,"campfire_upgraded":3,"win_rate":0,"timestamp":1548311033,"path_taken":["M","?","?","?","?","R","?","R","T","E","?","M","$","E","R","BOSS","M","?","M","M","?","E","$","R","T","M","E","R","$","E","R","BOSS","M","M","$","?","M","M","?","E","T","R","$","M","?","M","R","BOSS","R","$","E","BOSS"],"build_version":"2019-01-23","purchased_purges":1,"victory":true,"max_hp_per_floor":[70,70,65,65,65,65,65,65,65,65,65,65,65,65,65,65,65,65,65,65,65,65,65,65,65,65,65,65,65,65,65,65,65,70,70,70,82,82,82,82,96,96,96,96,96,96,96,96,96,96,96,96,96,96,96],"card_choices":[{"not_picked":["Riddle With Holes","Outmaneuver"],"picked":"Escape Plan","floor":1},{"not_picked":["Masterful Stab","Quick Slash"],"picked":"Deflect","floor":2},{"not_picked":["Distraction+1","Caltrops"],"picked":"Endless Agony","floor":5},{"not_picked":["Prepared+1","Masterful Stab+1"],"picked":"Dodge and Roll+1","floor":10},{"not_picked":["All Out Attack+1","Footwork"],"picked":"Corpse Explosion+1","floor":12},{"not_picked":["Backflip+1","Outmaneuver+1"],"picked":"Sucker Punch+1","floor":14},{"not_picked":["Burst+1","Storm of Steel+1"],"picked":"Bullet Time+1","floor":16},{"not_picked":["Deflect+1","Sucker Punch+1","Prepared+1"],"picked":"SKIP","floor":18},{"not_picked":["Outmaneuver+1","Backstab+1"],"picked":"Caltrops","floor":20},{"not_picked":["Underhanded Strike+1","Finisher+1"],"picked":"Bane+1","floor":21},{"not_picked":["Prepared+1","Tools of the Trade"],"picked":"Dodge and Roll+1","floor":23},{"not_picked":["Quick Slash+1","Slice+1"],"picked":"Acrobatics+1","floor":27},{"not_picked":["Slice+1","Dagger Spray+1"],"picked":"Cloak And Dagger+1","floor":28},{"not_picked":["Concentrate+1","Heel Hook+1"],"picked":"PiercingWail+1","floor":31},{"not_picked":["Die Die Die+1","Bullet Time+1"],"picked":"Envenom","floor":33},{"not_picked":["Calculated Gamble+1","Dodge and Roll+1"],"picked":"Endless Agony+1","floor":34},{"not_picked":["Quick Slash+1","PiercingWail+1"],"picked":"Acrobatics+1","floor":35},{"not_picked":["Prepared+1","Sucker Punch+1"],"picked":"Backflip+1","floor":36},{"not_picked":["Deep Breath+1","Dark Shackles+1"],"picked":"Secret Technique+1","floor":38},{"not_picked":["PanicButton+1","Swift Strike+1"],"picked":"Good Instincts+1","floor":38},{"not_picked":["Dodge and Roll+1","Cloak And Dagger+1"],"picked":"Crippling Poison+1","floor":39},{"not_picked":["Dodge and Roll+1","Eviscerate+1"],"picked":"PiercingWail+1","floor":40},{"not_picked":["Endless Agony+1","Cloak And Dagger+1"],"picked":"Blur+1","floor":41},{"not_picked":["Poisoned Stab+1","Choke+1","Dagger Throw+1"],"picked":"SKIP","floor":42},{"not_picked":["Noxious Fumes","Sucker Punch+1"],"picked":"Escape Plan+1","floor":46},{"not_picked":["Predator+1","Infinite Blades+1","Unload+1"],"picked":"SKIP","floor":48},{"not_picked":["Reflex+1","Riddle With Holes+1","Underhanded Strike+1"],"picked":"SKIP","floor":54}],"player_experience":531152,"relics_obtained":[{"floor":9,"key":"Anchor"},{"floor":10,"key":"Bottled Lightning"},{"floor":11,"key":"Letter Opener"},{"floor":14,"key":"Centennial Puzzle"},{"floor":23,"key":"Snake Skull"},{"floor":26,"key":"Meat on the Bone"},{"floor":31,"key":"Regal Pillow"},{"floor":41,"key":"Mango"},{"floor":42,"key":"Pocketwatch"},{"floor":54,"key":"Ornamental Fan"}],"event_choices":[{"damage_healed":0,"gold_gain":0,"player_choice":"Lose Max HP","damage_taken":0,"relics_obtained":["Golden Idol"],"max_hp_gain":0,"max_hp_loss":5,"event_name":"Golden Idol","floor":3,"gold_loss":0},{"damage_healed":0,"gold_gain":0,"player_choice":"Gave Potion","damage_taken":0,"relics_obtained":["Toxic Egg 2"],"max_hp_gain":0,"max_hp_loss":0,"event_name":"WeMeetAgain","floor":4,"gold_loss":0},{"damage_healed":0,"gold_gain":0,"player_choice":"Searched \u00271\u0027 times","damage_taken":0,"relics_obtained":["Molten Egg 2"],"max_hp_gain":0,"max_hp_loss":0,"event_name":"Dead Adventurer","floor":7,"gold_loss":0},{"damage_healed":0,"gold_gain":99,"player_choice":"Stole From Cult","damage_taken":0,"max_hp_gain":0,"max_hp_loss":0,"event_name":"Nest","floor":19,"gold_loss":0},{"cards_removed":["Choke"],"damage_healed":0,"gold_gain":0,"player_choice":"Elegance","damage_taken":0,"max_hp_gain":0,"max_hp_loss":0,"event_name":"Back to Basics","floor":22,"gold_loss":0},{"damage_healed":0,"gold_gain":0,"player_choice":"Memory 2","damage_taken":5,"max_hp_gain":0,"max_hp_loss":0,"event_name":"SensoryStone","floor":38,"gold_loss":0},{"damage_healed":0,"gold_gain":0,"player_choice":"Fight","damage_taken":0,"max_hp_gain":0,"max_hp_loss":0,"event_name":"Mysterious Sphere","floor":41,"gold_loss":0}],"is_beta":false,"boss_relics":[{"not_picked":["Ectoplasm","Lizard Tail"],"picked":"Fusion Hammer"},{"not_picked":["Eternal Feather","Coffee Dripper"],"picked":"Tiny House"}],"items_purged_floors":[24],"is_endless":false,"potions_floor_spawned":[2,12,14,16,18,27,31,35,36,41,54],"ascension_level":13}