{"gold_per_floor":[118,130,130,150,150,150,165,198,198,198,198,273,304,327,327,457,457,470,51,72,72,172,172,192,208,289,289,315,315,344,355,355,459,459,479,92,105,122,137,137,168,168,193,227,227,227,24,24,24,24],"floor_reached":51,"playtime":4327,"items_purged":["Terror"],"score":904,"play_id":"d27a6ac3-71fb-48c7-9619-6caec2ce8441","local_time":"20180909190742","is_ascension_mode":true,"campfire_choices":[{"data":"Footwork","floor":6,"key":"SMITH"},{"floor":10,"key":"REST"},{"data":"Bouncing Flask","floor":15,"key":"SMITH"},{"floor":23,"key":"REST"},{"data":"Apotheosis","floor":27,"key":"SMITH"},{"floor":29,"key":"REST"},{"data":"Glass Knife","floor":32,"key":"SMITH"},{"data":"Phantasmal Killer","floor":40,"key":"SMITH"},{"data":"Reflex","floor":42,"key":"PURGE"},{"floor":45,"key":"REST"},{"floor":49,"key":"REST"}],"neow_cost":"NONE","seed_source_timestamp":932280723047210,"circlet_count":0,"master_deck":["Survivor","Neutralize","Die Die Die","Bouncing Flask+1","Footwork+1","Well Laid Plans","Predator","Poisoned Stab","Glass Knife+1","Bane","Die Die Die+1","Apotheosis+1","Blur","Blur","Backflip","Phantasmal Killer+1","Infinite Blades","Dodge and Roll","Dodge and Roll","Terror","Flechettes+1","Cloak And Dagger","Acrobatics","Cloak And Dagger","Deflect","PiercingWail+1","Deadly Poison","Bouncing Flask+1","Blur","Crippling Poison","Leg Sweep","Catalyst","Footwork+1"],"relics":["Ring of the Snake","Bloody Idol","Blood Vial","Singing Bowl","Ninja Scroll","Ginger","Velvet Choker","Kunai","Peace Pipe","Darkstone Periapt","Bottled Tornado","Dodecahedron","Sundial","Pandora\u0027s Box","Whetstone","Orichalcum","Bag of Preparation","Dream Catcher","Juzu Bracelet","Torii","DollysMirror"],"potions_floor_usage":[16,20,25,33,33,41,50,50,50,50,50,50],"damage_taken":[{"damage":1,"enemies":"Small Slimes","floor":1,"turns":4},{"damage":0,"enemies":"2 Louse","floor":2,"turns":1},{"damage":0,"enemies":"Cultist","floor":4,"turns":4},{"damage":0,"enemies":"Large Slime","floor":7,"turns":5},{"damage":22,"enemies":"3 Sentries","floor":8,"turns":10},{"damage":26,"enemies":"Lagavulin","floor":13,"turns":6},{"damage":1,"enemies":"3 Louse","floor":14,"turns":3},{"damage":16,"enemies":"Hexaghost","floor":16,"turns":8},{"damage":7,"enemies":"3 Byrds","floor":18,"turns":4},{"damage":4,"enemies":"Spheric Guardian","floor":20,"turns":4},{"damage":11,"enemies":"Colosseum Slavers","floor":22,"turns":4},{"damage":36,"enemies":"Colosseum Nobs","floor":22,"turns":5},{"damage":4,"enemies":"3 Cultists","floor":24,"turns":3},{"damage":7,"enemies":"Centurion and Healer","floor":25,"turns":5},{"damage":18,"enemies":"Slavers","floor":28,"turns":5},{"damage":4,"enemies":"Gremlin Leader","floor":30,"turns":7},{"damage":11,"enemies":"Cultist and Chosen","floor":31,"turns":5},{"damage":34,"enemies":"Collector","floor":33,"turns":8},{"damage":15,"enemies":"3 Shapes","floor":35,"turns":4},{"damage":1,"enemies":"Orb Walker","floor":37,"turns":4},{"damage":0,"enemies":"Sphere and 2 Shapes","floor":38,"turns":6},{"damage":0,"enemies":"Maw","floor":39,"turns":6},{"damage":36,"enemies":"2 Orb Walkers","floor":41,"turns":5},{"damage":34,"enemies":"Nemesis","floor":44,"turns":9},{"damage":8,"enemies":"Mind Bloom Boss Battle","floor":46,"turns":4},{"damage":71,"enemies":"Awakened One","floor":50,"turns":16}],"seed_played":"-6343579083500903265","potions_obtained":[{"floor":1,"key":"SteroidPotion"},{"floor":4,"key":"Weak Potion"},{"floor":13,"key":"Dexterity Potion"},{"floor":14,"key":"Ancient Potion"},{"floor":18,"key":"Energy Potion"},{"floor":24,"key":"Strength Potion"},{"floor":25,"key":"Explosive Potion"},{"floor":30,"key":"Dexterity Potion"},{"floor":37,"key":"EntropicBrew"},{"floor":39,"key":"Strength Potion"},{"floor":46,"key":"Fire Potion"}],"is_trial":false,"path_per_floor":["M","M","?","M","?","R","M","E","T","R","T","?","E","M","R","B",null,"M","$","M","?","?","R","M","M","T","R","E","R","E","M","R","B",null,"M","$","M","M","M","R","E","R","T","E","R","?","$","?","R","B"],"character_chosen":"THE_SILENT","items_purchased":["Apotheosis","Kunai","Whetstone","Orichalcum","Deadly Poison","DollysMirror"],"campfire_rested":5,"item_purchase_floors":[19,19,36,36,36,47],"current_hp_per_floor":[69,69,74,74,56,56,56,34,34,56,56,49,25,26,26,12,59,56,56,56,56,20,44,47,47,52,52,41,65,70,66,66,39,72,64,64,72,79,85,85,54,54,59,34,60,54,54,54,82,28],"gold":24,"neow_bonus":"ONE_RANDOM_RARE_CARD","is_prod":false,"is_daily":false,"chose_seed":false,"campfire_upgraded":5,"win_rate":0,"timestamp":1536538062,"path_taken":["M","M","?","M","?","R","?","E","T","R","?","?","E","?","R","BOSS","M","$","M","?","?","R","M","M","T","R","E","R","E","M","R","BOSS","M","$","?","M","M","R","E","R","T","E","R","?","?","?","R","BOSS"],"build_version":"2018-09-06","purchased_purges":1,"victory":true,"max_hp_per_floor":[70,70,75,75,75,75,75,75,75,75,75,75,75,75,75,75,75,77,77,79,79,81,81,81,81,81,81,81,81,83,83,83,83,83,83,83,85,85,85,85,85,85,85,87,87,87,87,87,89,89],"card_choices":[{"not_picked":["Outmaneuver","Prepared"],"picked":"Bouncing Flask","floor":1},{"not_picked":["Setup","Outmaneuver"],"picked":"Footwork","floor":2},{"not_picked":["Dagger Throw","Quick Slash"],"picked":"Well Laid Plans","floor":4},{"not_picked":["Dagger Throw","Quick Slash"],"picked":"Predator","floor":7},{"not_picked":["Eviscerate","Caltrops"],"picked":"Poisoned Stab","floor":8},{"not_picked":["Prepared","Finisher"],"picked":"Glass Knife","floor":13},{"not_picked":["Blur","Quick Slash"],"picked":"Bane","floor":14},{"not_picked":["Wraith Form v2","After Image"],"picked":"Die Die Die","floor":16},{"not_picked":["Acrobatics+1","Flying Knee","Setup"],"picked":"Singing Bowl","floor":18},{"not_picked":["Cloak And Dagger+1","Outmaneuver","Blade Dance"],"picked":"Singing Bowl","floor":20},{"not_picked":["Prepared+1","Deflect","Reflex"],"picked":"Singing Bowl","floor":22},{"not_picked":["Blade Dance","After Image"],"picked":"Terror","floor":24},{"not_picked":["Well Laid Plans","Sucker Punch+1"],"picked":"Blur","floor":25},{"not_picked":["Prepared","Underhanded Strike"],"picked":"Blur","floor":28},{"not_picked":["Cloak And Dagger","Eviscerate","Concentrate"],"picked":"Singing Bowl","floor":30},{"not_picked":["Deflect","Deadly Poison"],"picked":"Backflip","floor":31},{"not_picked":["A Thousand Cuts","Wraith Form v2"],"picked":"Phantasmal Killer","floor":33},{"not_picked":["Prepared+1","Cloak And Dagger"],"picked":"PiercingWail+1","floor":35},{"not_picked":["Outmaneuver","Slice","Prepared"],"picked":"Singing Bowl","floor":37},{"not_picked":["Poisoned Stab","Backstab"],"picked":"Bouncing Flask+1","floor":38},{"not_picked":["Acrobatics","Sucker Punch+1"],"picked":"Blur","floor":39},{"not_picked":["Blade Dance+1","Terror"],"picked":"Crippling Poison","floor":41},{"not_picked":["Setup","Outmaneuver","Sucker Punch"],"picked":"Singing Bowl","floor":44},{"not_picked":["Poisoned Stab","Deflect+1"],"picked":"Leg Sweep","floor":45},{"not_picked":["Dodge and Roll+1","Blur"],"picked":"Catalyst","floor":46},{"not_picked":["Deadly Poison","Doppelganger","Sucker Punch+1"],"picked":"Singing Bowl","floor":49}],"player_experience":281848,"relics_obtained":[{"floor":8,"key":"Blood Vial"},{"floor":9,"key":"Singing Bowl"},{"floor":11,"key":"Ninja Scroll"},{"floor":13,"key":"Ginger"},{"floor":22,"key":"Peace Pipe"},{"floor":22,"key":"Darkstone Periapt"},{"floor":26,"key":"Bottled Tornado"},{"floor":28,"key":"Dodecahedron"},{"floor":30,"key":"Sundial"},{"floor":41,"key":"Bag of Preparation"},{"floor":43,"key":"Dream Catcher"},{"floor":44,"key":"Juzu Bracelet"},{"floor":46,"key":"Torii"}],"event_choices":[{"event_name":"Big Fish","player_choice":"Donut","floor":3,"damage_taken":0},{"event_name":"Golden Idol","player_choice":"Take Damage","floor":5,"damage_taken":0},{"event_name":"FaceTrader","player_choice":"Touch","floor":12,"damage_taken":0},{"event_name":"Forgotten Altar","player_choice":"Gave Idol","floor":21,"damage_taken":0},{"event_name":"Colosseum","player_choice":"Fight","floor":22,"damage_taken":0},{"event_name":"Colosseum","player_choice":"Fought Nobs","floor":22,"damage_taken":0},{"event_name":"MindBloom","player_choice":"Fight","floor":46,"damage_taken":0},{"event_name":"Mysterious Sphere","player_choice":"Ignore","floor":48,"damage_taken":0}],"is_beta":false,"boss_relics":[{"not_picked":["Snecko Eye","Runic Dome"],"picked":"Velvet Choker"},{"not_picked":["Philosopher\u0027s Stone","Eternal Feather"],"picked":"Pandora\u0027s Box"}],"items_purged_floors":[36],"is_endless":false,"potions_floor_spawned":[1,4,13,14,18,22,24,25,30,37,39,46],"ascension_level":5}