{"gold_per_floor":[118,118,118,42,16,16,30,44,70,20,32,107,127,127,127,222,222,235,246,246,52,62,88,105,105,105,105,105,137,156,174,174,278,278,294,204,204,252,263,294,313,313,338,10,10,24,24,42,42,42],"floor_reached":51,"playtime":1496,"items_purged":["Defend_B"],"score":782,"play_id":"16484095-1f6a-4177-9d6d-160313676145","local_time":"20180901153914","is_ascension_mode":false,"campfire_choices":[{"data":"Defragment","floor":6,"key":"SMITH"},{"data":"Zap","floor":15,"key":"SMITH"},{"data":"Defragment","floor":28,"key":"SMITH"},{"data":"Conserve Battery","floor":32,"key":"SMITH"},{"data":"Defragment","floor":42,"key":"SMITH"},{"floor":49,"key":"REST"}],"neow_cost":"","seed_source_timestamp":79155857115063,"circlet_count":0,"master_deck":["Defend_B+1","Defend_B+1","Defend_B+1","Zap+1","Dualcast+1","Glacier+1","Defragment+1","Ball Lightning+1","Conserve Battery+1","Coolheaded+1","Electrodynamics+1","Defragment+1","Darkness+1","Creative AI+1","Heatsinks+1","Chill+1","Defragment+1","White Noise+1","Skim+1","Loop+1"],"relics":["Cracked Core","Vajra","Regal Pillow","Calipers","Sozu","Lee\u0027s Waffle","Whetstone","Meat on the Bone","Question Card","Dodecahedron","Runic Dome","Incense Burner","Sundial","Dream Catcher","Mummified Hand","Mark of the Bloom"],"potions_floor_usage":[18,30],"damage_taken":[{"damage":0,"enemies":"2 Louse","floor":1,"turns":2},{"damage":0,"enemies":"Small Slimes","floor":7,"turns":3},{"damage":0,"enemies":"Cultist","floor":8,"turns":2},{"damage":1,"enemies":"Looter","floor":11,"turns":4},{"damage":0,"enemies":"3 Louse","floor":13,"turns":3},{"damage":31,"enemies":"Slime Boss","floor":16,"turns":15},{"damage":6,"enemies":"Chosen","floor":18,"turns":4},{"damage":7,"enemies":"Spheric Guardian","floor":19,"turns":4},{"damage":0,"enemies":"Snecko","floor":22,"turns":5},{"damage":11,"enemies":"Gremlin Leader","floor":23,"turns":7},{"damage":16,"enemies":"Snake Plant","floor":24,"turns":3},{"damage":17,"enemies":"Book of Stabbing","floor":29,"turns":6},{"damage":0,"enemies":"3 Cultists","floor":30,"turns":3},{"damage":15,"enemies":"Snecko","floor":31,"turns":4},{"damage":7,"enemies":"Automaton","floor":33,"turns":10},{"damage":0,"enemies":"3 Shapes","floor":35,"turns":5},{"damage":10,"enemies":"Mysterious Sphere","floor":38,"turns":4},{"damage":2,"enemies":"Orb Walker","floor":39,"turns":5},{"damage":15,"enemies":"Giant Head","floor":40,"turns":8},{"damage":0,"enemies":"3 Darklings","floor":41,"turns":4},{"damage":7,"enemies":"Reptomancer","floor":46,"turns":4},{"damage":0,"enemies":"4 Shapes","floor":48,"turns":3},{"damage":0,"enemies":"Donu and Deca","floor":50,"turns":5}],"seed_played":"-4475649036230359196","potions_obtained":[{"floor":8,"key":"Weak Potion"},{"floor":16,"key":"Fire Potion"}],"is_trial":false,"path_per_floor":["M","?","?","$","$","R","M","M","T","?","M","?","M","T","R","B",null,"M","M","?","$","M","E","M","?","T","?","R","E","M","M","R","B",null,"M","?","?","?","M","E","M","R","T","$","?","M","?","M","R","B"],"character_chosen":"DEFECT","items_purchased":["Defragment","Ball Lightning","Lee\u0027s Waffle","Mummified Hand"],"campfire_rested":1,"item_purchase_floors":[4,5,21,44],"current_hp_per_floor":[75,72,65,65,65,65,65,65,65,65,64,53,53,53,53,22,75,69,62,46,82,82,71,55,55,55,55,55,50,50,47,47,52,82,82,82,82,72,70,55,62,62,62,62,62,55,55,55,55,55],"gold":42,"neow_bonus":"","is_prod":false,"is_daily":false,"chose_seed":false,"campfire_upgraded":5,"win_rate":0.0,"timestamp":1535812754,"path_taken":["M","?","?","?","$","R","M","M","T","?","?","?","M","?","R","BOSS","M","M","?","$","M","E","M","?","T","?","R","E","M","M","R","BOSS","M","?","?","?","?","E","M","R","T","$","?","M","?","?","R","BOSS"],"build_version":"2018-08-30","purchased_purges":1,"victory":true,"max_hp_per_floor":[75,75,75,75,75,75,75,75,75,75,75,75,75,75,75,75,75,75,75,75,82,82,82,82,82,82,82,82,82,82,82,82,82,82,82,82,82,82,82,82,82,82,82,82,78,78,78,78,78,78],"card_choices":[{"not_picked":["Coolheaded","Steam"],"picked":"Glacier","floor":1},{"not_picked":["Rip and Tear","Hologram"],"picked":"Conserve Battery","floor":7},{"not_picked":["Reinforced Body","Glacier"],"picked":"Coolheaded","floor":8},{"not_picked":["Hello World","Hologram","Streamline"],"picked":"SKIP","floor":11},{"not_picked":["Aggregate","Go for the Eyes","Reinforced Body"],"picked":"SKIP","floor":13},{"not_picked":["Amplify","Fission"],"picked":"Electrodynamics","floor":16},{"not_picked":["Leap","Ball Lightning","Stack"],"picked":"SKIP","floor":18},{"not_picked":["Ball Lightning","Leap","Redo"],"picked":"SKIP","floor":19},{"not_picked":["Coolheaded+1","Beam Cell"],"picked":"Defragment","floor":22},{"not_picked":["Ball Lightning","Reprogram","Amplify"],"picked":"SKIP","floor":23},{"not_picked":["Redo","Doom and Gloom+1","Streamline"],"picked":"SKIP","floor":24},{"not_picked":["Genetic Algorithm","Go for the Eyes","Doom and Gloom","Compile Driver+1"],"picked":"SKIP","floor":29},{"not_picked":["Steam","Barrage+1","Redo","Gash"],"picked":"SKIP","floor":30},{"not_picked":["Rip and Tear","Double Energy","Melter"],"picked":"Darkness+1","floor":31},{"not_picked":["Multi-Cast","Fission","Amplify"],"picked":"Creative AI","floor":33},{"not_picked":["Cold Snap","Gash","Steam Power+1"],"picked":"Heatsinks+1","floor":35},{"not_picked":["Ball Lightning","Leap+1","Compile Driver+1"],"picked":"Defragment","floor":38},{"not_picked":["Steam+1","Sweeping Beam+1","Ball Lightning+1","Beam Cell"],"picked":"SKIP","floor":39},{"not_picked":["Loop+1","Leap","Melter+1"],"picked":"White Noise+1","floor":40},{"not_picked":["Coolheaded+1","Compile Driver+1","Lockon"],"picked":"Skim+1","floor":41},{"not_picked":["Beam Cell","Lockon","Stack+1"],"picked":"Loop+1","floor":46},{"not_picked":["Ball Lightning","Hologram+1","Conserve Battery","Steam"],"picked":"SKIP","floor":48}],"player_experience":2346,"relics_obtained":[{"floor":9,"key":"Regal Pillow"},{"floor":14,"key":"Calipers"},{"floor":23,"key":"Whetstone"},{"floor":26,"key":"Question Card"},{"floor":29,"key":"Dodecahedron"},{"floor":38,"key":"Incense Burner"},{"floor":40,"key":"Sundial"},{"floor":43,"key":"Dream Catcher"}],"event_choices":[{"event_name":"Scrap Ooze","player_choice":"success","floor":2,"damage_taken":3},{"event_name":"Golden Wing","player_choice":"Card Removal","floor":3,"damage_taken":0},{"event_name":"The Cleric","player_choice":"Card Removal","floor":10,"damage_taken":0},{"event_name":"World of Goop","player_choice":"Gather Gold","floor":12,"damage_taken":0},{"event_name":"Cursed Tome","player_choice":"Obtained Book","floor":20,"damage_taken":0},{"event_name":"The Mausoleum","player_choice":"Yes","floor":25,"damage_taken":0},{"event_name":"Ghosts","player_choice":"Ignored","floor":27,"damage_taken":0},{"event_name":"Designer","player_choice":"Full Service","floor":36,"damage_taken":0},{"event_name":"Transmorgrifier","player_choice":"Transform","floor":37,"damage_taken":0},{"event_name":"Mysterious Sphere","player_choice":"Fight","floor":38,"damage_taken":0},{"event_name":"Winding Halls","player_choice":"Max HP","floor":45,"damage_taken":0},{"event_name":"MindBloom","player_choice":"Upgrade","floor":47,"damage_taken":0}],"is_beta":false,"boss_relics":[{"not_picked":["Coffee Dripper","Nuclear Battery"],"picked":"Sozu"},{"not_picked":["Eternal Feather","Fusion Hammer"],"picked":"Runic Dome"}],"items_purged_floors":[44],"is_endless":false,"potions_floor_spawned":[8,16,19,22,23,33,40,46,48],"ascension_level":0}