{"gold_per_floor":[112,112,112,78,97,125,144,144,192,192,227,237,300,310,310,408,408,423,244,244,256,273,308,308,337,337,337,337,260,291,322,334,449,461,491,262,262,272,290,290,290,290,290,308,340,340,14,114,114,114],"floor_reached":51,"playtime":3759,"items_purged":[],"score":900,"play_id":"f8285c42-54ce-4e7b-bd0e-ef04f4805be0","local_time":"20190119191408","is_ascension_mode":true,"campfire_choices":[{"data":"Bash","floor":8,"key":"SMITH"},{"data":"Inflame","floor":10,"key":"SMITH"},{"data":"Flame Barrier","floor":15,"key":"SMITH"},{"data":"Heavy Blade","floor":24,"key":"SMITH"},{"data":"Metallicize","floor":27,"key":"SMITH"},{"data":"Armaments","floor":32,"key":"SMITH"},{"data":"Heavy Blade","floor":40,"key":"SMITH"},{"data":"Flame Barrier","floor":42,"key":"SMITH"},{"floor":46,"key":"REST"},{"data":"Pummel","floor":49,"key":"SMITH"}],"neow_cost":"NONE","seed_source_timestamp":890223498760800,"circlet_count":0,"master_deck":["Strike_R","Strike_R","Strike_R","Strike_R","Strike_R","Defend_R","Defend_R","Defend_R","Defend_R","Bash+1","Shrug It Off","Metallicize+1","Inflame+1","Disarm","Flame Barrier+1","Heavy Blade+1","Armaments+1","Power Through","Headbutt","Demon Form+1","Uppercut+1","Master of Strategy","Body Slam","Pommel Strike+1","Whirlwind+1","Flame Barrier+1","Fire Breathing+1","Pummel+1","Demon Form+1","Heavy Blade+1","Uppercut+1","Entrench+1","Battle Trance+1","Power Through"],"relics":["Burning Blood","NeowsBlessing","Blood Vial","Anchor","Lantern","Mercury Hourglass","Philosopher\u0027s Stone","Orichalcum","Du-Vu Doll","Frozen Egg 2","Enchiridion","MawBank","Mark of Pain","Strawberry","Blue Candle","Oddly Smooth Stone","Bronze Scales","StoneCalendar"],"potions_floor_usage":[11,13,16,18,22,23,23,30,33,41,45,45,50,50,50],"damage_taken":[{"damage":0,"enemies":"2 Louse","floor":1,"turns":1},{"damage":0,"enemies":"Small Slimes","floor":5,"turns":1},{"damage":0,"enemies":"Gremlin Nob","floor":6,"turns":1},{"damage":2,"enemies":"Jaw Worm","floor":7,"turns":4},{"damage":10,"enemies":"Lagavulin","floor":11,"turns":7},{"damage":1,"enemies":"Lots of Slimes","floor":12,"turns":4},{"damage":29,"enemies":"Gremlin Nob","floor":13,"turns":6},{"damage":0,"enemies":"Large Slime","floor":14,"turns":7},{"damage":0,"enemies":"The Guardian","floor":16,"turns":11},{"damage":0,"enemies":"3 Byrds","floor":18,"turns":2},{"damage":8,"enemies":"2 Thieves","floor":21,"turns":4},{"damage":3,"enemies":"Centurion and Healer","floor":22,"turns":7},{"damage":18,"enemies":"Gremlin Leader","floor":23,"turns":6},{"damage":7,"enemies":"Book of Stabbing","floor":25,"turns":5},{"damage":0,"enemies":"Slavers","floor":30,"turns":2},{"damage":6,"enemies":"3 Cultists","floor":31,"turns":3},{"damage":44,"enemies":"Automaton","floor":33,"turns":11},{"damage":9,"enemies":"Orb Walker","floor":35,"turns":4},{"damage":9,"enemies":"3 Shapes","floor":38,"turns":5},{"damage":17,"enemies":"Sphere and 2 Shapes","floor":39,"turns":4},{"damage":0,"enemies":"3 Darklings","floor":41,"turns":2},{"damage":24,"enemies":"Maw","floor":44,"turns":5},{"damage":34,"enemies":"Giant Head","floor":45,"turns":7},{"damage":0,"enemies":"Mind Bloom Boss Battle","floor":48,"turns":3},{"damage":73,"enemies":"Donu and Deca","floor":50,"turns":8}],"seed_played":"634378862311550499","potions_obtained":[{"floor":5,"key":"Weak Potion"},{"floor":7,"key":"EssenceOfSteel"},{"floor":12,"key":"LiquidBronze"},{"floor":13,"key":"GamblersBrew"},{"floor":14,"key":"PowerPotion"},{"floor":16,"key":"Explosive Potion"},{"floor":21,"key":"EssenceOfSteel"},{"floor":22,"key":"Swift Potion"},{"floor":25,"key":"Weak Potion"},{"floor":30,"key":"SteroidPotion"},{"floor":38,"key":"FearPotion"},{"floor":39,"key":"PowerPotion"},{"floor":44,"key":"Dexterity Potion"}],"is_trial":false,"path_per_floor":["M","?","?","$","M","E","M","R","T","R","E","M","?","M","R","B",null,"M","$","?","M","M","E","R","E","T","R","?","$","E","M","R","B",null,"M","$","?","M","M","R","M","R","T","M","E","R","$","?","R","B",null],"character_chosen":"IRONCLAD","items_purchased":["Metallicize","Master of Strategy","Flame Barrier","Strawberry","SmokeBomb","Bronze Scales","AttackPotion","Swift Potion","Power Through"],"campfire_rested":1,"item_purchase_floors":[4,19,29,36,36,47,47,47,47],"current_hp_per_floor":[80,80,85,85,85,85,85,85,85,85,81,85,62,70,70,78,85,85,85,85,83,85,73,73,74,74,74,58,58,66,68,68,32,85,82,89,89,88,79,79,87,87,87,71,45,72,72,80,80,15],"gold":114,"neow_bonus":"THREE_ENEMY_KILL","is_prod":false,"is_daily":false,"chose_seed":false,"campfire_upgraded":9,"win_rate":0,"timestamp":1547943248,"path_taken":["M","?","?","$","M","E","M","R","T","R","E","M","?","M","R","BOSS","M","$","?","?","M","E","R","E","T","R","?","$","E","M","R","BOSS","M","$","?","M","M","R","?","R","T","M","E","R","$","?","R","BOSS"],"build_version":"2019-01-17v2","purchased_purges":0,"victory":true,"max_hp_per_floor":[80,80,85,85,85,85,85,85,85,85,85,85,85,85,85,85,85,85,85,85,85,85,85,85,85,85,85,85,85,85,85,85,85,85,85,92,92,92,92,92,92,92,92,92,92,92,92,92,92,92],"card_choices":[{"not_picked":["Wild Strike","Warcry"],"picked":"Shrug It Off","floor":1},{"not_picked":["Pommel Strike","Infernal Blade"],"picked":"Inflame","floor":5},{"not_picked":["Sword Boomerang","Wild Strike"],"picked":"Disarm","floor":6},{"not_picked":["Headbutt","Iron Wave"],"picked":"Flame Barrier","floor":7},{"not_picked":["Power Through","Flex"],"picked":"Heavy Blade","floor":11},{"not_picked":["Iron Wave","Second Wind"],"picked":"Armaments","floor":12},{"not_picked":["Sentinel","Impervious"],"picked":"Power Through","floor":13},{"not_picked":["Bloodletting","Twin Strike"],"picked":"Headbutt","floor":14},{"not_picked":["Double Tap","Dark Embrace"],"picked":"Demon Form","floor":16},{"not_picked":["Warcry","Cleave"],"picked":"Uppercut+1","floor":18},{"not_picked":["Dual Wield+1","Cleave"],"picked":"Body Slam","floor":21},{"not_picked":["Cleave","Offering"],"picked":"Pommel Strike+1","floor":22},{"not_picked":["Dropkick","Anger","Second Wind"],"picked":"SKIP","floor":23},{"not_picked":["Rampage","Seeing Red"],"picked":"Whirlwind+1","floor":25},{"not_picked":["True Grit","Heavy Blade"],"picked":"Fire Breathing+1","floor":30},{"not_picked":["Spot Weakness","Dropkick+1"],"picked":"Pummel","floor":31},{"not_picked":["Feed","Brutality+1"],"picked":"Demon Form+1","floor":33},{"not_picked":["Headbutt","Wild Strike+1"],"picked":"Heavy Blade","floor":35},{"not_picked":["Heavy Blade+1","Thunderclap"],"picked":"Uppercut+1","floor":38},{"not_picked":["Thunderclap","Shrug It Off","Clothesline"],"picked":"SKIP","floor":39},{"not_picked":["Headbutt+1","Flame Barrier"],"picked":"Entrench+1","floor":44},{"not_picked":["Whirlwind","Carnage+1"],"picked":"Battle Trance+1","floor":45}],"player_experience":50671,"relics_obtained":[{"floor":6,"key":"Blood Vial"},{"floor":9,"key":"Anchor"},{"floor":11,"key":"Lantern"},{"floor":13,"key":"Mercury Hourglass"},{"floor":23,"key":"Orichalcum"},{"floor":25,"key":"Du-Vu Doll"},{"floor":26,"key":"Frozen Egg 2"},{"floor":28,"key":"Enchiridion"},{"floor":30,"key":"MawBank"},{"floor":43,"key":"Blue Candle"},{"floor":45,"key":"Oddly Smooth Stone"},{"floor":48,"key":"StoneCalendar"}],"event_choices":[{"damage_healed":0,"gold_gain":0,"player_choice":"Ignored","damage_taken":0,"max_hp_gain":0,"max_hp_loss":0,"event_name":"Shining Light","floor":2,"gold_loss":0},{"damage_healed":0,"gold_gain":0,"player_choice":"Donut","damage_taken":0,"max_hp_gain":5,"max_hp_loss":0,"event_name":"Big Fish","floor":3,"gold_loss":0},{"damage_healed":0,"gold_gain":0,"player_choice":"Searched \u00272\u0027 times","damage_taken":0,"max_hp_gain":0,"max_hp_loss":0,"event_name":"Dead Adventurer","floor":13,"gold_loss":0},{"damage_healed":0,"gold_gain":0,"player_choice":"Forge","damage_taken":0,"max_hp_gain":0,"max_hp_loss":0,"event_name":"Accursed Blacksmith","floor":20,"gold_loss":0,"cards_upgraded":["Demon Form"]},{"damage_healed":0,"gold_gain":0,"player_choice":"Obtained Book","damage_taken":16,"max_hp_gain":0,"max_hp_loss":0,"event_name":"Cursed Tome","floor":28,"gold_loss":0},{"damage_healed":0,"gold_gain":0,"player_choice":"Ignored","damage_taken":0,"max_hp_gain":0,"max_hp_loss":0,"event_name":"SecretPortal","floor":37,"gold_loss":0},{"damage_healed":0,"gold_gain":0,"player_choice":"Fight","damage_taken":0,"max_hp_gain":0,"max_hp_loss":0,"event_name":"MindBloom","floor":48,"gold_loss":0}],"is_beta":false,"boss_relics":[{"not_picked":["Busted Crown","Pandora\u0027s Box"],"picked":"Philosopher\u0027s Stone"},{"not_picked":["Fusion Hammer","Sozu"],"picked":"Mark of Pain"}],"items_purged_floors":[],"is_endless":false,"potions_floor_spawned":[5,7,12,13,14,16,21,22,25,30,38,39,44,48],"ascension_level":2}