{"gold_per_floor":[20,20,40,52,124,159,159,194,219,230,230,259,275,299,299,396,396,412,426,30,49,49,49,60,60,60,72,84,130,160,200,212,324,336,368,380,402,414,436,480,492,524,593,630,655,16,16,16,16,16],"floor_reached":51,"playtime":3442,"items_purged":["Flex","Normality"],"score":1222,"play_id":"44cc9e3d-8b11-4034-9e9e-ff7000708124","local_time":"20180915161400","is_ascension_mode":true,"campfire_choices":[{"data":"Perfected Strike","floor":7,"key":"SMITH"},{"floor":11,"key":"REST"},{"data":"Flame Barrier","floor":15,"key":"SMITH"},{"data":"Flame Barrier","floor":23,"key":"SMITH"},{"data":"Shockwave","floor":25,"key":"SMITH"},{"data":"Armaments","floor":27,"key":"SMITH"},{"data":"Feed","floor":32,"key":"SMITH"},{"data":"Bludgeon","floor":41,"key":"SMITH"},{"data":"Immolate","floor":47,"key":"SMITH"},{"data":"Bash","floor":49,"key":"SMITH"}],"neow_cost":"NO_GOLD","seed_source_timestamp":1441153223127452,"circlet_count":0,"master_deck":["Strike_R","Strike_R","Strike_R","Strike_R+1","Strike_R","Defend_R","Defend_R","Defend_R","Defend_R+1","Bash+1","AscendersBane","Bludgeon+1","Pommel Strike","Flame Barrier+1","Pommel Strike","Perfected Strike+1","Flame Barrier+1","Shockwave+1","Armaments+1","Entrench","Reaper","Clothesline","Reaper","Perfected Strike+1","Feed+1","Heavy Blade","Barricade","Clothesline","Clothesline+1","Immolate+1"],"relics":["Burning Blood","Dream Catcher","Oddly Smooth Stone","Anchor","Pantograph","Boot","Snecko Eye","Matryoshka","Question Card","MawBank","Vajra","Paper Frog","Cursed Key","Red Skull","Tiny Chest","Happy Flower","Champion Belt","Lee\u0027s Waffle","Bronze Scales"],"potions_floor_usage":[6,12,24,33,40,50],"damage_taken":[{"damage":7,"enemies":"Small Slimes","floor":1,"turns":2},{"damage":8,"enemies":"2 Louse","floor":3,"turns":3},{"damage":0,"enemies":"Jaw Worm","floor":4,"turns":2},{"damage":23,"enemies":"3 Sentries","floor":6,"turns":7},{"damage":29,"enemies":"Gremlin Nob","floor":8,"turns":4},{"damage":0,"enemies":"3 Louse","floor":10,"turns":4},{"damage":4,"enemies":"3 Sentries","floor":12,"turns":8},{"damage":0,"enemies":"2 Fungi Beasts","floor":13,"turns":3},{"damage":40,"enemies":"Slime Boss","floor":16,"turns":10},{"damage":0,"enemies":"3 Byrds","floor":18,"turns":1},{"damage":0,"enemies":"Spheric Guardian","floor":19,"turns":3},{"damage":20,"enemies":"Snecko","floor":21,"turns":5},{"damage":0,"enemies":"Cultist and Chosen","floor":24,"turns":5},{"damage":0,"enemies":"Gremlin Leader","floor":29,"turns":4},{"damage":0,"enemies":"Chosen and Byrds","floor":30,"turns":3},{"damage":6,"enemies":"Book of Stabbing","floor":31,"turns":3},{"damage":35,"enemies":"Automaton","floor":33,"turns":8},{"damage":0,"enemies":"Orb Walker","floor":35,"turns":7},{"damage":0,"enemies":"3 Shapes","floor":37,"turns":5},{"damage":0,"enemies":"Maw","floor":39,"turns":7},{"damage":15,"enemies":"2 Orb Walkers","floor":40,"turns":4},{"damage":31,"enemies":"3 Darklings","floor":42,"turns":12},{"damage":60,"enemies":"Nemesis","floor":44,"turns":5},{"damage":0,"enemies":"Reptomancer","floor":45,"turns":5},{"damage":36,"enemies":"Donu and Deca","floor":50,"turns":10}],"seed_played":"960228491949365276","potions_obtained":[{"floor":3,"key":"PowerPotion"},{"floor":6,"key":"SkillPotion"},{"floor":8,"key":"SpeedPotion"},{"floor":16,"key":"SteroidPotion"},{"floor":19,"key":"PowerPotion"},{"floor":30,"key":"SkillPotion"},{"floor":33,"key":"AttackPotion"},{"floor":39,"key":"Fire Potion"},{"floor":40,"key":"SteroidPotion"}],"is_trial":false,"path_per_floor":["M","?","M","M","?","E","R","E","T","M","R","E","M","T","R","B",null,"M","M","$","M","?","R","M","R","T","R","$","E","M","E","R","B",null,"M","?","M","$","M","E","R","M","T","E","M","$","R","$","R","B"],"character_chosen":"IRONCLAD","items_purchased":["Reaper","Matryoshka","Lee\u0027s Waffle","Bronze Scales","Immolate","Swift Potion"],"campfire_rested":1,"item_purchase_floors":[20,20,46,46,46,46],"current_hp_per_floor":[71,55,53,59,59,42,42,19,19,25,49,51,57,57,57,46,72,78,80,80,66,51,51,77,77,77,77,77,85,85,85,85,72,82,89,89,93,93,97,94,94,86,86,40,74,104,104,104,104,82],"gold":16,"neow_bonus":"THREE_RARE_CARDS","is_prod":false,"is_daily":false,"chose_seed":false,"campfire_upgraded":9,"win_rate":0,"timestamp":1537046040,"path_taken":["M","?","M","M","?","E","R","E","T","M","R","E","M","?","R","BOSS","M","M","$","M","?","R","M","R","T","R","?","E","M","E","R","BOSS","M","?","M","$","M","E","R","M","T","E","M","$","R","?","R","BOSS"],"build_version":"2018-09-06","purchased_purges":2,"victory":true,"max_hp_per_floor":[80,80,80,80,80,80,80,80,80,80,80,80,80,80,80,80,80,80,80,80,80,85,85,85,85,85,85,85,85,85,85,85,85,85,89,89,93,93,97,97,97,97,97,97,97,104,104,104,104,104],"card_choices":[{"not_picked":["Barricade","Limit Break"],"picked":"Bludgeon","floor":0},{"not_picked":["Entrench","Flex"],"picked":"Pommel Strike","floor":1},{"not_picked":["Dual Wield","Twin Strike"],"picked":"Flame Barrier","floor":3},{"not_picked":["Hemokinesis","Sword Boomerang"],"picked":"Pommel Strike","floor":4},{"not_picked":["Rupture","Headbutt"],"picked":"Perfected Strike","floor":6},{"not_picked":["Cleave","Clash"],"picked":"Flame Barrier","floor":8},{"not_picked":["Wild Strike","Heavy Blade"],"picked":"Flex","floor":10},{"not_picked":["Body Slam","Dropkick"],"picked":"Shockwave","floor":11},{"not_picked":["Flex","Searing Blow"],"picked":"Armaments","floor":12},{"not_picked":["Metallicize","Power Through"],"picked":"Entrench","floor":13},{"not_picked":["Dark Embrace","Limit Break"],"picked":"Reaper","floor":16},{"not_picked":["Wild Strike","Burning Pact","Metallicize"],"picked":"SKIP","floor":18},{"not_picked":["Thunderclap","Cleave"],"picked":"Clothesline","floor":19},{"not_picked":["Metallicize+1","Headbutt+1","Searing Blow+1"],"picked":"SKIP","floor":21},{"not_picked":["Anger","Combust+1"],"picked":"Perfected Strike+1","floor":24},{"not_picked":["Power Through","Anger+1","Thunderclap","Twin Strike"],"picked":"SKIP","floor":29},{"not_picked":["Reckless Charge","Body Slam","Twin Strike"],"picked":"Feed","floor":30},{"not_picked":["Pummel+1","Warcry","Searing Blow+1"],"picked":"Heavy Blade","floor":31},{"not_picked":["Exhume","Demon Form","Immolate"],"picked":"Barricade","floor":33},{"not_picked":["Cleave+1","Warcry+1","Pummel","Thunderclap"],"picked":"SKIP","floor":35},{"not_picked":["Iron Wave+1","Armaments","Thunderclap+1"],"picked":"Clothesline","floor":37},{"not_picked":["Sword Boomerang+1","Rampage","Spot Weakness+1","Twin Strike"],"picked":"SKIP","floor":39},{"not_picked":["Thunderclap+1","Iron Wave+1","Flex+1"],"picked":"Clothesline+1","floor":40},{"not_picked":["Heavy Blade+1","Dark Embrace","Warcry+1","Seeing Red"],"picked":"SKIP","floor":42},{"not_picked":["Anger","Twin Strike+1","Pommel Strike+1","Havoc"],"picked":"SKIP","floor":44},{"not_picked":["Sever Soul","Flex+1","Havoc+1","Fire Breathing+1"],"picked":"SKIP","floor":45}],"player_experience":341570,"relics_obtained":[{"floor":6,"key":"Dream Catcher"},{"floor":8,"key":"Oddly Smooth Stone"},{"floor":9,"key":"Anchor"},{"floor":12,"key":"Pantograph"},{"floor":14,"key":"Boot"},{"floor":26,"key":"Question Card"},{"floor":26,"key":"MawBank"},{"floor":29,"key":"Vajra"},{"floor":31,"key":"Paper Frog"},{"floor":40,"key":"Red Skull"},{"floor":43,"key":"Tiny Chest"},{"floor":43,"key":"Happy Flower"},{"floor":44,"key":"Champion Belt"}],"event_choices":[{"event_name":"Shining Light","player_choice":"Entered Light","floor":2,"damage_taken":0},{"event_name":"Golden Wing","player_choice":"Gained Gold","floor":5,"damage_taken":0},{"event_name":"Forgotten Altar","player_choice":"Shed Blood","floor":22,"damage_taken":0},{"event_name":"Wheel of Change","player_choice":"Full Heal","floor":36,"damage_taken":0}],"is_beta":false,"boss_relics":[{"not_picked":["Black Star","Runic Pyramid"],"picked":"Snecko Eye"},{"not_picked":["Empty Cage","Pandora\u0027s Box"],"picked":"Cursed Key"}],"items_purged_floors":[20,46],"is_endless":false,"potions_floor_spawned":[3,6,8,10,16,19,21,30,33,39,40],"ascension_level":11}