{"gold_per_floor":[110,124,136,61,80,109,109,109,135,189,199,54,4,14,14,117,117,136,136,148,148,23,23,223,223],"floor_reached":25,"playtime":533,"items_purged":["Strike_R","Strike_R","Strike_R+1"],"score":312,"play_id":"92eb4d5e-da3f-4e13-ae4e-faeb6a9a2c7d","local_time":"20181124195117","is_ascension_mode":true,"campfire_choices":[{"data":"Hemokinesis","floor":7,"key":"SMITH"},{"floor":15,"key":"REST"},{"floor":23,"key":"REST"}],"neow_cost":"NONE","seed_source_timestamp":93324893354519,"circlet_count":0,"master_deck":["AscendersBane","Strike_R+1","Defend_R+1","Defend_R+1","Defend_R+1","Defend_R+1","Bash","Armaments","Clothesline","Hemokinesis+1","Blood for Blood","Shrug It Off","Shrug It Off","Impervious"],"relics":["Burning Blood","NeowsBlessing","Orichalcum","Omamori","Ancient Tea Set","Runic Cube","GremlinMask"],"potions_floor_usage":[5,5,14],"damage_taken":[{"damage":0,"enemies":"Cultist","floor":1,"turns":1},{"damage":0,"enemies":"2 Louse","floor":2,"turns":1},{"damage":0,"enemies":"Jaw Worm","floor":3,"turns":1},{"damage":6,"enemies":"3 Louse","floor":5,"turns":4},{"damage":39,"enemies":"Lagavulin","floor":6,"turns":6},{"damage":8,"enemies":"Blue Slaver","floor":11,"turns":3},{"damage":11,"enemies":"Lots of Slimes","floor":14,"turns":3},{"damage":32,"enemies":"The Guardian","floor":16,"turns":13},{"damage":24,"enemies":"Shell Parasite","floor":18,"turns":10},{"damage":20,"enemies":"Spheric Guardian","floor":20,"turns":6},{"damage":61,"enemies":"3 Cultists","floor":25,"turns":5}],"seed_played":"-1386883974675717000","potions_obtained":[{"floor":1,"key":"FearPotion"},{"floor":2,"key":"Block Potion"},{"floor":11,"key":"Explosive Potion"},{"floor":20,"key":"EssenceOfSteel"}],"is_trial":false,"path_per_floor":["M","M","M","$","M","E","R","?","T","?","M","$","?","M","R","B",null,"M","?","M","?","$","R","?","M"],"character_chosen":"IRONCLAD","items_purchased":["Shrug It Off"],"campfire_rested":2,"item_purchase_floors":[12],"current_hp_per_floor":[78,80,80,80,80,47,47,35,35,35,33,33,33,28,52,26,67,49,49,35,35,35,59,59,0],"gold":223,"neow_bonus":"THREE_ENEMY_KILL","is_prod":false,"is_daily":false,"chose_seed":false,"campfire_upgraded":1,"win_rate":0,"timestamp":1543089077,"path_taken":["M","M","M","$","?","E","R","?","T","?","M","$","?","M","R","BOSS","M","?","?","?","$","R","?","?"],"build_version":"2018-11-15","purchased_purges":3,"victory":false,"max_hp_per_floor":[80,80,80,80,80,80,80,80,80,80,80,80,80,80,80,80,80,80,80,80,80,80,80,80,80],"card_choices":[{"not_picked":["Flex","Rupture"],"picked":"Armaments","floor":1},{"not_picked":["Warcry","Bloodletting"],"picked":"Clothesline","floor":2},{"not_picked":["Dropkick","Clash"],"picked":"Hemokinesis","floor":3},{"not_picked":["Flex","Clash"],"picked":"Blood for Blood","floor":5},{"not_picked":["Evolve","Rampage","Twin Strike"],"picked":"SKIP","floor":6},{"not_picked":["Thunderclap","Clash","Power Through"],"picked":"SKIP","floor":11},{"not_picked":["Iron Wave","Clothesline"],"picked":"Shrug It Off","floor":14},{"not_picked":["Bludgeon","Barricade"],"picked":"Impervious","floor":16},{"not_picked":["Dropkick","Power Through+1","Body Slam"],"picked":"SKIP","floor":18},{"not_picked":["Perfected Strike","Sever Soul","Corruption"],"picked":"SKIP","floor":20}],"player_experience":206008,"relics_obtained":[{"floor":6,"key":"Orichalcum"},{"floor":9,"key":"Ancient Tea Set"}],"event_choices":[{"damage_healed":0,"gold_gain":0,"player_choice":"Success","damage_taken":12,"relics_obtained":["Omamori"],"max_hp_gain":0,"max_hp_loss":0,"event_name":"Scrap Ooze","floor":8,"gold_loss":0},{"damage_healed":0,"gold_gain":54,"player_choice":"Gained Gold","damage_taken":0,"max_hp_gain":0,"max_hp_loss":0,"event_name":"Golden Wing","floor":10,"gold_loss":0},{"cards_removed":["Strike_R"],"damage_healed":0,"gold_gain":0,"player_choice":"Card Removal","damage_taken":0,"max_hp_gain":0,"max_hp_loss":0,"event_name":"The Cleric","floor":13,"gold_loss":50},{"damage_healed":0,"gold_gain":0,"player_choice":"Trade","damage_taken":0,"relics_obtained":["GremlinMask"],"max_hp_gain":0,"max_hp_loss":0,"event_name":"FaceTrader","floor":19,"gold_loss":0},{"damage_healed":0,"gold_gain":0,"player_choice":"Simplicity","damage_taken":0,"max_hp_gain":0,"max_hp_loss":0,"event_name":"Back to Basics","floor":21,"gold_loss":0,"cards_upgraded":["Strike_R","Strike_R","Defend_R","Defend_R","Defend_R","Defend_R"]},{"damage_healed":0,"gold_gain":200,"player_choice":"Gold","damage_taken":0,"max_hp_gain":0,"max_hp_loss":0,"event_name":"Wheel of Change","floor":24,"gold_loss":0}],"is_beta":false,"boss_relics":[{"not_picked":["White Beast Statue","Black Star"],"picked":"Runic Cube"}],"items_purged_floors":[4,12,22],"is_endless":false,"potions_floor_spawned":[1,2,11,20],"killed_by":"3 Cultists","ascension_level":11}