{"gold_per_floor":[115,115,115,1,1,1,14,14,14,41,41,55,55,86,86,86],"floor_reached":16,"playtime":460,"items_purged":[],"score":223,"play_id":"df6506d8-c592-4843-a7d9-3399d19c8ffa","local_time":"20181209024739","is_ascension_mode":true,"campfire_choices":[{"data":"Metallicize","floor":6,"key":"SMITH"},{"data":"Body Slam","floor":8,"key":"SMITH"},{"data":"Ghostly Armor","floor":11,"key":"SMITH"},{"data":"Dual Wield","floor":15,"key":"SMITH"}],"neow_cost":"NONE","seed_source_timestamp":50395194041182,"circlet_count":0,"master_deck":["AscendersBane","Strike_R","Strike_R","Defend_R","Defend_R","Defend_R","Defend_R","Bash","Headbutt","Deep Breath","Shrug It Off","Metallicize+1","Body Slam+1","Ghostly Armor+1","Dual Wield+1"],"relics":["Runic Cube","Paper Frog","Dream Catcher","Strawberry"],"potions_floor_usage":[10,10],"damage_taken":[{"damage":15,"enemies":"Small Slimes","floor":1,"turns":5},{"damage":0,"enemies":"Jaw Worm","floor":7,"turns":5},{"damage":19,"enemies":"Gremlin Nob","floor":10,"turns":4},{"damage":7,"enemies":"2 Louse","floor":12,"turns":2},{"damage":0,"enemies":"Lagavulin","floor":14,"turns":10},{"damage":29,"enemies":"Hexaghost","floor":16,"turns":19}],"seed_played":"6388605842958286992","potions_obtained":[{"floor":1,"key":"Explosive Potion"},{"floor":7,"key":"AttackPotion"}],"is_trial":false,"path_per_floor":["M","?","?","$","?","R","M","R","T","E","R","M","$","E","R","B"],"character_chosen":"IRONCLAD","items_purchased":["Deep Breath","Shrug It Off"],"campfire_rested":0,"item_purchase_floors":[4,4],"current_hp_per_floor":[53,53,46,46,46,46,46,46,46,27,27,20,20,27,27,0],"gold":86,"neow_bonus":"BOSS_RELIC","is_prod":false,"is_daily":false,"chose_seed":false,"campfire_upgraded":4,"win_rate":0,"timestamp":1544323659,"path_taken":["M","?","?","$","?","R","M","R","T","E","R","?","$","E","R","BOSS"],"build_version":"2018-12-06","purchased_purges":0,"victory":false,"max_hp_per_floor":[75,75,75,75,75,75,75,75,75,75,75,75,75,82,82,82],"card_choices":[{"not_picked":["Second Wind","Iron Wave"],"picked":"Headbutt","floor":1},{"not_picked":["Headbutt","Wild Strike"],"picked":"Body Slam","floor":7},{"not_picked":["Headbutt","Bludgeon"],"picked":"Ghostly Armor","floor":10},{"not_picked":["Warcry","Hemokinesis","Armaments"],"picked":"SKIP","floor":12},{"not_picked":["Corruption","Perfected Strike"],"picked":"Dual Wield","floor":14}],"player_experience":251175,"relics_obtained":[{"floor":9,"key":"Paper Frog"},{"floor":10,"key":"Dream Catcher"},{"floor":14,"key":"Strawberry"}],"event_choices":[{"cards_removed":["Strike_R"],"damage_healed":0,"gold_gain":0,"player_choice":"Forget","damage_taken":0,"max_hp_gain":0,"max_hp_loss":0,"event_name":"Living Wall","floor":2,"gold_loss":0},{"cards_removed":["Strike_R"],"damage_healed":0,"gold_gain":0,"player_choice":"Card Removal","damage_taken":7,"max_hp_gain":0,"max_hp_loss":0,"event_name":"Golden Wing","floor":3,"gold_loss":0},{"damage_healed":0,"gold_gain":0,"cards_transformed":["Strike_R"],"player_choice":"Transformed","damage_taken":0,"max_hp_gain":0,"max_hp_loss":0,"event_name":"Transmorgrifier","floor":5,"gold_loss":0,"cards_obtained":["Metallicize"]}],"is_beta":false,"boss_relics":[],"items_purged_floors":[],"is_endless":false,"potions_floor_spawned":[1,7],"killed_by":"Hexaghost","ascension_level":14}