{"gold_per_floor":[112,112,112,112,112,112,148,148,148,191,210,210,210,224,224,353,353,377,393,63,63,63,63,63],"floor_reached":24,"playtime":473,"items_purged":["Strike_B"],"score":400,"play_id":"43fcd275-17fc-4a7a-acb9-18c344f78bbd","local_time":"20181102215253","is_ascension_mode":true,"campfire_choices":[{"data":"Zap","floor":6,"key":"SMITH"},{"data":"Dualcast","floor":8,"key":"SMITH"},{"data":"Hologram","floor":12,"key":"SMITH"},{"data":"Reboot","floor":15,"key":"SMITH"},{"floor":23,"key":"REST"}],"neow_cost":"NONE","seed_source_timestamp":5524187968930,"circlet_count":0,"master_deck":["AscendersBane","Strike_B","Strike_B","Strike_B+1","Defend_B","Defend_B","Defend_B+1","Defend_B","Zap+1","Dualcast+1","Hologram+1","Reboot+1","Buffer+1","Gash","Reboot","Hologram","Beam Cell","Cold Snap","Electrodynamics+1","FTL"],"relics":["Cracked Core","NeowsBlessing","Golden Idol","FossilizedHelix","Smiling Mask","Juzu Bracelet","Girya","Frozen Egg 2","Orrery","Bottled Flame"],"potions_floor_usage":[16],"damage_taken":[{"damage":0,"enemies":"Cultist","floor":1,"turns":1},{"damage":0,"enemies":"Lagavulin","floor":7,"turns":1},{"damage":0,"enemies":"Gremlin Nob","floor":10,"turns":1},{"damage":0,"enemies":"Small Slimes","floor":11,"turns":3},{"damage":0,"enemies":"Jaw Worm","floor":14,"turns":2},{"damage":16,"enemies":"The Guardian","floor":16,"turns":12},{"damage":0,"enemies":"Spheric Guardian","floor":18,"turns":4},{"damage":53,"enemies":"3 Byrds","floor":19,"turns":7},{"damage":24,"enemies":"Gremlin Leader","floor":24,"turns":5}],"seed_played":"-2576210496138388515","potions_obtained":[{"floor":7,"key":"FearPotion"},{"floor":14,"key":"GamblersBrew"},{"floor":16,"key":"FearPotion"},{"floor":19,"key":"FocusPotion"}],"is_trial":false,"path_per_floor":["M","?","?","T","?","R","E","R","T","E","M","R","?","M","R","B",null,"M","M","$","?","?","R","E"],"character_chosen":"DEFECT","items_purchased":["Bottled Flame","FTL"],"campfire_rested":1,"item_purchase_floors":[20,20],"current_hp_per_floor":[68,68,61,61,47,47,47,47,47,47,47,47,47,47,47,31,60,60,7,7,1,1,21,0],"gold":63,"neow_bonus":"THREE_ENEMY_KILL","is_prod":false,"is_daily":false,"chose_seed":false,"campfire_upgraded":4,"win_rate":0,"timestamp":1541195573,"path_taken":["M","?","?","?","?","R","E","R","T","E","M","R","?","M","R","BOSS","M","M","$","?","?","R","E"],"build_version":"2018-11-01","purchased_purges":1,"victory":false,"max_hp_per_floor":[75,69,69,69,69,69,69,69,69,69,69,69,69,69,69,69,69,69,69,69,69,69,69,69],"card_choices":[{"not_picked":["Compile Driver","Redo"],"picked":"Hologram","floor":1},{"not_picked":["Seek","Turbo"],"picked":"Reboot","floor":7},{"not_picked":["Consume","Auto Shields"],"picked":"Buffer","floor":10},{"not_picked":["Rebound","Conserve Battery"],"picked":"Gash","floor":11},{"not_picked":["Undo","Steam","Reinforced Body"],"picked":"SKIP","floor":14},{"not_picked":["Seek","Machine Learning+1"],"picked":"Reboot","floor":16},{"not_picked":["Compile Driver","Streamline"],"picked":"Hologram","floor":17},{"not_picked":["Coolheaded","Consume"],"picked":"Beam Cell","floor":17},{"not_picked":["Hologram","Ball Lightning"],"picked":"Cold Snap","floor":18},{"not_picked":["Go for the Eyes","Force Field"],"picked":"Electrodynamics+1","floor":19}],"player_experience":101523,"relics_obtained":[{"floor":4,"key":"Smiling Mask"},{"floor":7,"key":"Juzu Bracelet"},{"floor":9,"key":"Girya"},{"floor":10,"key":"Frozen Egg 2"}],"event_choices":[{"damage_healed":0,"gold_gain":0,"player_choice":"Lose Max HP","damage_taken":0,"relics_obtained":["Golden Idol"],"max_hp_gain":0,"max_hp_loss":6,"event_name":"Golden Idol","floor":2,"gold_loss":0},{"damage_healed":0,"gold_gain":0,"player_choice":"Success","damage_taken":7,"relics_obtained":["FossilizedHelix"],"max_hp_gain":0,"max_hp_loss":0,"event_name":"Scrap Ooze","floor":3,"gold_loss":0},{"damage_healed":0,"gold_gain":0,"player_choice":"Entered Light","damage_taken":14,"max_hp_gain":0,"max_hp_loss":0,"event_name":"Shining Light","floor":5,"gold_loss":0,"cards_upgraded":["Strike_B","Defend_B"]},{"damage_healed":0,"gold_gain":0,"player_choice":"Ignored","damage_taken":0,"max_hp_gain":0,"max_hp_loss":0,"event_name":"Liars Game","floor":13,"gold_loss":0},{"damage_healed":0,"gold_gain":0,"player_choice":"Damaged","damage_taken":6,"max_hp_gain":0,"max_hp_loss":0,"event_name":"Wheel of Change","floor":21,"gold_loss":0},{"damage_healed":0,"gold_gain":0,"player_choice":"Bought 0 Potions","damage_taken":0,"max_hp_gain":0,"max_hp_loss":0,"event_name":"The Woman in Blue","floor":22,"gold_loss":0}],"is_beta":false,"boss_relics":[{"not_picked":["Cursed Key","Snecko Eye"],"picked":"Orrery"}],"items_purged_floors":[20],"is_endless":false,"potions_floor_spawned":[7,14,16,19],"killed_by":"Gremlin Leader","ascension_level":12}