{"gold_per_floor":[116,291,303,27,27,27,52,52,100,116,216,216],"floor_reached":12,"playtime":258,"items_purged":[],"score":87,"play_id":"b0b93063-49ee-4151-8a7e-0b77e4b5c741","local_time":"20181206155735","is_ascension_mode":true,"campfire_choices":[{"floor":6,"key":"REST"}],"neow_cost":"NONE","seed_source_timestamp":1040327327417937,"circlet_count":0,"master_deck":["Defend_G+1","Defend_G+1","Defend_G","Defend_G","Defend_G","Strike_G","Strike_G","Strike_G","Strike_G","Strike_G","Survivor","Neutralize","Malaise","Dash","Doubt","Dash","Well Laid Plans","Infinite Blades"],"relics":["Ring of the Snake","Membership Card","Pantograph","Happy Flower"],"potions_floor_usage":[],"damage_taken":[{"damage":1,"enemies":"Jaw Worm","floor":1,"turns":5},{"damage":0,"enemies":"Small Slimes","floor":3,"turns":5},{"damage":66,"enemies":"Gremlin Nob","floor":7,"turns":9},{"damage":0,"enemies":"2 Louse","floor":10,"turns":3},{"damage":7,"enemies":"3 Sentries","floor":12,"turns":4}],"seed_played":"3390913893642034771","potions_obtained":[],"is_trial":false,"path_per_floor":["M","?","M","$","?","R","E","?","T","M","?","E"],"character_chosen":"THE_SILENT","items_purchased":["Membership Card","Dash","Well Laid Plans"],"campfire_rested":1,"item_purchase_floors":[4,4,4],"current_hp_per_floor":[69,69,69,69,55,70,4,4,4,4,4,0],"gold":216,"neow_bonus":"ONE_RANDOM_RARE_CARD","is_prod":false,"is_daily":false,"chose_seed":false,"campfire_upgraded":0,"win_rate":0,"timestamp":1544133455,"path_taken":["M","?","M","$","?","R","E","?","T","M","?","E"],"build_version":"2018-12-06","purchased_purges":0,"victory":false,"max_hp_per_floor":[70,70,70,70,70,70,70,70,70,70,70,70],"card_choices":[{"not_picked":["Cloak And Dagger","Quick Slash"],"picked":"Dash","floor":1},{"not_picked":["Outmaneuver","Bane","Acrobatics"],"picked":"SKIP","floor":3},{"not_picked":["Setup","Underhanded Strike","Bane"],"picked":"SKIP","floor":7},{"not_picked":["Deflect","Outmaneuver"],"picked":"Infinite Blades","floor":10}],"player_experience":67719,"relics_obtained":[{"floor":7,"key":"Pantograph"},{"floor":9,"key":"Happy Flower"}],"event_choices":[{"damage_healed":0,"gold_gain":175,"player_choice":"AGREE","damage_taken":0,"max_hp_gain":0,"max_hp_loss":0,"event_name":"Liars Game","floor":2,"gold_loss":0,"cards_obtained":["Doubt"]},{"damage_healed":0,"gold_gain":0,"player_choice":"Entered Light","damage_taken":14,"max_hp_gain":0,"max_hp_loss":0,"event_name":"Shining Light","floor":5,"gold_loss":0,"cards_upgraded":["Defend_G","Defend_G"]},{"damage_healed":0,"gold_gain":0,"player_choice":"Ignored","damage_taken":0,"max_hp_gain":0,"max_hp_loss":0,"event_name":"Golden Idol","floor":8,"gold_loss":0},{"damage_healed":0,"gold_gain":100,"player_choice":"Pray","damage_taken":0,"max_hp_gain":0,"max_hp_loss":0,"event_name":"Golden Shrine","floor":11,"gold_loss":0}],"is_beta":true,"boss_relics":[],"items_purged_floors":[],"is_endless":false,"potions_floor_spawned":[],"killed_by":"3 Sentries","ascension_level":3}