{"gold_per_floor":[112,112,127,89,89,117,19,19,92,92,110,110,127,141,141,141],"floor_reached":16,"playtime":484,"items_purged":[],"score":116,"play_id":"667abb9b-0f24-4b69-aafe-dc33946fc8dc","local_time":"20181205201129","is_ascension_mode":true,"campfire_choices":[{"floor":10,"key":"REST"},{"floor":12,"key":"REST"},{"floor":15,"key":"REST"}],"neow_cost":"NONE","seed_source_timestamp":968914741938759,"circlet_count":0,"master_deck":["Defend_G","Defend_G","Defend_G","Defend_G","Defend_G","Strike_G","Strike_G","Strike_G","Strike_G","Strike_G","Survivor","Neutralize+1","Slice","Footwork+1","Flying Knee","Cloak And Dagger"],"relics":["Ring of the Snake","Centennial Puzzle","Dodecahedron"],"potions_floor_usage":[6,8],"damage_taken":[{"damage":0,"enemies":"2 Louse","floor":1,"turns":3},{"damage":0,"enemies":"Cultist","floor":3,"turns":4},{"damage":51,"enemies":"3 Sentries","floor":6,"turns":13},{"damage":7,"enemies":"Lagavulin","floor":8,"turns":6},{"damage":3,"enemies":"Jaw Worm","floor":11,"turns":3},{"damage":3,"enemies":"Lots of Slimes","floor":13,"turns":6},{"damage":8,"enemies":"Large Slime","floor":14,"turns":7},{"damage":61,"enemies":"Hexaghost","floor":16,"turns":16}],"seed_played":"-7753914685863017087","potions_obtained":[{"floor":3,"key":"Poison Potion"},{"floor":6,"key":"Energy Potion"}],"is_trial":false,"path_per_floor":["M","?","M","$","?","E","$","E","T","R","M","R","M","M","R","B"],"character_chosen":"THE_SILENT","items_purchased":["Footwork","SmokeBomb"],"campfire_rested":3,"item_purchase_floors":[4,7],"current_hp_per_floor":[70,70,70,70,70,19,19,12,12,33,30,51,48,40,61,0],"gold":141,"neow_bonus":"UPGRADE_CARD","is_prod":false,"is_daily":false,"chose_seed":false,"campfire_upgraded":0,"win_rate":0,"timestamp":1544062289,"path_taken":["M","?","?","$","?","E","$","E","T","R","M","R","?","M","R","BOSS"],"build_version":"2018-12-05","purchased_purges":0,"victory":false,"max_hp_per_floor":[70,70,70,70,70,70,70,70,70,70,70,70,70,70,70,70],"card_choices":[{"not_picked":["Bane","Crippling Poison"],"picked":"Slice","floor":1},{"not_picked":["Deflect","Quick Slash","Flying Knee"],"picked":"SKIP","floor":3},{"not_picked":["Catalyst","Burst"],"picked":"Flying Knee","floor":6},{"not_picked":["Distraction","Backflip"],"picked":"Cloak And Dagger","floor":11},{"not_picked":["Outmaneuver","Masterful Stab","Tactician"],"picked":"SKIP","floor":13},{"not_picked":["Deadly Poison","Burst","PiercingWail"],"picked":"SKIP","floor":14}],"player_experience":60758,"relics_obtained":[{"floor":6,"key":"Centennial Puzzle"},{"floor":9,"key":"Dodecahedron"}],"event_choices":[{"damage_healed":0,"gold_gain":0,"player_choice":"Bought 0 Potions","damage_taken":0,"max_hp_gain":0,"max_hp_loss":0,"event_name":"The Woman in Blue","floor":2,"gold_loss":0},{"damage_healed":0,"gold_gain":0,"player_choice":"Forge","damage_taken":0,"max_hp_gain":0,"max_hp_loss":0,"event_name":"Accursed Blacksmith","floor":5,"gold_loss":0,"cards_upgraded":["Footwork"]}],"is_beta":true,"boss_relics":[],"items_purged_floors":[],"is_endless":false,"potions_floor_spawned":[3,6],"killed_by":"Hexaghost","ascension_level":1}