{"gold_per_floor":[110,125,143,143,160,160,177,197,197,197,209,37,37,65,77,185,197,228,240,19,19,19,19,19,19,19,19,19,19,19,19,19,122,122,139,155,155,155,167,195,215,215,215,215,175,187,63,79,79,79,79,79,7,40,40],"floor_reached":55,"playtime":5309,"items_purged":[],"score":868,"play_id":"ee28a547-b80f-4d7f-80fb-933f7148ef27","local_time":"20190204223903","is_ascension_mode":false,"campfire_choices":[{"floor":6,"key":"RECALL"},{"floor":10,"key":"REST"},{"floor":15,"key":"REST"},{"data":"Storm","floor":23,"key":"SMITH"},{"data":"RitualDagger","floor":25,"key":"SMITH"},{"data":"Static Discharge","floor":28,"key":"SMITH"},{"floor":30,"key":"REST"},{"data":"Multi-Cast","floor":32,"key":"SMITH"},{"data":"Discovery","floor":42,"key":"SMITH"},{"floor":44,"key":"REST"},{"data":"Barrage","floor":49,"key":"SMITH"},{"data":"PanicButton","floor":52,"key":"SMITH"}],"neow_cost":"TEN_PERCENT_HP_LOSS","seed_source_timestamp":16012027645255,"circlet_count":0,"master_deck":["Strike_B","Defend_B","Defend_B+1","Zap","Dualcast","Fusion+1","Doom and Gloom","Melter","Storm+1","Self Repair","Static Discharge+1","Storm+1","Dark Shackles","Loop+1","Multi-Cast+1","Leap+1","Heatsinks+1","Glacier","Buffer+1","PanicButton+1","RitualDagger+1","Capacitor+1","Biased Cognition+1","Self Repair+1","Force Field+1","Discovery+1","Redo+1","Force Field+1","Barrage+1","Defragment+1","Impatience","Force Field+1","Defragment+1"],"relics":["Cracked Core","Frozen Egg 2","MawBank","Nuclear Battery","Juzu Bracelet","Boot","Inserter","Question Card","Meat on the Bone","Shuriken"],"potions_floor_usage":[8,16,18,46,50,55,55],"damage_taken":[{"damage":9,"enemies":"Jaw Worm","floor":1,"turns":5},{"damage":1,"enemies":"Cultist","floor":2,"turns":3},{"damage":2,"enemies":"2 Louse","floor":3,"turns":2},{"damage":0,"enemies":"Large Slime","floor":5,"turns":5},{"damage":13,"enemies":"3 Louse","floor":7,"turns":2},{"damage":14,"enemies":"Blue Slaver","floor":8,"turns":3},{"damage":7,"enemies":"Exordium Wildlife","floor":11,"turns":2},{"damage":14,"enemies":"Gremlin Nob","floor":14,"turns":3},{"damage":47,"enemies":"The Guardian","floor":16,"turns":8},{"damage":8,"enemies":"Shell Parasite","floor":18,"turns":3},{"damage":29,"enemies":"Collector","floor":33,"turns":10},{"damage":9,"enemies":"3 Darklings","floor":35,"turns":3},{"damage":11,"enemies":"3 Shapes","floor":36,"turns":3},{"damage":32,"enemies":"Writhing Mass","floor":39,"turns":3},{"damage":0,"enemies":"Giant Head","floor":40,"turns":8},{"damage":25,"enemies":"Jaw Worm Horde","floor":41,"turns":4},{"damage":4,"enemies":"Maw","floor":46,"turns":5},{"damage":0,"enemies":"Sphere and 2 Shapes","floor":48,"turns":5},{"damage":18,"enemies":"Time Eater","floor":50,"turns":5},{"damage":42,"enemies":"Shield and Spear","floor":54,"turns":5}],"seed_played":"-2357541620641289207","potions_obtained":[{"floor":2,"key":"Energy Potion"},{"floor":3,"key":"Swift Potion"},{"floor":7,"key":"EssenceOfSteel"},{"floor":11,"key":"Block Potion"},{"floor":16,"key":"LiquidBronze"},{"floor":33,"key":"SpeedPotion"},{"floor":39,"key":"Fire Potion"},{"floor":46,"key":"PowerPotion"},{"floor":48,"key":"Fire Potion"},{"floor":54,"key":"FairyPotion"}],"is_trial":false,"path_per_floor":["M","M","M","?","M","R","M","M","T","R","M","$","T","E","R","B",null,"M","?","$","?","?","R","$","R","T","?","R","?","R","T","R","B",null,"M","M","?","?","M","E","M","R","T","R","?","M","$","M","R","B",null,"R","$","E","B"],"character_chosen":"DEFECT","items_purchased":["Storm+1","Dark Shackles","Buffer+1","PanicButton","Defragment+1","Impatience","LiquidBronze"],"campfire_rested":4,"item_purchase_floors":[12,12,20,20,47,47,53],"current_hp_per_floor":[59,58,56,56,56,56,43,36,36,56,49,49,49,42,62,22,68,60,60,60,60,54,54,54,54,54,54,54,54,68,68,68,46,68,66,65,65,65,43,68,53,53,53,68,68,68,68,68,68,67,68,68,68,45,0],"gold":40,"neow_bonus":"TRANSFORM_TWO_CARDS","is_prod":false,"is_daily":false,"chose_seed":false,"campfire_upgraded":7,"win_rate":0,"timestamp":1549341543,"path_taken":["M","M","M","?","?","R","M","M","T","R","M","$","?","E","R","BOSS","M","?","$","?","?","R","$","R","T","?","R","?","R","?","R","BOSS","M","M","?","?","M","E","M","R","T","R","?","M","$","M","R","BOSS","R","$","E","BOSS"],"build_version":"2019-01-23","purchased_purges":0,"victory":false,"max_hp_per_floor":[68,68,68,68,68,68,68,68,68,68,68,68,68,68,68,68,68,68,68,68,68,68,68,68,68,68,68,68,68,68,68,68,68,68,68,68,68,68,68,68,68,68,68,68,68,68,68,68,68,68,68,68,68,68,68],"card_choices":[{"not_picked":["Coolheaded","Sweeping Beam"],"picked":"Melter","floor":1},{"not_picked":["Lockon","Gash"],"picked":"Storm","floor":2},{"not_picked":["Double Energy","Aggregate","Go for the Eyes"],"picked":"SKIP","floor":3},{"not_picked":["Conserve Battery","Double Energy","Sweeping Beam"],"picked":"SKIP","floor":5},{"not_picked":["Stack","Chaos"],"picked":"Self Repair","floor":7},{"not_picked":["White Noise","Steam"],"picked":"Static Discharge","floor":8},{"not_picked":["Auto Shields","Ball Lightning","Streamline"],"picked":"SKIP","floor":11},{"not_picked":["Hello World+1","Rainbow"],"picked":"Loop+1","floor":14},{"not_picked":["Meteor Strike","Amplify"],"picked":"Multi-Cast","floor":16},{"not_picked":["Aggregate","Gash+1"],"picked":"Leap+1","floor":18},{"not_picked":["Thunder Strike","Seek"],"picked":"Biased Cognition+1","floor":33},{"not_picked":["Force Field","Ball Lightning"],"picked":"Self Repair+1","floor":35},{"not_picked":["Leap+1","Barrage"],"picked":"Force Field+1","floor":36},{"not_picked":["Dark Shackles","Thinking Ahead"],"picked":"Discovery","floor":37},{"not_picked":["Rip and Tear","Ball Lightning+1","Leap+1"],"picked":"SKIP","floor":39},{"not_picked":["Auto Shields+1","Beam Cell+1"],"picked":"Redo+1","floor":40},{"not_picked":["Cold Snap+1","Loop+1","Reinforced Body+1"],"picked":"Force Field","floor":41},{"not_picked":["Steam+1","Hologram","Beam Cell+1"],"picked":"Barrage","floor":46},{"not_picked":["Static Discharge+1","Sweeping Beam+1","Rip and Tear+1"],"picked":"Force Field+1","floor":48},{"not_picked":["Steam+1","Rainbow","Undo+1"],"picked":"Defragment+1","floor":54}],"player_experience":927388,"relics_obtained":[{"floor":9,"key":"Frozen Egg 2"},{"floor":14,"key":"MawBank"},{"floor":26,"key":"Juzu Bracelet"},{"floor":31,"key":"Boot"},{"floor":40,"key":"Question Card"},{"floor":43,"key":"Meat on the Bone"},{"floor":54,"key":"Shuriken"}],"event_choices":[{"damage_healed":0,"gold_gain":0,"player_choice":"Upgraded","damage_taken":0,"max_hp_gain":0,"max_hp_loss":0,"event_name":"Upgrade Shrine","floor":4,"gold_loss":0,"cards_upgraded":["Fusion"]},{"damage_healed":0,"gold_gain":0,"cards_transformed":["Strike_B","Defend_B"],"player_choice":"Became Test Subject","damage_taken":0,"max_hp_gain":0,"max_hp_loss":0,"event_name":"Drug Dealer","floor":19,"gold_loss":0,"cards_obtained":["Heatsinks","Glacier"]},{"damage_healed":0,"gold_gain":0,"player_choice":"Joined the Cult","damage_taken":6,"max_hp_gain":0,"max_hp_loss":0,"event_name":"Nest","floor":22,"gold_loss":0,"cards_obtained":["RitualDagger"]},{"damage_healed":0,"gold_gain":0,"player_choice":"Read","damage_taken":0,"max_hp_gain":0,"max_hp_loss":0,"event_name":"The Library","floor":27,"gold_loss":0,"cards_obtained":["Capacitor"]},{"damage_healed":0,"gold_gain":0,"player_choice":"Ignored","damage_taken":0,"max_hp_gain":0,"max_hp_loss":0,"event_name":"Ghosts","floor":29,"gold_loss":0},{"damage_healed":0,"gold_gain":0,"player_choice":"Memory 1","damage_taken":0,"max_hp_gain":0,"max_hp_loss":0,"event_name":"SensoryStone","floor":37,"gold_loss":0},{"cards_removed":["Strike_B"],"damage_healed":0,"gold_gain":0,"player_choice":"Removed Attack","damage_taken":0,"max_hp_gain":0,"max_hp_loss":0,"event_name":"Falling","floor":38,"gold_loss":0},{"damage_healed":0,"gold_gain":0,"player_choice":"Upgraded Two","damage_taken":0,"max_hp_gain":0,"max_hp_loss":0,"event_name":"Designer","floor":45,"gold_loss":40,"cards_upgraded":["Defend_B","Force Field"]}],"is_beta":false,"boss_relics":[{"not_picked":["FrozenCore","Runic Pyramid"],"picked":"Nuclear Battery"},{"not_picked":["Busted Crown","Lizard Tail"],"picked":"Inserter"}],"items_purged_floors":[],"is_endless":false,"potions_floor_spawned":[2,3,7,11,16,33,39,46,48,54],"killed_by":"The Heart","ascension_level":0}