{"gold_per_floor":[110,110,120,132,16,16,51,51,51,51,118,150,170,0,0,95,95,111,139,139,9,19,19,32,62,113,113,113,113,63,63,63,161,161,173,76,94,94],"floor_reached":38,"playtime":2269,"items_purged":["Strike_R"],"score":662,"play_id":"dcf44801-f83b-4c3d-8b73-ad6875e4e87f","local_time":"20181121001525","is_ascension_mode":true,"campfire_choices":[{"data":"Barricade","floor":6,"key":"SMITH"},{"data":"Shrug It Off","floor":8,"key":"SMITH"},{"data":"Carnage","floor":10,"key":"SMITH"},{"data":"Juggernaut","floor":15,"key":"SMITH"},{"floor":23,"key":"REST"},{"data":"Armaments","floor":27,"key":"SMITH"},{"floor":29,"key":"REST"},{"data":"True Grit","floor":32,"key":"SMITH"}],"neow_cost":"NONE","seed_source_timestamp":2090986275588537,"circlet_count":0,"master_deck":["AscendersBane","Strike_R","Strike_R+1","Strike_R+1","Defend_R","Defend_R","Defend_R","Defend_R","Bash","Pommel Strike","Carnage+1","Shrug It Off+1","Barricade+1","Pommel Strike","Juggernaut+1","Iron Wave","Finesse","Flame Barrier","Armaments+1","Iron Wave","Feel No Pain","True Grit+1","Impervious","Body Slam","True Grit","Armaments+1"],"relics":["Burning Blood","Self Forming Clay","Dodecahedron","Red Skull","Whetstone","Mark of Pain","Red Mask","Pear","Juzu Bracelet","Sozu"],"potions_floor_usage":[16,19,19,24,25,38],"damage_taken":[{"damage":5,"enemies":"2 Louse","floor":1,"turns":4},{"damage":2,"enemies":"Jaw Worm","floor":3,"turns":3},{"damage":0,"enemies":"Small Slimes","floor":4,"turns":3},{"damage":16,"enemies":"Gremlin Nob","floor":7,"turns":3},{"damage":31,"enemies":"3 Sentries","floor":12,"turns":11},{"damage":3,"enemies":"Blue Slaver","floor":13,"turns":3},{"damage":2,"enemies":"Hexaghost","floor":16,"turns":11},{"damage":21,"enemies":"Shell Parasite","floor":18,"turns":8},{"damage":36,"enemies":"Masked Bandits","floor":19,"turns":5},{"damage":6,"enemies":"Chosen","floor":22,"turns":4},{"damage":8,"enemies":"Centurion and Healer","floor":24,"turns":9},{"damage":48,"enemies":"Gremlin Leader","floor":25,"turns":15},{"damage":15,"enemies":"Champ","floor":33,"turns":17},{"damage":0,"enemies":"Orb Walker","floor":35,"turns":3},{"damage":42,"enemies":"3 Darklings","floor":37,"turns":7},{"damage":62,"enemies":"2 Orb Walkers","floor":38,"turns":5}],"seed_played":"-1211075061624497071","potions_obtained":[{"floor":3,"key":"SneckoOil"},{"floor":12,"key":"Dexterity Potion"},{"floor":13,"key":"AttackPotion"},{"floor":16,"key":"SkillPotion"},{"floor":22,"key":"EntropicBrew"}],"is_trial":false,"path_per_floor":["M","?","M","M","$","R","E","R","T","R","?","E","M","$","R","B",null,"M","?","?","$","M","R","M","E","T","R","?","R","?","?","R","B",null,"M","$","M","?"],"character_chosen":"IRONCLAD","items_purchased":["Barricade","Pommel Strike","Finesse","Flame Barrier","Armaments","Body Slam","True Grit"],"campfire_rested":2,"item_purchase_floors":[5,5,14,21,21,36,36],"current_hp_per_floor":[81,63,67,73,73,73,63,63,63,63,63,38,41,41,41,45,77,62,32,32,32,32,58,56,24,24,24,24,53,53,98,98,89,96,98,98,62,0],"gold":94,"neow_bonus":"TEN_PERCENT_HP_BONUS","is_prod":false,"is_daily":false,"chose_seed":false,"campfire_upgraded":6,"win_rate":0,"timestamp":1542780925,"path_taken":["M","?","M","M","$","R","E","R","T","R","?","E","M","$","R","BOSS","M","?","?","$","M","R","?","E","T","R","?","R","?","?","R","BOSS","M","$","M","?"],"build_version":"2018-11-15","purchased_purges":1,"victory":false,"max_hp_per_floor":[88,88,88,88,88,88,88,88,88,88,88,88,88,88,88,88,88,88,88,88,88,88,88,88,98,98,98,98,98,98,98,98,98,98,98,98,98,98],"card_choices":[{"not_picked":["Havoc","Shockwave"],"picked":"Pommel Strike","floor":1},{"not_picked":["Perfected Strike","Entrench"],"picked":"Carnage","floor":3},{"not_picked":["True Grit","Heavy Blade"],"picked":"Shrug It Off","floor":4},{"not_picked":["Second Wind","Twin Strike"],"picked":"Disarm","floor":7},{"not_picked":["Dropkick","Intimidate"],"picked":"Juggernaut","floor":12},{"not_picked":["Perfected Strike","Anger"],"picked":"Iron Wave","floor":13},{"not_picked":["Twin Strike","Intimidate","Perfected Strike"],"picked":"SKIP","floor":18},{"not_picked":["Thunderclap","Dropkick"],"picked":"Iron Wave","floor":22},{"not_picked":["Thunderclap","Metallicize+1"],"picked":"Feel No Pain","floor":24},{"not_picked":["Thunderclap","Clash"],"picked":"True Grit","floor":25},{"not_picked":["Offering","Double Tap"],"picked":"Impervious","floor":33},{"not_picked":["Uppercut","Thunderclap+1","Evolve"],"picked":"SKIP","floor":35},{"not_picked":["Heavy Blade","Corruption+1"],"picked":"Armaments+1","floor":37}],"player_experience":435089,"relics_obtained":[{"floor":7,"key":"Dodecahedron"},{"floor":9,"key":"Red Skull"},{"floor":12,"key":"Whetstone"},{"floor":19,"key":"Red Mask"},{"floor":25,"key":"Pear"},{"floor":26,"key":"Juzu Bracelet"}],"event_choices":[{"damage_healed":0,"gold_gain":0,"player_choice":"Success","damage_taken":18,"relics_obtained":["Self Forming Clay"],"max_hp_gain":0,"max_hp_loss":0,"event_name":"Scrap Ooze","floor":2,"gold_loss":0},{"damage_healed":0,"gold_gain":67,"player_choice":"Gained Gold","damage_taken":0,"max_hp_gain":0,"max_hp_loss":0,"event_name":"Golden Wing","floor":11,"gold_loss":0},{"damage_healed":0,"gold_gain":0,"player_choice":"Fought Bandits","damage_taken":0,"max_hp_gain":0,"max_hp_loss":0,"event_name":"Masked Bandits","floor":19,"gold_loss":0},{"cards_removed":["Strike_R"],"damage_healed":0,"gold_gain":0,"player_choice":"Card Removal","damage_taken":0,"max_hp_gain":0,"max_hp_loss":0,"event_name":"Wheel of Change","floor":20,"gold_loss":0},{"damage_healed":0,"gold_gain":0,"player_choice":"Ignored","damage_taken":0,"max_hp_gain":0,"max_hp_loss":0,"event_name":"Cursed Tome","floor":28,"gold_loss":0},{"damage_healed":0,"gold_gain":0,"player_choice":"Bet on Murderer","damage_taken":0,"max_hp_gain":0,"max_hp_loss":0,"event_name":"The Joust","floor":30,"gold_loss":50},{"cards_removed":["Disarm"],"damage_healed":45,"gold_gain":0,"player_choice":"Offered Uncommon","damage_taken":0,"max_hp_gain":0,"max_hp_loss":0,"event_name":"Bonfire Elementals","floor":31,"gold_loss":0},{"damage_healed":0,"gold_gain":0,"player_choice":"Fight","damage_taken":0,"max_hp_gain":0,"max_hp_loss":0,"event_name":"Mysterious Sphere","floor":38,"gold_loss":0}],"is_beta":false,"boss_relics":[{"not_picked":["Snecko Eye","Black Star"],"picked":"Mark of Pain"},{"not_picked":["Pandora\u0027s Box","Philosopher\u0027s Stone"],"picked":"Sozu"}],"items_purged_floors":[14],"is_endless":false,"potions_floor_spawned":[3,12,13,16,18,22],"killed_by":"2 Orb Walkers","ascension_level":12}