{"gold_per_floor":[111,61,61,78,90,90,117,129,154,154,183,183,183,201,201,201],"floor_reached":16,"playtime":597,"items_purged":[],"score":182,"play_id":"7ebf3eb7-930a-49cf-bb5e-78794ff8b205","local_time":"20190121151229","is_ascension_mode":true,"campfire_choices":[{"data":"Bouncing Flask","floor":6,"key":"SMITH"},{"floor":10,"key":"REST"},{"data":"Noxious Fumes","floor":12,"key":"SMITH"},{"data":"Skewer","floor":15,"key":"SMITH"}],"neow_cost":"NONE","seed_source_timestamp":140569897168739,"circlet_count":0,"master_deck":["AscendersBane","Defend_G","Defend_G","Defend_G","Defend_G","Defend_G","Strike_G","Strike_G","Strike_G","Strike_G","Survivor","Neutralize","Bouncing Flask+1","Skewer+1","Noxious Fumes+1","Well Laid Plans","Dagger Throw","Leg Sweep","Bane"],"relics":["Ring of the Snake","Ancient Tea Set","Pen Nib","Anchor"],"potions_floor_usage":[7,7,16],"damage_taken":[{"damage":0,"enemies":"Cultist","floor":1,"turns":4},{"damage":8,"enemies":"Small Slimes","floor":4,"turns":4},{"damage":2,"enemies":"Jaw Worm","floor":5,"turns":5},{"damage":29,"enemies":"Gremlin Nob","floor":7,"turns":5},{"damage":3,"enemies":"Looter","floor":8,"turns":4},{"damage":19,"enemies":"Lagavulin","floor":11,"turns":8},{"damage":8,"enemies":"Blue Slaver","floor":14,"turns":3},{"damage":27,"enemies":"The Guardian","floor":16,"turns":5}],"seed_played":"-2451438032407855750","potions_obtained":[{"floor":4,"key":"PowerPotion"},{"floor":5,"key":"Block Potion"},{"floor":14,"key":"LiquidBronze"}],"is_trial":false,"path_per_floor":["M","?","?","M","M","R","E","M","T","R","E","R","?","M","R","B"],"character_chosen":"THE_SILENT","items_purchased":[],"campfire_rested":1,"item_purchase_floors":[],"current_hp_per_floor":[70,70,70,62,60,60,31,28,28,51,32,32,32,24,24,0],"gold":201,"neow_bonus":"TEN_PERCENT_HP_BONUS","is_prod":false,"is_daily":false,"chose_seed":false,"campfire_upgraded":3,"win_rate":0,"timestamp":1548105149,"path_taken":["M","?","?","M","M","R","E","M","T","R","E","R","?","M","R","BOSS"],"build_version":"2019-01-17v2","purchased_purges":0,"victory":false,"max_hp_per_floor":[77,77,77,77,77,77,77,77,77,77,77,77,77,77,77,77],"card_choices":[{"not_picked":["Outmaneuver","Acrobatics"],"picked":"Bouncing Flask","floor":1},{"not_picked":["Dodge and Roll","Well Laid Plans"],"picked":"Skewer","floor":4},{"not_picked":["Deadly Poison","Setup"],"picked":"Noxious Fumes","floor":5},{"not_picked":["Backflip","Dagger Spray"],"picked":"Well Laid Plans","floor":7},{"not_picked":["Reflex","Finisher"],"picked":"Dagger Throw","floor":8},{"not_picked":["Quick Slash","Accuracy"],"picked":"Leg Sweep","floor":11},{"not_picked":["Glass Knife","Quick Slash"],"picked":"Bane","floor":14}],"player_experience":513360,"relics_obtained":[{"floor":7,"key":"Ancient Tea Set"},{"floor":9,"key":"Pen Nib"},{"floor":11,"key":"Anchor"}],"event_choices":[{"cards_removed":["Strike_G"],"damage_healed":0,"gold_gain":0,"player_choice":"Card Removal","damage_taken":0,"max_hp_gain":0,"max_hp_loss":0,"event_name":"The Cleric","floor":2,"gold_loss":50},{"damage_healed":0,"gold_gain":0,"player_choice":"Ignored","damage_taken":0,"max_hp_gain":0,"max_hp_loss":0,"event_name":"Liars Game","floor":3,"gold_loss":0},{"damage_healed":0,"gold_gain":0,"player_choice":"Ignored","damage_taken":0,"max_hp_gain":0,"max_hp_loss":0,"event_name":"Shining Light","floor":13,"gold_loss":0}],"is_beta":false,"boss_relics":[],"items_purged_floors":[],"is_endless":false,"potions_floor_spawned":[4,5,14],"killed_by":"The Guardian","ascension_level":13}