{"gold_per_floor":[113,63,81,97,22,22,54,54,54,70,80,27,27,45,45,124,124,142,142,153,58,78,90,90,109,109,109],"floor_reached":27,"playtime":964,"items_purged":["Defend_R"],"score":419,"play_id":"8f3b7096-5210-435c-9c42-1056173a01db","local_time":"20181220032524","is_ascension_mode":true,"campfire_choices":[{"data":"Uppercut","floor":6,"key":"SMITH"},{"data":"True Grit","floor":13,"key":"SMITH"},{"data":"Inflame","floor":15,"key":"SMITH"},{"floor":24,"key":"REST"}],"neow_cost":"NONE","seed_source_timestamp":15545724846313,"circlet_count":0,"master_deck":["AscendersBane","Strike_R","Strike_R","Defend_R","Defend_R","Bash","Flame Barrier","Uppercut+1","Shrug It Off","Feed","Inflame+1","Cleave+1","True Grit+1","Demon Form","Burning Pact+1","Barricade+1","Armaments+1","True Grit","Burning Pact+1","Bandage Up"],"relics":["Burning Blood","Dead Branch","Molten Egg 2","Astrolabe","The Courier"],"potions_floor_usage":[7,11,18,23,25,27],"damage_taken":[{"damage":9,"enemies":"2 Louse","floor":1,"turns":2},{"damage":3,"enemies":"Jaw Worm","floor":3,"turns":6},{"damage":0,"enemies":"Cultist","floor":4,"turns":4},{"damage":23,"enemies":"Lagavulin","floor":7,"turns":8},{"damage":6,"enemies":"3 Louse","floor":10,"turns":4},{"damage":22,"enemies":"Lots of Slimes","floor":11,"turns":5},{"damage":0,"enemies":"2 Fungi Beasts","floor":14,"turns":2},{"damage":34,"enemies":"Slime Boss","floor":16,"turns":9},{"damage":14,"enemies":"3 Byrds","floor":18,"turns":5},{"damage":34,"enemies":"Spheric Guardian","floor":20,"turns":8},{"damage":10,"enemies":"Snecko","floor":22,"turns":7},{"damage":36,"enemies":"Sentry and Sphere","floor":23,"turns":7},{"damage":40,"enemies":"Shelled Parasite and Fungi","floor":25,"turns":5},{"damage":54,"enemies":"Cultist and Chosen","floor":27,"turns":6}],"seed_played":"-7039119691450153220","potions_obtained":[{"floor":3,"key":"SpeedPotion"},{"floor":7,"key":"BloodPotion"},{"floor":14,"key":"Fire Potion"},{"floor":16,"key":"AttackPotion"},{"floor":22,"key":"Explosive Potion"},{"floor":23,"key":"FearPotion"},{"floor":25,"key":"SpeedPotion"}],"is_trial":false,"path_per_floor":["M","?","M","M","$","R","E","?","T","M","M","$","R","M","R","B",null,"M","?","M","$","M","M","R","M","T","M"],"character_chosen":"IRONCLAD","items_purchased":["True Grit","Bandage Up"],"campfire_rested":1,"item_purchase_floors":[12,21],"current_hp_per_floor":[72,72,75,81,81,81,64,64,64,67,62,62,62,71,71,46,82,78,78,53,53,53,30,61,34,34,0],"gold":109,"neow_bonus":"TEN_PERCENT_HP_BONUS","is_prod":false,"is_daily":false,"chose_seed":false,"campfire_upgraded":3,"win_rate":0,"timestamp":1545276324,"path_taken":["M","?","M","M","$","R","E","?","T","M","M","?","R","M","R","BOSS","M","?","M","$","M","M","R","M","T","M"],"build_version":"2018-12-13","purchased_purges":1,"victory":false,"max_hp_per_floor":[82,82,82,82,82,82,82,82,82,85,88,88,88,91,91,94,94,98,98,101,101,101,104,104,107,107,110],"card_choices":[{"not_picked":["Thunderclap","Havoc"],"picked":"Flame Barrier","floor":1},{"not_picked":["Entrench","Sentinel"],"picked":"Uppercut","floor":3},{"not_picked":["Sever Soul","Infernal Blade"],"picked":"Shrug It Off","floor":4},{"not_picked":["Sentinel","Warcry"],"picked":"Feed","floor":7},{"not_picked":["Clash+1","Burning Pact"],"picked":"Inflame","floor":10},{"not_picked":["Anger+1","Warcry"],"picked":"Cleave+1","floor":11},{"not_picked":["Twin Strike+1","Sever Soul+1","Flex"],"picked":"SKIP","floor":14},{"not_picked":["Limit Break","Juggernaut"],"picked":"Demon Form","floor":16},{"not_picked":["Combust","Pommel Strike+1"],"picked":"True Grit","floor":18},{"not_picked":["Carnage+1","Flex","Warcry"],"picked":"SKIP","floor":20},{"not_picked":["Wild Strike+1","Sword Boomerang+1","Warcry+1"],"picked":"SKIP","floor":22},{"not_picked":["Warcry","Uppercut+1","Inflame"],"picked":"SKIP","floor":23},{"not_picked":["Thunderclap+1","Flame Barrier","Second Wind"],"picked":"SKIP","floor":25}],"player_experience":284995,"relics_obtained":[{"floor":7,"key":"Dead Branch"},{"floor":9,"key":"Molten Egg 2"},{"floor":26,"key":"The Courier"}],"event_choices":[{"cards_removed":["Defend_R"],"damage_healed":0,"gold_gain":0,"player_choice":"Card Removal","damage_taken":0,"max_hp_gain":0,"max_hp_loss":0,"event_name":"The Cleric","floor":2,"gold_loss":50},{"damage_healed":0,"gold_gain":0,"player_choice":"Ignored","damage_taken":0,"max_hp_gain":0,"max_hp_loss":0,"event_name":"Liars Game","floor":8,"gold_loss":0},{"damage_healed":0,"gold_gain":0,"player_choice":"Copied","damage_taken":0,"max_hp_gain":0,"max_hp_loss":0,"event_name":"Duplicator","floor":19,"gold_loss":0,"cards_obtained":["Burning Pact"]}],"is_beta":false,"boss_relics":[{"not_picked":["Empty Cage","Runic Cube"],"picked":"Astrolabe"}],"items_purged_floors":[5],"is_endless":false,"potions_floor_spawned":[3,7,14,16,22,23,25],"killed_by":"Cultist and Chosen","ascension_level":14}