{"gold_per_floor":[116,132,150,30,30,50,81,102,129,204,204,219,115,136,136,136],"floor_reached":16,"playtime":449,"items_purged":["Strike_G"],"score":203,"play_id":"651f4ea3-5232-42bb-8aee-8121339d06d5","local_time":"20190205032158","is_ascension_mode":true,"campfire_choices":[{"floor":11,"key":"REST"},{"data":"Noxious Fumes","floor":15,"key":"SMITH"}],"neow_cost":"NONE","seed_source_timestamp":37532903752100,"circlet_count":0,"master_deck":["AscendersBane","Defend_G","Defend_G","Defend_G","Defend_G","Defend_G","Strike_G","Strike_G","Strike_G","Strike_G","Survivor","Neutralize","Dagger Spray","Deadly Poison","Noxious Fumes+1","Terror","PiercingWail","PiercingWail","Deadly Poison","Catalyst"],"relics":["Ring of the Snake","Golden Idol","Nunchaku","Boot"],"potions_floor_usage":[7,12,16,16,16],"damage_taken":[{"damage":1,"enemies":"Cultist","floor":1,"turns":5},{"damage":0,"enemies":"2 Louse","floor":2,"turns":4},{"damage":2,"enemies":"Jaw Worm","floor":3,"turns":4},{"damage":6,"enemies":"Blue Slaver","floor":6,"turns":5},{"damage":24,"enemies":"3 Sentries","floor":7,"turns":8},{"damage":21,"enemies":"Exordium Wildlife","floor":8,"turns":3},{"damage":11,"enemies":"Red Slaver","floor":12,"turns":4},{"damage":6,"enemies":"Blue Slaver","floor":14,"turns":5},{"damage":17,"enemies":"The Guardian","floor":16,"turns":2}],"seed_played":"34184325297820215","potions_obtained":[{"floor":2,"key":"Regen Potion"},{"floor":7,"key":"LiquidBronze"},{"floor":8,"key":"SpeedPotion"},{"floor":12,"key":"SpeedPotion"},{"floor":14,"key":"EntropicBrew"}],"is_trial":false,"path_per_floor":["M","M","M","$","?","M","E","M","T","?","R","M","$","M","R","B"],"character_chosen":"THE_SILENT","items_purchased":["Noxious Fumes","Terror","Deadly Poison"],"campfire_rested":1,"item_purchase_floors":[4,4,13],"current_hp_per_floor":[64,64,62,62,62,56,47,26,26,15,34,23,23,17,17,0],"gold":136,"neow_bonus":"TEN_PERCENT_HP_BONUS","is_prod":false,"is_daily":false,"chose_seed":false,"campfire_upgraded":1,"win_rate":0,"timestamp":1549329718,"path_taken":["M","M","?","$","?","M","E","M","T","?","R","M","$","M","R","BOSS"],"build_version":"2019-01-23","purchased_purges":1,"victory":false,"max_hp_per_floor":[72,72,72,72,65,65,65,65,65,65,65,65,65,65,65,65],"card_choices":[{"not_picked":["Underhanded Strike","Poisoned Stab"],"picked":"Dagger Spray","floor":1},{"not_picked":["PiercingWail","Blade Dance"],"picked":"Deadly Poison","floor":2},{"not_picked":["Infinite Blades","Flying Knee","Dagger Spray"],"picked":"SKIP","floor":3},{"not_picked":["Cloak And Dagger","Prepared","Deflect"],"picked":"SKIP","floor":6},{"not_picked":["Slice","A Thousand Cuts"],"picked":"PiercingWail","floor":7},{"not_picked":["Blur","Acrobatics"],"picked":"PiercingWail","floor":8},{"not_picked":["Sucker Punch","Quick Slash","Blade Dance"],"picked":"SKIP","floor":12},{"not_picked":["Acrobatics","Quick Slash"],"picked":"Catalyst","floor":14}],"player_experience":618184,"relics_obtained":[{"floor":7,"key":"Nunchaku"},{"floor":9,"key":"Boot"}],"event_choices":[{"damage_healed":0,"gold_gain":0,"player_choice":"Lose Max HP","damage_taken":0,"relics_obtained":["Golden Idol"],"max_hp_gain":0,"max_hp_loss":7,"event_name":"Golden Idol","floor":5,"gold_loss":0},{"damage_healed":0,"gold_gain":75,"player_choice":"Gather Gold","damage_taken":11,"max_hp_gain":0,"max_hp_loss":0,"event_name":"World of Goop","floor":10,"gold_loss":0}],"is_beta":false,"boss_relics":[],"items_purged_floors":[13],"is_endless":false,"potions_floor_spawned":[2,7,8,12,14],"killed_by":"The Guardian","ascension_level":19}