{"gold_per_floor":[109,284,294,100,120,120,147,157,157,157,167,167,181,54,54,156,156,145,145,45,45,57,57],"floor_reached":23,"playtime":1017,"items_purged":["Doubt","Strike_G"],"score":264,"play_id":"3178003e-144c-43c4-b3cd-8cdaa7f11de2","local_time":"20180826222140","is_ascension_mode":true,"campfire_choices":[{"data":"Catalyst","floor":6,"key":"SMITH"},{"floor":10,"key":"REST"},{"floor":15,"key":"REST"}],"neow_cost":"","seed_source_timestamp":420071249789566,"circlet_count":0,"master_deck":["Defend_G","Defend_G","Defend_G","Defend_G","Defend_G","Survivor","Neutralize","Cloak And Dagger","Flying Knee","Catalyst+1","Poisoned Stab","Quick Slash","Footwork","Footwork+1","Poisoned Stab","Quick Slash","Noxious Fumes","Backflip","After Image","Poisoned Stab","Bite","Bite","Bite","Bite","Bite","Catalyst"],"relics":["Ring of the Snake","Kunai","Paper Crane","Black Star"],"potions_floor_usage":[],"damage_taken":[{"damage":3,"enemies":"2 Louse","floor":1,"turns":4},{"damage":0,"enemies":"Small Slimes","floor":3,"turns":4},{"damage":0,"enemies":"Cultist","floor":5,"turns":3},{"damage":30,"enemies":"3 Sentries","floor":7,"turns":9},{"damage":0,"enemies":"Exordium Wildlife","floor":8,"turns":6},{"damage":37,"enemies":"Exordium Thugs","floor":11,"turns":6},{"damage":2,"enemies":"2 Fungi Beasts","floor":13,"turns":3},{"damage":22,"enemies":"Hexaghost","floor":16,"turns":9},{"damage":29,"enemies":"2 Thieves","floor":18,"turns":4},{"damage":15,"enemies":"Spheric Guardian","floor":22,"turns":5},{"damage":51,"enemies":"Slavers","floor":23,"turns":3}],"seed_played":"-5425563887489383475","potions_obtained":[{"floor":5,"key":"FearPotion"},{"floor":8,"key":"SpeedPotion"},{"floor":11,"key":"Explosive Potion"}],"is_trial":false,"path_per_floor":["M","?","M","$","M","R","E","M","T","R","M","?","M","$","R","B",null,"M","?","$","?","M"],"character_chosen":"THE_SILENT","items_purchased":["Catalyst","Poisoned Stab","Noxious Fumes","Backflip"],"campfire_rested":2,"item_purchase_floors":[4,4,14,14],"current_hp_per_floor":[67,67,67,67,67,67,37,37,37,58,21,21,19,19,40,18,57,28,51,51,49,38,0],"gold":57,"neow_bonus":"","is_prod":false,"is_daily":false,"chose_seed":false,"campfire_upgraded":1,"win_rate":0,"timestamp":1535340100,"path_taken":["M","?","M","$","M","R","E","M","T","R","M","?","?","?","R","BOSS","M","?","$","?","M","E"],"build_version":"2018-08-23v2","purchased_purges":2,"victory":false,"max_hp_per_floor":[70,70,70,70,70,70,70,70,70,70,70,70,70,70,70,70,70,70,70,70,49,49,49],"card_choices":[{"not_picked":["PiercingWail","Blade Dance"],"picked":"Cloak And Dagger","floor":1},{"not_picked":["Underhanded Strike","Sucker Punch"],"picked":"Flying Knee","floor":3},{"not_picked":["Setup","Dagger Spray"],"picked":"Quick Slash","floor":5},{"not_picked":["Flying Knee","Dash"],"picked":"Footwork","floor":7},{"not_picked":["Underhanded Strike","Endless Agony"],"picked":"Footwork","floor":8},{"not_picked":["Bane","Reflex"],"picked":"Poisoned Stab","floor":11},{"not_picked":["Backflip","Dodge and Roll"],"picked":"Quick Slash","floor":13},{"not_picked":["Die Die Die","Bullet Time"],"picked":"After Image","floor":16},{"not_picked":["Outmaneuver","Dodge and Roll"],"picked":"Poisoned Stab","floor":18},{"not_picked":["All Out Attack+1","Deflect+1"],"picked":"Catalyst","floor":22}],"player_experience":254191,"relics_obtained":[{"floor":7,"key":"Kunai"},{"floor":9,"key":"Paper Crane"}],"event_choices":[{"event_name":"Liars Game","player_choice":"agreed","floor":2,"damage_taken":0},{"event_name":"Upgrade Shrine","player_choice":"Upgraded","floor":12,"damage_taken":0},{"event_name":"The Library","player_choice":"Heal","floor":19,"damage_taken":0},{"event_name":"Vampires","player_choice":"Became a vampire","floor":21,"damage_taken":0}],"is_beta":false,"boss_relics":[{"not_picked":["Tiny House","Calling Bell"],"picked":"Black Star"}],"items_purged_floors":[4,20],"is_endless":false,"potions_floor_spawned":[5,8,11],"killed_by":"Slavers","ascension_level":5}