{"gold_per_floor":[144,189,234,279,244,244,289,289,364,364,409,246,246,291,291,591,591,636,681,726,771,771,771,686,731,731,731],"floor_reached":27,"playtime":2225,"items_purged":[],"score":459,"play_id":"34b6205c-a7f2-4995-bbf8-ba13a15f24e4","local_time":"20190131200106","daily_mods":["Insanity","Hoarder","Midas"],"is_ascension_mode":false,"campfire_choices":[{"floor":6,"key":"REST"},{"floor":8,"key":"REST"},{"floor":13,"key":"REST"},{"floor":15,"key":"REST"},{"floor":23,"key":"REST"}],"neow_cost":"","seed_source_timestamp":0,"circlet_count":0,"master_deck":["Dagger Spray","Outmaneuver","Poisoned Stab","Flying Knee","Crippling Poison","Underhanded Strike","Distraction","Underhanded Strike","Prepared","Flying Knee","Dodge and Roll","Deadly Poison","Flechettes","Outmaneuver","Dodge and Roll","Accuracy","Bouncing Flask","Dagger Spray","Poisoned Stab","Sucker Punch","Flying Knee","Outmaneuver","Terror","Crippling Poison","Slice","Deflect","Dodge and Roll","Underhanded Strike","Deadly Poison","Prepared","Slice","Flying Knee","Acrobatics","Underhanded Strike","Quick Slash","Blade Dance","Endless Agony","Flechettes","Escape Plan","Bane","Cloak And Dagger","Accuracy","Acrobatics","Dodge and Roll","Backflip","Prepared","Outmaneuver","Endless Agony","Sucker Punch","Leg Sweep","Leg Sweep","Leg Sweep","Riddle With Holes","Riddle With Holes","Riddle With Holes","Catalyst","Catalyst","Catalyst","Deadly Poison","Deadly Poison","Deadly Poison","Dagger Throw","Dagger Throw","Dagger Throw","Poisoned Stab","Poisoned Stab","Poisoned Stab","Corpse Explosion","Corpse Explosion","Corpse Explosion","Caltrops","Caltrops","Caltrops","Glass Knife","Glass Knife","Glass Knife","Cloak And Dagger+1","Cloak And Dagger+1","Cloak And Dagger+1","Predator","Predator","Predator","Calculated Gamble","Calculated Gamble","Calculated Gamble","Backflip+1","Backflip+1","Backflip+1","Dodge and Roll+1","Dodge and Roll+1","Dodge and Roll+1"],"special_seed":17928,"relics":["Ring of the Snake","Paper Crane","Black Star","Dodecahedron","Bird Faced Urn"],"potions_floor_usage":[14,27],"damage_taken":[{"damage":2,"enemies":"2 Louse","floor":1,"turns":3},{"damage":0,"enemies":"Small Slimes","floor":2,"turns":3},{"damage":0,"enemies":"Cultist","floor":3,"turns":2},{"damage":22,"enemies":"2 Fungi Beasts","floor":4,"turns":4},{"damage":21,"enemies":"Large Slime","floor":7,"turns":5},{"damage":23,"enemies":"Lots of Slimes","floor":11,"turns":3},{"damage":19,"enemies":"Gremlin Gang","floor":14,"turns":3},{"damage":37,"enemies":"The Guardian","floor":16,"turns":7},{"damage":23,"enemies":"3 Byrds","floor":18,"turns":6},{"damage":10,"enemies":"Spheric Guardian","floor":19,"turns":3},{"damage":8,"enemies":"3 Cultists","floor":20,"turns":3},{"damage":16,"enemies":"Snake Plant","floor":21,"turns":4},{"damage":15,"enemies":"Snecko","floor":25,"turns":4},{"damage":21,"enemies":"Sentry and Sphere","floor":27,"turns":3}],"seed_played":"4077721088213470918","potions_obtained":[{"floor":2,"key":"LiquidBronze"},{"floor":3,"key":"EssenceOfSteel"},{"floor":7,"key":"Ancient Potion"}],"is_trial":false,"path_per_floor":["M","M","M","M","?","R","M","R","T","?","M","$","R","M","R","B",null,"M","M","M","M","?","R","?","M","T","M"],"character_chosen":"THE_SILENT","items_purchased":["Corpse Explosion"],"campfire_rested":5,"item_purchase_floors":[12],"current_hp_per_floor":[68,68,68,46,63,70,49,70,70,70,47,47,68,49,70,33,70,47,37,29,13,13,34,34,19,19,0],"gold":731,"neow_bonus":"","is_prod":false,"is_daily":true,"chose_seed":false,"campfire_upgraded":0,"win_rate":0,"timestamp":1548993666,"path_taken":["M","M","M","M","?","R","M","R","T","?","M","$","R","M","R","BOSS","M","M","M","M","?","R","?","M","T","M"],"build_version":"2019-01-23","purchased_purges":0,"victory":false,"max_hp_per_floor":[70,70,70,70,70,70,70,70,70,70,70,70,70,70,70,70,70,70,70,70,70,70,70,70,70,70,70],"card_choices":[{"not_picked":["Backflip","Sucker Punch"],"picked":"Leg Sweep","floor":1},{"not_picked":["Blade Dance","Flying Knee"],"picked":"Riddle With Holes","floor":2},{"not_picked":["Deflect","Bane"],"picked":"Catalyst","floor":3},{"not_picked":["Terror","Eviscerate"],"picked":"Deadly Poison","floor":4},{"not_picked":["Prepared","Acrobatics"],"picked":"Dagger Throw","floor":7},{"not_picked":["Bane","Dodge and Roll"],"picked":"Poisoned Stab","floor":11},{"not_picked":["Slice","Accuracy"],"picked":"Caltrops","floor":14},{"not_picked":["Storm of Steel","Grand Finale"],"picked":"Glass Knife","floor":16},{"not_picked":["Slice+1","PiercingWail"],"picked":"Cloak And Dagger+1","floor":18},{"not_picked":["Dagger Throw","Prepared"],"picked":"Predator","floor":19},{"not_picked":["Dagger Throw","Bane"],"picked":"Calculated Gamble","floor":20},{"not_picked":["Predator","Dagger Spray"],"picked":"Backflip+1","floor":21},{"not_picked":["Outmaneuver","Blade Dance+1"],"picked":"Dodge and Roll+1","floor":25}],"player_experience":375389,"relics_obtained":[{"floor":9,"key":"Paper Crane"},{"floor":26,"key":"Bird Faced Urn"}],"event_choices":[{"damage_healed":17,"gold_gain":0,"player_choice":"Healed","damage_taken":0,"max_hp_gain":0,"max_hp_loss":0,"event_name":"The Cleric","floor":5,"gold_loss":35},{"damage_healed":0,"gold_gain":0,"player_choice":"Ignored","damage_taken":0,"max_hp_gain":0,"max_hp_loss":0,"event_name":"Liars Game","floor":10,"gold_loss":0},{"cards_removed":["Underhanded Strike"],"damage_healed":0,"gold_gain":0,"player_choice":"Elegance","damage_taken":0,"max_hp_gain":0,"max_hp_loss":0,"event_name":"Back to Basics","floor":22,"gold_loss":0},{"damage_healed":0,"gold_gain":0,"player_choice":"Obtained Relic","damage_taken":0,"relics_obtained":["Dodecahedron"],"max_hp_gain":0,"max_hp_loss":0,"event_name":"Addict","floor":24,"gold_loss":85}],"is_beta":false,"boss_relics":[{"not_picked":["Empty Cage","Ring of the Serpent"],"picked":"Black Star"}],"items_purged_floors":[],"is_endless":false,"potions_floor_spawned":[2,3,7],"killed_by":"Sentry and Sphere","ascension_level":0}