{"gold_per_floor":[115,129,149,149,168,194,210,210,237,269,269,288,288,298,298,298],"floor_reached":16,"playtime":1116,"items_purged":[],"score":114,"play_id":"cacd1dfc-06db-49f7-8c81-8f2dec4639bb","local_time":"20181227130641","is_ascension_mode":false,"campfire_choices":[{"data":"Body Slam","floor":8,"key":"SMITH"},{"floor":13,"key":"REST"},{"data":"Cleave","floor":15,"key":"SMITH"}],"neow_cost":"NONE","seed_source_timestamp":507653478133313,"circlet_count":0,"master_deck":["Strike_R","Strike_R","Strike_R","Strike_R","Defend_R","Defend_R","Defend_R","Defend_R","Bash","Iron Wave","Body Slam+1","Cleave+1","Ghostly Armor","Whirlwind+1"],"relics":["Burning Blood","Lantern","Boot","Happy Flower","PreservedInsect"],"potions_floor_usage":[6,7,14,16],"damage_taken":[{"damage":8,"enemies":"Jaw Worm","floor":1,"turns":3},{"damage":10,"enemies":"Small Slimes","floor":2,"turns":4},{"damage":1,"enemies":"2 Louse","floor":3,"turns":3},{"damage":2,"enemies":"Large Slime","floor":5,"turns":5},{"damage":66,"enemies":"Lagavulin","floor":6,"turns":9},{"damage":9,"enemies":"2 Fungi Beasts","floor":7,"turns":2},{"damage":16,"enemies":"3 Sentries","floor":10,"turns":5},{"damage":6,"enemies":"Exordium Wildlife","floor":12,"turns":2},{"damage":16,"enemies":"Large Slime","floor":14,"turns":5},{"damage":34,"enemies":"The Guardian","floor":16,"turns":5}],"seed_played":"2100572849845014776","potions_obtained":[{"floor":1,"key":"BloodPotion"},{"floor":2,"key":"SkillPotion"},{"floor":5,"key":"BloodPotion"},{"floor":12,"key":"Swift Potion"}],"is_trial":false,"path_per_floor":["M","M","M","?","M","E","M","R","T","E","?","M","R","M","R","B"],"character_chosen":"IRONCLAD","items_purchased":[],"campfire_rested":1,"item_purchase_floors":[],"current_hp_per_floor":[78,74,79,72,76,24,29,29,29,19,19,19,43,33,33,0],"gold":298,"neow_bonus":"RANDOM_COMMON_RELIC","is_prod":false,"is_daily":false,"chose_seed":false,"campfire_upgraded":2,"win_rate":0.0,"timestamp":1545944801,"path_taken":["M","M","M","?","M","E","M","R","T","E","?","M","R","M","R","BOSS"],"build_version":"2018-12-20","purchased_purges":0,"victory":false,"max_hp_per_floor":[80,80,80,80,80,80,80,80,80,80,80,80,80,80,80,80],"card_choices":[{"not_picked":["Burning Pact","Warcry"],"picked":"Iron Wave","floor":1},{"not_picked":["Sword Boomerang","Clash"],"picked":"Body Slam","floor":2},{"not_picked":["Inflame","Sword Boomerang"],"picked":"Cleave","floor":3},{"not_picked":["True Grit","Hemokinesis"],"picked":"Ghostly Armor","floor":5},{"not_picked":["Pommel Strike","Feed"],"picked":"Whirlwind","floor":6},{"not_picked":["Metallicize","Clash","Armaments"],"picked":"SKIP","floor":7},{"not_picked":["Flex","Anger","Second Wind"],"picked":"SKIP","floor":10},{"not_picked":["Armaments","Perfected Strike","Thunderclap"],"picked":"SKIP","floor":12},{"not_picked":["Flex","Warcry","Double Tap"],"picked":"SKIP","floor":14}],"player_experience":11741,"relics_obtained":[{"floor":6,"key":"Boot"},{"floor":9,"key":"Happy Flower"},{"floor":10,"key":"PreservedInsect"}],"event_choices":[{"cards_removed":["Strike_R"],"damage_healed":0,"gold_gain":0,"player_choice":"Card Removal","damage_taken":7,"max_hp_gain":0,"max_hp_loss":0,"event_name":"Golden Wing","floor":4,"gold_loss":0},{"damage_healed":0,"gold_gain":0,"player_choice":"Grow","damage_taken":0,"max_hp_gain":0,"max_hp_loss":0,"event_name":"Living Wall","floor":11,"gold_loss":0,"cards_upgraded":["Whirlwind"]}],"is_beta":false,"boss_relics":[],"items_purged_floors":[],"is_endless":false,"potions_floor_spawned":[1,2,5,12],"killed_by":"The Guardian","ascension_level":0}