{"gold_per_floor":[117,292,308,124,140,170,170,182,182,196,214,214,214,232,232,353,353,367,367,386,409,409,409,434,434,481,495,268,293,218,236,236,357,357,381,94,117,1,21,21,21,42,42,65,65,65,65,0,0,0],"floor_reached":51,"playtime":1571,"items_purged":["Doubt","Strike_B"],"score":653,"play_id":"d815d5aa-f9ed-4422-bc19-30f74181e405","local_time":"20180904204001","is_ascension_mode":false,"campfire_choices":[{"data":"Storm","floor":7,"key":"SMITH"},{"floor":15,"key":"REST"},{"floor":23,"key":"REST"},{"floor":25,"key":"REST"},{"floor":32,"key":"REST"},{"data":"Storm","floor":40,"key":"SMITH"},{"floor":47,"key":"REST"},{"floor":49,"key":"REST"}],"neow_cost":"NONE","seed_source_timestamp":5548128955549,"circlet_count":0,"master_deck":["Strike_B","Defend_B","Defend_B","Defend_B","Defend_B","Zap+1","Dualcast","Cold Snap","Storm+1","White Noise+1","Heatsinks","Conserve Battery","Hello World","Echo Form","Consume+1","Glacier+1","Storm+1","Conserve Battery+1","Buffer","Creative AI","Buffer","Amplify+1","Loop","Auto Shields+1"],"relics":["Cracked Core","Centennial Puzzle","Toxic Egg 2","Golden Idol","Inserter","Happy Flower","Busted Crown","Mummified Hand","Prayer Wheel","Red Mask"],"potions_floor_usage":[10,18,20,50,50,50],"damage_taken":[{"damage":2,"enemies":"2 Louse","floor":1,"turns":2},{"damage":4,"enemies":"Jaw Worm","floor":3,"turns":3},{"damage":0,"enemies":"Cultist","floor":5,"turns":4},{"damage":36,"enemies":"3 Sentries","floor":6,"turns":10},{"damage":1,"enemies":"Exordium Wildlife","floor":8,"turns":3},{"damage":5,"enemies":"3 Louse","floor":10,"turns":3},{"damage":0,"enemies":"Large Slime","floor":11,"turns":4},{"damage":5,"enemies":"Looter","floor":14,"turns":3},{"damage":26,"enemies":"The Guardian","floor":16,"turns":12},{"damage":27,"enemies":"Shell Parasite","floor":18,"turns":5},{"damage":3,"enemies":"Chosen","floor":20,"turns":5},{"damage":19,"enemies":"Centurion and Healer","floor":21,"turns":7},{"damage":6,"enemies":"Cultist and Chosen","floor":24,"turns":6},{"damage":0,"enemies":"Snecko","floor":27,"turns":4},{"damage":6,"enemies":"Snake Plant","floor":29,"turns":4},{"damage":20,"enemies":"Shelled Parasite and Fungi","floor":31,"turns":7},{"damage":20,"enemies":"Automaton","floor":33,"turns":11},{"damage":13,"enemies":"3 Darklings","floor":35,"turns":4},{"damage":0,"enemies":"Orb Walker","floor":37,"turns":3},{"damage":2,"enemies":"Transient","floor":39,"turns":5},{"damage":21,"enemies":"Maw","floor":42,"turns":5},{"damage":0,"enemies":"4 Shapes","floor":44,"turns":3},{"damage":3,"enemies":"Mind Bloom Boss Battle","floor":46,"turns":4},{"damage":41,"enemies":"Awakened One","floor":50,"turns":6}],"seed_played":"5525721827924367161","potions_obtained":[{"floor":1,"key":"SpeedPotion"},{"floor":5,"key":"EssenceOfSteel"},{"floor":6,"key":"PowerPotion"},{"floor":14,"key":"AttackPotion"},{"floor":21,"key":"AttackPotion"},{"floor":24,"key":"Dexterity Potion"}],"is_trial":false,"path_per_floor":["M","?","M","$","M","E","R","M","T","M","M","?","?","M","R","B",null,"M","?","M","M","?","R","M","R","T","M","$","M","?","M","R","B",null,"M","$","M","$","M","R","$","M","T","M","?","?","R","?","R","B"],"character_chosen":"DEFECT","items_purchased":["White Noise","Heatsinks","Storm","Conserve Battery+1","Buffer","Amplify+1","Loop","Auto Shields+1"],"campfire_rested":6,"item_purchase_floors":[4,4,28,28,36,36,38,38],"current_hp_per_floor":[73,73,69,69,69,33,33,32,32,27,27,27,27,22,42,16,69,42,42,39,20,20,40,34,54,54,54,54,48,48,28,48,28,69,56,56,56,56,54,54,54,33,33,33,33,30,50,50,69,28],"gold":0,"neow_bonus":"UPGRADE_CARD","is_prod":false,"is_daily":false,"chose_seed":false,"campfire_upgraded":2,"win_rate":0,"timestamp":1536090001,"path_taken":["M","?","M","$","M","E","R","M","T","M","?","?","?","M","R","BOSS","M","?","?","?","?","R","M","R","T","M","$","M","?","M","R","BOSS","M","$","M","$","M","R","$","M","T","M","?","?","R","?","R","BOSS"],"build_version":"2018-08-30","purchased_purges":2,"victory":true,"max_hp_per_floor":[75,75,75,75,75,75,75,75,75,75,75,75,69,69,69,69,69,69,69,69,69,69,69,69,69,69,69,69,69,69,69,69,69,69,69,69,69,69,69,69,69,69,69,69,69,69,69,69,69,69],"card_choices":[{"not_picked":["Undo","Conserve Battery"],"picked":"Cold Snap","floor":1},{"not_picked":["Sweeping Beam","Redo"],"picked":"Storm","floor":3},{"not_picked":["Hologram","Sweeping Beam","Compile Driver"],"picked":"SKIP","floor":5},{"not_picked":["Rip and Tear","Sweeping Beam","Go for the Eyes"],"picked":"SKIP","floor":6},{"not_picked":["Cold Snap","Streamline"],"picked":"Conserve Battery","floor":8},{"not_picked":["FTL","Blizzard"],"picked":"Hello World","floor":10},{"not_picked":["Fission+1","Coolheaded+1","Beam Cell"],"picked":"SKIP","floor":11},{"not_picked":["Rebound","Skim+1","FTL"],"picked":"SKIP","floor":14},{"not_picked":["Fission+1","Amplify+1"],"picked":"Echo Form","floor":16},{"not_picked":["Genetic Algorithm+1","Cold Snap+1"],"picked":"Consume+1","floor":18},{"not_picked":["Redo+1","Hologram+1","Barrage"],"picked":"SKIP","floor":20},{"not_picked":["Sweeping Beam","Sunder+1"],"picked":"Glacier+1","floor":21},{"not_picked":["Redo+1","Compile Driver","Tempest+1"],"picked":"SKIP","floor":24},{"not_picked":["Go for the Eyes","Hologram+1","Streamline"],"picked":"SKIP","floor":27},{"not_picked":["Redo+1","Go for the Eyes"],"picked":"Buffer","floor":29},{"not_picked":["Cold Snap","Turbo+1","Redo+1"],"picked":"SKIP","floor":31},{"not_picked":["Meteor Strike","Multi-Cast+1"],"picked":"Creative AI","floor":33},{"not_picked":["Skim+1"],"picked":"SKIP","floor":35},{"not_picked":["Stack+1"],"picked":"SKIP","floor":37},{"not_picked":["Force Field+1"],"picked":"SKIP","floor":39},{"not_picked":["Hello World"],"picked":"SKIP","floor":42},{"not_picked":["Gash+1"],"picked":"SKIP","floor":44}],"player_experience":17747,"relics_obtained":[{"floor":6,"key":"Centennial Puzzle"},{"floor":9,"key":"Toxic Egg 2"},{"floor":26,"key":"Happy Flower"},{"floor":43,"key":"Mummified Hand"},{"floor":46,"key":"Prayer Wheel"}],"event_choices":[{"event_name":"Liars Game","player_choice":"agreed","floor":2,"damage_taken":0},{"event_name":"Living Wall","player_choice":"Change","floor":12,"damage_taken":0},{"event_name":"Golden Idol","player_choice":"Lose Max HP","floor":13,"damage_taken":0},{"event_name":"Cursed Tome","player_choice":"Ignored","floor":19,"damage_taken":0},{"event_name":"Upgrade Shrine","player_choice":"Upgraded","floor":22,"damage_taken":0},{"event_name":"Beggar","player_choice":"Gave Gold","floor":30,"damage_taken":0},{"event_name":"Falling","player_choice":"Removed Attack","floor":45,"damage_taken":0},{"event_name":"MindBloom","player_choice":"Fight","floor":46,"damage_taken":0},{"event_name":"Tomb of Lord Red Mask","player_choice":"Paid","floor":48,"damage_taken":0}],"is_beta":false,"boss_relics":[{"not_picked":["Eternal Feather","Empty Cage"],"picked":"Inserter"},{"not_picked":["Philosopher\u0027s Stone","Snecko Eye"],"picked":"Busted Crown"}],"items_purged_floors":[4,28],"is_endless":false,"potions_floor_spawned":[1,5,6,14,16,21,24,29,35,42,44],"ascension_level":0}