{"gold_per_floor":[112,287,287,312,143,182,182,222,290,290,311,16,41,64,64,187,187,208,227,227,250,265,265],"floor_reached":23,"playtime":1373,"items_purged":["Doubt"],"score":254,"play_id":"331ec5d5-789d-48b6-ba04-6ce6eecbcc0b","local_time":"20190109233730","is_ascension_mode":true,"campfire_choices":[{"floor":7,"key":"REST"},{"data":"Zap","floor":10,"key":"SMITH"},{"data":"Dualcast","floor":15,"key":"SMITH"}],"neow_cost":"NONE","seed_source_timestamp":713258952234352,"circlet_count":0,"master_deck":["Strike_B","Strike_B","Strike_B","Strike_B","Defend_B","Defend_B","Defend_B","Defend_B","Zap+1","Dualcast+1","Go for the Eyes","Ball Lightning","Flash of Steel","Rebound","Sweeping Beam","Leap","Barrage","BootSequence","Creative AI+1","Leap","Loop+1","Creative AI+1","Electrodynamics+1"],"relics":["Cracked Core","Boot","Golden Idol","Potion Belt","Frozen Egg 2","Mercury Hourglass","Mummified Hand","Sozu"],"potions_floor_usage":[6,16,23],"damage_taken":[{"damage":3,"enemies":"Small Slimes","floor":1,"turns":3},{"damage":12,"enemies":"Jaw Worm","floor":4,"turns":3},{"damage":15,"enemies":"3 Sentries","floor":6,"turns":6},{"damage":12,"enemies":"Gremlin Nob","floor":8,"turns":3},{"damage":0,"enemies":"2 Louse","floor":11,"turns":1},{"damage":5,"enemies":"Red Slaver","floor":13,"turns":2},{"damage":0,"enemies":"Exordium Wildlife","floor":14,"turns":2},{"damage":24,"enemies":"Hexaghost","floor":16,"turns":10},{"damage":16,"enemies":"2 Thieves","floor":18,"turns":4},{"damage":9,"enemies":"Shell Parasite","floor":19,"turns":6},{"damage":14,"enemies":"Snake Plant","floor":21,"turns":4},{"damage":0,"enemies":"Centurion and Healer","floor":22,"turns":4},{"damage":22,"enemies":"Slavers","floor":23,"turns":2}],"seed_played":"1465675662137499224","potions_obtained":[{"floor":4,"key":"SteroidPotion"},{"floor":11,"key":"Poison Potion"},{"floor":14,"key":"SteroidPotion"}],"is_trial":false,"path_per_floor":["M","?","?","M","$","E","R","E","T","R","M","$","M","M","R","B",null,"M","M","?","M","M","E"],"character_chosen":"DEFECT","items_purchased":["Flash of Steel","Mummified Hand","Dexterity Potion"],"campfire_rested":1,"item_purchase_floors":[5,12,12],"current_hp_per_floor":[72,72,54,42,42,27,49,37,37,37,37,37,32,32,32,8,58,42,33,33,19,19,0],"gold":265,"neow_bonus":"RANDOM_COMMON_RELIC","is_prod":false,"is_daily":false,"chose_seed":false,"campfire_upgraded":2,"win_rate":0,"timestamp":1547098650,"path_taken":["M","?","?","M","$","E","R","E","T","R","M","$","M","M","R","BOSS","M","M","?","M","?","E"],"build_version":"2019-01-03v4","purchased_purges":1,"victory":false,"max_hp_per_floor":[75,75,75,75,75,75,75,75,75,75,75,75,75,75,75,75,75,75,75,75,75,75,75],"card_choices":[{"not_picked":["Auto Shields","Streamline"],"picked":"Go for the Eyes","floor":1},{"not_picked":["Rebound","Streamline"],"picked":"Ball Lightning","floor":4},{"not_picked":["Redo","Streamline"],"picked":"Rebound","floor":6},{"not_picked":["Compile Driver","Cold Snap"],"picked":"Sweeping Beam","floor":8},{"not_picked":["Ball Lightning","Rainbow"],"picked":"Leap","floor":11},{"not_picked":["Melter","Sweeping Beam"],"picked":"Barrage","floor":13},{"not_picked":["Rebound","Conserve Battery"],"picked":"BootSequence","floor":14},{"not_picked":["Electrodynamics+1","Multi-Cast"],"picked":"Creative AI+1","floor":16},{"not_picked":["Rebound","Compile Driver"],"picked":"Leap","floor":18},{"not_picked":["Rebound","Ball Lightning"],"picked":"Loop+1","floor":19},{"not_picked":["Barrage","Steam Power+1"],"picked":"Electrodynamics+1","floor":21},{"not_picked":["Rebound","Barrage+1","Redo"],"picked":"SKIP","floor":22}],"player_experience":465817,"relics_obtained":[{"floor":6,"key":"Potion Belt"},{"floor":8,"key":"Frozen Egg 2"},{"floor":9,"key":"Mercury Hourglass"}],"event_choices":[{"damage_healed":0,"gold_gain":175,"player_choice":"AGREE","damage_taken":0,"max_hp_gain":0,"max_hp_loss":0,"event_name":"Liars Game","floor":2,"gold_loss":0,"cards_obtained":["Doubt"]},{"damage_healed":0,"gold_gain":0,"player_choice":"Take Damage","damage_taken":18,"relics_obtained":["Golden Idol"],"max_hp_gain":0,"max_hp_loss":0,"event_name":"Golden Idol","floor":3,"gold_loss":0},{"damage_healed":0,"gold_gain":0,"player_choice":"Copied","damage_taken":0,"max_hp_gain":0,"max_hp_loss":0,"event_name":"Duplicator","floor":20,"gold_loss":0,"cards_obtained":["Creative AI"]}],"is_beta":false,"boss_relics":[{"not_picked":["Busted Crown","Coffee Dripper"],"picked":"Sozu"}],"items_purged_floors":[5],"is_endless":false,"potions_floor_spawned":[4,11,14,18],"killed_by":"Slavers","ascension_level":5}