{"gold_per_floor":[116,47,47,12,12,12,46,46,46,76,90,108,136,146,146,221,221,241,260,278,278,2,2,2,14,87,105,105,117,117,137,137,211,211,231,250,250,267,50,50,4,4,85,102,120,134,134,149,149,149],"floor_reached":51,"playtime":2659,"items_purged":["Strike_G","Strike_G+1"],"score":1206,"play_id":"9db64966-d091-4b78-bedd-16fc3eb8e464","local_time":"20190105105930","is_ascension_mode":true,"campfire_choices":[{"data":"Deadly Poison","floor":6,"key":"SMITH"},{"data":"Neutralize","floor":8,"key":"SMITH"},{"floor":15,"key":"REST"},{"data":"Malaise","floor":23,"key":"SMITH"},{"floor":30,"key":"REST"},{"data":"Backflip","floor":32,"key":"SMITH"},{"data":"Catalyst","floor":40,"key":"SMITH"},{"data":"Backflip","floor":42,"key":"SMITH"},{"data":"Catalyst","floor":47,"key":"SMITH"},{"data":"Caltrops","floor":49,"key":"SMITH"}],"neow_cost":"TEN_PERCENT_HP_LOSS","seed_source_timestamp":9719575228361,"circlet_count":0,"master_deck":["AscendersBane","Defend_G","Defend_G","Defend_G","Defend_G","Defend_G","Survivor","Neutralize+1","Die Die Die","Die Die Die+1","Deadly Poison+1","Escape Plan","PiercingWail","Bouncing Flask+1","Malaise+1","Backflip+1","Deflect","Caltrops+1","Catalyst+1","Backflip+1","Parasite","Catalyst+1","Backflip+1","Parasite"],"relics":["Ring of the Snake","Whetstone","Singing Bowl","Boot","Anchor","Runic Dome","TwistedFunnel","Pantograph","Sozu","Frozen Egg 2"],"potions_floor_usage":[10,13,18,19,33,48,50],"damage_taken":[{"damage":0,"enemies":"Small Slimes","floor":1,"turns":3},{"damage":24,"enemies":"3 Sentries","floor":7,"turns":10},{"damage":7,"enemies":"Lagavulin","floor":10,"turns":6},{"damage":0,"enemies":"Jaw Worm","floor":11,"turns":5},{"damage":0,"enemies":"Cultist","floor":12,"turns":2},{"damage":18,"enemies":"Gremlin Nob","floor":13,"turns":4},{"damage":0,"enemies":"Looter","floor":14,"turns":2},{"damage":9,"enemies":"Hexaghost","floor":16,"turns":9},{"damage":0,"enemies":"Chosen","floor":18,"turns":4},{"damage":3,"enemies":"Shell Parasite","floor":19,"turns":4},{"damage":9,"enemies":"Centurion and Healer","floor":20,"turns":12},{"damage":5,"enemies":"Shelled Parasite and Fungi","floor":25,"turns":4},{"damage":0,"enemies":"Snake Plant","floor":27,"turns":4},{"damage":6,"enemies":"Colosseum Slavers","floor":28,"turns":3},{"damage":16,"enemies":"Centurion and Healer","floor":29,"turns":9},{"damage":0,"enemies":"Chosen and Byrds","floor":31,"turns":5},{"damage":27,"enemies":"Champ","floor":33,"turns":13},{"damage":2,"enemies":"Orb Walker","floor":35,"turns":4},{"damage":27,"enemies":"3 Darklings","floor":36,"turns":7},{"damage":3,"enemies":"Sphere and 2 Shapes","floor":38,"turns":4},{"damage":0,"enemies":"Writhing Mass","floor":44,"turns":4},{"damage":0,"enemies":"Transient","floor":45,"turns":5},{"damage":0,"enemies":"Spire Growth","floor":46,"turns":3},{"damage":0,"enemies":"Writhing Mass","floor":48,"turns":3},{"damage":39,"enemies":"Time Eater","floor":50,"turns":6}],"seed_played":"-8489500290604690410","potions_obtained":[{"floor":7,"key":"AttackPotion"},{"floor":10,"key":"SkillPotion"},{"floor":13,"key":"Swift Potion"},{"floor":16,"key":"Explosive Potion"},{"floor":20,"key":"GhostInAJar"},{"floor":29,"key":"SkillPotion"},{"floor":33,"key":"Dexterity Potion"}],"is_trial":false,"path_per_floor":["M","$","?","?","?","R","E","R","T","E","M","M","E","M","R","B",null,"M","M","M","?","$","R","?","M","T","M","?","M","R","M","R","B",null,"M","M","?","M","$","R","$","R","T","M","M","M","R","M","R","B",null],"character_chosen":"THE_SILENT","items_purchased":["Escape Plan","TwistedFunnel","Caltrops","Catalyst","Backflip"],"campfire_rested":2,"item_purchase_floors":[2,22,39,39,41],"current_hp_per_floor":[59,59,52,60,51,51,27,27,27,22,22,24,8,10,30,21,56,58,55,48,48,48,48,48,45,45,47,41,25,47,49,49,49,72,72,47,47,46,46,46,46,46,46,46,48,48,48,50,50,36],"gold":149,"neow_bonus":"TRANSFORM_TWO_CARDS","is_prod":false,"is_daily":false,"chose_seed":false,"campfire_upgraded":8,"win_rate":0,"timestamp":1546685970,"path_taken":["M","$","?","?","?","R","E","R","T","E","?","M","E","M","R","BOSS","M","M","M","?","$","R","?","M","T","?","?","M","R","M","R","BOSS","M","M","?","M","?","R","$","R","T","M","?","M","R","M","R","BOSS"],"build_version":"2019-01-03v4","purchased_purges":2,"victory":true,"max_hp_per_floor":[60,60,60,60,60,60,60,60,60,62,62,64,66,68,68,68,68,70,70,72,72,72,72,72,74,74,76,76,76,76,78,78,80,80,82,84,80,82,82,82,82,82,82,82,84,84,84,86,86,86],"card_choices":[{"not_picked":["Choke","Well Laid Plans"],"picked":"Deadly Poison","floor":1},{"not_picked":["Corpse Explosion","Finisher"],"picked":"PiercingWail","floor":7},{"not_picked":["Poisoned Stab","PiercingWail","Dodge and Roll"],"picked":"Singing Bowl","floor":10},{"not_picked":["Underhanded Strike","Quick Slash"],"picked":"Bouncing Flask","floor":11},{"not_picked":["Flying Knee","Bane","Deadly Poison"],"picked":"Singing Bowl","floor":12},{"not_picked":["Phantasmal Killer","Concentrate","Slice"],"picked":"Singing Bowl","floor":13},{"not_picked":["Distraction","Bane","Dagger Spray"],"picked":"Singing Bowl","floor":14},{"not_picked":["Unload","Tools of the Trade"],"picked":"Malaise","floor":16},{"not_picked":["Distraction+1","Accuracy","Heel Hook"],"picked":"Singing Bowl","floor":18},{"not_picked":["Slice","Masterful Stab"],"picked":"Backflip","floor":19},{"not_picked":["Quick Slash+1","Slice","Dagger Spray"],"picked":"Singing Bowl","floor":20},{"not_picked":["Dodge and Roll","Dagger Throw","Sucker Punch"],"picked":"Singing Bowl","floor":25},{"not_picked":["Backflip","Blade Dance","Slice"],"picked":"Singing Bowl","floor":27},{"not_picked":["Flying Knee+1","Outmaneuver"],"picked":"Deflect","floor":29},{"not_picked":["Corpse Explosion","Deflect+1","Underhanded Strike+1"],"picked":"Singing Bowl","floor":31},{"not_picked":["Malaise","Corpse Explosion","Venomology"],"picked":"Singing Bowl","floor":33},{"not_picked":["Deflect+1","Deadly Poison","Blade Dance"],"picked":"Singing Bowl","floor":35},{"not_picked":["PiercingWail","Infinite Blades","Prepared+1"],"picked":"Singing Bowl","floor":36},{"not_picked":["Well Laid Plans","Calculated Gamble","PiercingWail"],"picked":"Singing Bowl","floor":38},{"not_picked":["Leg Sweep","Concentrate+1"],"picked":"Catalyst","floor":44},{"not_picked":["Dagger Throw+1","Prepared","Predator"],"picked":"Singing Bowl","floor":45},{"not_picked":["Reflex","Leg Sweep+1"],"picked":"Backflip+1","floor":46},{"not_picked":["Heel Hook","Underhanded Strike","Backflip"],"picked":"Singing Bowl","floor":48}],"player_experience":343241,"relics_obtained":[{"floor":7,"key":"Whetstone"},{"floor":9,"key":"Singing Bowl"},{"floor":10,"key":"Boot"},{"floor":13,"key":"Anchor"},{"floor":26,"key":"Pantograph"},{"floor":43,"key":"Frozen Egg 2"}],"event_choices":[{"cards_removed":["Strike_G"],"damage_healed":0,"gold_gain":0,"player_choice":"Card Removal","damage_taken":7,"max_hp_gain":0,"max_hp_loss":0,"event_name":"Golden Wing","floor":3,"gold_loss":0},{"damage_healed":15,"gold_gain":0,"player_choice":"Healed","damage_taken":0,"max_hp_gain":0,"max_hp_loss":0,"event_name":"The Cleric","floor":4,"gold_loss":35},{"damage_healed":0,"gold_gain":0,"player_choice":"Damaged","damage_taken":9,"max_hp_gain":0,"max_hp_loss":0,"event_name":"Wheel of Change","floor":5,"gold_loss":0},{"damage_healed":0,"gold_gain":0,"player_choice":"Ignored","damage_taken":0,"max_hp_gain":0,"max_hp_loss":0,"event_name":"Vampires","floor":21,"gold_loss":0},{"damage_healed":0,"gold_gain":0,"player_choice":"Forge","damage_taken":0,"max_hp_gain":0,"max_hp_loss":0,"event_name":"Accursed Blacksmith","floor":24,"gold_loss":0,"cards_upgraded":["Bouncing Flask"]},{"damage_healed":0,"gold_gain":0,"player_choice":"Fight","damage_taken":0,"max_hp_gain":0,"max_hp_loss":0,"event_name":"Colosseum","floor":28,"gold_loss":0},{"damage_healed":0,"gold_gain":0,"player_choice":"Fled From Nobs","damage_taken":0,"max_hp_gain":0,"max_hp_loss":0,"event_name":"Colosseum","floor":28,"gold_loss":0},{"damage_healed":0,"gold_gain":0,"player_choice":"Max HP","damage_taken":0,"max_hp_gain":0,"max_hp_loss":4,"event_name":"Winding Halls","floor":37,"gold_loss":0}],"is_beta":false,"boss_relics":[{"not_picked":["HoveringKite","White Beast Statue"],"picked":"Runic Dome"},{"not_picked":["Runic Pyramid","Lizard Tail"],"picked":"Sozu"}],"items_purged_floors":[22,39],"is_endless":false,"potions_floor_spawned":[7,10,13,16,20,28,29,33,35,44,46,48],"ascension_level":15}