{"gold_per_floor":[110,122,122,141,158,158,189,189,189,28,28,28,28,42,42,118,118,129,129,142,142,67,67],"floor_reached":23,"playtime":1624,"items_purged":["Writhe"],"score":340,"play_id":"e6979311-3261-4e2d-9d8c-d129f7619694","local_time":"20190201052832","is_ascension_mode":true,"campfire_choices":[{"data":"Noxious Fumes","floor":6,"key":"SMITH"},{"data":"Footwork","floor":8,"key":"SMITH"},{"data":"Riddle With Holes","floor":11,"key":"SMITH"},{"data":"Neutralize","floor":13,"key":"SMITH"},{"data":"Blur","floor":15,"key":"SMITH"}],"neow_cost":"NONE","seed_source_timestamp":1856328021940263,"circlet_count":0,"master_deck":["AscendersBane","Defend_G","Defend_G","Defend_G","Defend_G","Defend_G","Strike_G","Strike_G","Strike_G","Strike_G","Strike_G","Survivor","Neutralize+1","Noxious Fumes+1","Riddle With Holes+1","Footwork+1","Blur+1","Corpse Explosion","Backstab","RitualDagger"],"relics":["Eternal Feather","Anchor","Mercury Hourglass","Lantern","Blood Vial","Philosopher\u0027s Stone","Orichalcum"],"potions_floor_usage":[7,16],"damage_taken":[{"damage":2,"enemies":"Cultist","floor":1,"turns":4},{"damage":7,"enemies":"2 Louse","floor":2,"turns":4},{"damage":0,"enemies":"Small Slimes","floor":4,"turns":4},{"damage":12,"enemies":"Exordium Wildlife","floor":5,"turns":5},{"damage":47,"enemies":"Lagavulin","floor":7,"turns":7},{"damage":0,"enemies":"Lots of Slimes","floor":14,"turns":4},{"damage":24,"enemies":"The Guardian","floor":16,"turns":13},{"damage":16,"enemies":"Shell Parasite","floor":18,"turns":6},{"damage":22,"enemies":"Spheric Guardian","floor":20,"turns":6},{"damage":24,"enemies":"Gremlin Leader","floor":23,"turns":3}],"seed_played":"-8289522118887624305","potions_obtained":[{"floor":2,"key":"SpeedPotion"},{"floor":4,"key":"Regen Potion"},{"floor":7,"key":"Weak Potion"}],"is_trial":false,"path_per_floor":["M","M","?","M","M","R","E","R","T","$","R","?","R","M","R","B",null,"M","?","M","?","$","E"],"character_chosen":"THE_SILENT","items_purchased":["Blood Vial"],"campfire_rested":0,"item_purchase_floors":[10],"current_hp_per_floor":[57,50,50,50,38,47,15,24,24,24,33,33,42,44,53,31,57,43,43,23,17,17,0],"gold":67,"neow_bonus":"BOSS_RELIC","is_prod":false,"is_daily":false,"chose_seed":false,"campfire_upgraded":5,"win_rate":0,"timestamp":1549027712,"path_taken":["M","M","?","M","?","R","E","R","T","$","R","?","R","M","R","BOSS","M","?","M","?","?","E"],"build_version":"2019-01-23","purchased_purges":1,"victory":false,"max_hp_per_floor":[66,66,66,66,66,66,66,66,66,66,66,66,66,66,66,66,66,66,66,66,66,66,66],"card_choices":[{"not_picked":["Deadly Poison","Endless Agony"],"picked":"Noxious Fumes","floor":1},{"not_picked":["Heel Hook","Slice"],"picked":"Riddle With Holes","floor":2},{"not_picked":["Quick Slash","Reflex","Poisoned Stab"],"picked":"SKIP","floor":4},{"not_picked":["Sucker Punch","Dodge and Roll","Prepared"],"picked":"SKIP","floor":5},{"not_picked":["Bane","Leg Sweep"],"picked":"Footwork","floor":7},{"not_picked":["Prepared","Underhanded Strike"],"picked":"Blur","floor":14},{"not_picked":["Envenom","Doppelganger"],"picked":"Corpse Explosion","floor":16},{"not_picked":["Prepared","Outmaneuver"],"picked":"Backstab","floor":18},{"not_picked":["Outmaneuver","Acrobatics+1","Eviscerate"],"picked":"SKIP","floor":20}],"player_experience":570991,"relics_obtained":[{"floor":7,"key":"Mercury Hourglass"},{"floor":9,"key":"Lantern"}],"event_choices":[{"damage_healed":0,"gold_gain":0,"player_choice":"Gave Potion","damage_taken":0,"relics_obtained":["Anchor"],"max_hp_gain":0,"max_hp_loss":0,"event_name":"WeMeetAgain","floor":3,"gold_loss":0},{"damage_healed":0,"gold_gain":0,"player_choice":"Ignored","damage_taken":0,"max_hp_gain":0,"max_hp_loss":0,"event_name":"Liars Game","floor":12,"gold_loss":0},{"damage_healed":0,"gold_gain":0,"player_choice":"Opened","damage_taken":0,"relics_obtained":["Orichalcum"],"max_hp_gain":0,"max_hp_loss":0,"event_name":"The Mausoleum","floor":19,"gold_loss":0,"cards_obtained":["Writhe"]},{"damage_healed":0,"gold_gain":0,"player_choice":"Joined the Cult","damage_taken":6,"max_hp_gain":0,"max_hp_loss":0,"event_name":"Nest","floor":21,"gold_loss":0,"cards_obtained":["RitualDagger"]}],"is_beta":false,"boss_relics":[{"not_picked":["HoveringKite","Runic Pyramid"],"picked":"Philosopher\u0027s Stone"}],"items_purged_floors":[22],"is_endless":false,"potions_floor_spawned":[2,4,7],"killed_by":"Gremlin Leader","ascension_level":16}