{"gold_per_floor":[13,13,88,104,123,123,139,139,139,89,120,120,147,164,164,267,267,284,284,296,312,41,68,68,68,91,91,105,55,66,85,85,186,186,201,201,214,229,282,282,282,282],"floor_reached":42,"playtime":3848,"items_purged":[],"score":641,"play_id":"71c7a90b-403c-45d4-a8c8-1a8fe2c9ec79","local_time":"20180822204403","is_ascension_mode":true,"campfire_choices":[{"data":"Havoc","floor":6,"key":"SMITH"},{"data":"Havoc","floor":8,"key":"SMITH"},{"floor":12,"key":"REST"},{"data":"Demon Form","floor":15,"key":"SMITH"},{"floor":24,"key":"REST"},{"data":"Juggernaut","floor":27,"key":"SMITH"},{"data":"Feel No Pain","floor":32,"key":"SMITH"},{"floor":40,"key":"REST"}],"neow_cost":"NO_GOLD","seed_source_timestamp":65780805772493,"circlet_count":0,"master_deck":["Havoc+1","Feel No Pain","Havoc+1","Demon Form+1","Heavy Blade","Headbutt","Juggernaut+1","Shrug It Off","Wild Strike+1","Twin Strike","Pommel Strike","Iron Wave","Spot Weakness","Flex","Body Slam","Disarm","Havoc+1","Pummel+1","True Grit+1","Feel No Pain+1","Havoc+1","Feel No Pain","True Grit","Feel No Pain","True Grit","Barricade","Entrench","Havoc+1","Writhe"],"relics":["Burning Blood","Kunai","Nunchaku","Self Forming Clay","Pandora\u0027s Box","DollysMirror","Bottled Lightning","Whetstone","Runic Dome","Shovel"],"potions_floor_usage":[16,16,23,28,33,33,33,37,42],"damage_taken":[{"damage":10,"enemies":"Cultist","floor":1,"turns":5},{"damage":2,"enemies":"Jaw Worm","floor":4,"turns":3},{"damage":10,"enemies":"Small Slimes","floor":5,"turns":4},{"damage":19,"enemies":"3 Louse","floor":7,"turns":4},{"damage":27,"enemies":"3 Sentries","floor":11,"turns":12},{"damage":32,"enemies":"Gremlin Nob","floor":13,"turns":5},{"damage":16,"enemies":"Large Slime","floor":14,"turns":4},{"damage":34,"enemies":"The Guardian","floor":16,"turns":6},{"damage":13,"enemies":"Chosen","floor":18,"turns":4},{"damage":18,"enemies":"2 Thieves","floor":20,"turns":3},{"damage":18,"enemies":"Snake Plant","floor":21,"turns":4},{"damage":13,"enemies":"Book of Stabbing","floor":23,"turns":5},{"damage":13,"enemies":"Cultist and Chosen","floor":28,"turns":5},{"damage":0,"enemies":"Centurion and Healer","floor":30,"turns":5},{"damage":0,"enemies":"Chosen and Byrds","floor":31,"turns":5},{"damage":21,"enemies":"Champ","floor":33,"turns":9},{"damage":34,"enemies":"Flame Bruiser 1 Orb","floor":35,"turns":7},{"damage":29,"enemies":"3 Darklings","floor":37,"turns":5},{"damage":14,"enemies":"Maw","floor":38,"turns":7},{"damage":10,"floor":39,"turns":7},{"damage":90,"enemies":"2 Orb Walkers","floor":42,"turns":5}],"seed_played":"6946781107287846852","potions_obtained":[{"floor":11,"key":"Ancient Potion"},{"floor":13,"key":"PowerPotion"},{"floor":14,"key":"SpeedPotion"},{"floor":18,"key":"AttackPotion"},{"floor":21,"key":"Swift Potion"},{"floor":23,"key":"LiquidBronze"},{"floor":30,"key":"AttackPotion"},{"floor":33,"key":"AttackPotion"},{"floor":39,"key":"Strength Potion"}],"is_trial":false,"path_per_floor":["M","?","?","M","M","R","M","R","T","?","E","R","E","M","R","B",null,"M","?","M","M","$","E","R","$","T","R","M","$","M","M","R","B",null,"M","?","M","M","?","R","?"],"character_chosen":"IRONCLAD","items_purchased":["Feel No Pain","DollysMirror","True Grit"],"campfire_rested":3,"item_purchase_floors":[22,22,29],"current_hp_per_floor":[92,92,81,85,81,81,68,68,68,68,47,75,49,39,39,11,75,68,68,56,44,44,37,65,65,65,65,58,58,64,70,70,55,86,58,58,35,27,23,51,75,0],"gold":282,"neow_bonus":"TWENTY_PERCENT_HP_BONUS","is_prod":false,"is_daily":false,"chose_seed":false,"campfire_upgraded":5,"win_rate":0,"timestamp":1534988643,"path_taken":["M","?","?","M","M","R","M","R","T","?","E","R","E","M","R","BOSS","M","?","?","M","$","E","R","$","T","R","M","?","M","?","R","BOSS","M","?","?","M","?","R","?","E"],"build_version":"2018-08-16","purchased_purges":0,"victory":false,"max_hp_per_floor":[96,96,96,96,96,96,96,96,96,96,96,96,96,96,96,96,96,96,96,96,96,96,96,96,96,96,96,96,96,96,96,96,96,96,96,96,96,96,96,96,96,96],"card_choices":[{"not_picked":["Armaments","Metallicize"],"picked":"Havoc","floor":1},{"not_picked":["Iron Wave","Dropkick"],"picked":"Feel No Pain","floor":4},{"not_picked":["Searing Blow","Clash"],"picked":"Havoc","floor":5},{"not_picked":["Thunderclap","Wild Strike","Warcry"],"picked":"SKIP","floor":7},{"not_picked":["Headbutt","True Grit"],"picked":"Demon Form","floor":11},{"not_picked":["Offering","Armaments"],"picked":"Heavy Blade","floor":13},{"not_picked":["Bloodletting","Carnage"],"picked":"Headbutt","floor":14},{"not_picked":["Exhume","Double Tap"],"picked":"Juggernaut","floor":16},{"not_picked":["Armaments","Dropkick+1"],"picked":"Disarm","floor":18},{"not_picked":["Searing Blow","Perfected Strike"],"picked":"Pummel","floor":20},{"not_picked":["Evolve","Twin Strike"],"picked":"True Grit+1","floor":21},{"not_picked":["Body Slam","Blood for Blood"],"picked":"Feel No Pain","floor":23},{"not_picked":["Headbutt","Flex","Clash"],"picked":"SKIP","floor":28},{"not_picked":["Perfected Strike+1","Clash+1"],"picked":"Feel No Pain","floor":30},{"not_picked":["Shrug It Off+1","Flex+1"],"picked":"True Grit","floor":31},{"not_picked":["Immolate","Dark Embrace"],"picked":"Barricade","floor":33},{"not_picked":["Wild Strike","Power Through","Perfected Strike"],"picked":"SKIP","floor":35},{"not_picked":["Iron Wave","Power Through"],"picked":"Entrench","floor":37},{"not_picked":["Pommel Strike+1","Wild Strike","Thunderclap+1"],"picked":"SKIP","floor":38},{"not_picked":["Burning Pact","Spot Weakness+1"],"picked":"Havoc+1","floor":39}],"player_experience":195459,"relics_obtained":[{"floor":9,"key":"Kunai"},{"floor":11,"key":"Nunchaku"},{"floor":13,"key":"Self Forming Clay"},{"floor":23,"key":"Bottled Lightning"},{"floor":26,"key":"Whetstone"},{"floor":39,"key":"Shovel"}],"event_choices":[{"event_name":"Liars Game","player_choice":"disagreed","floor":2,"damage_taken":0},{"event_name":"World of Goop","player_choice":"Gather Gold","floor":3,"damage_taken":0},{"event_name":"The Cleric","player_choice":"Card Removal","floor":10,"damage_taken":0},{"event_name":"Duplicator","player_choice":"One dupe","floor":19,"damage_taken":0},{"event_name":"Falling","player_choice":"Removed Attack","floor":36,"damage_taken":0},{"event_name":"Mysterious Sphere","player_choice":"Fight","floor":39,"damage_taken":0},{"event_name":"Winding Halls","player_choice":"Writhe","floor":41,"damage_taken":0}],"is_beta":false,"boss_relics":[{"not_picked":["Lizard Tail","Black Star"],"picked":"Pandora\u0027s Box"},{"not_picked":["Empty Cage","Tiny House"],"picked":"Runic Dome"}],"items_purged_floors":[],"is_endless":false,"potions_floor_spawned":[11,13,14,18,21,23,30,33,39],"killed_by":"2 Orb Walkers","ascension_level":5}