{"gold_per_floor":[110,35,46,64,74,74,108,108,108,119,129,157,157,168,168,269,269,269,269,269,239,239,239,239,239,239,239,154,154,154,154,154,154,154,154,154,0,0,0,0,0,0,0,0,0,0,0,0,0,0],"floor_reached":50,"playtime":5222,"items_purged":["Strike_R"],"score":593,"play_id":"7631d5b7-8f57-4eb0-a7e0-d20a744b0935","local_time":"20190102224553","is_ascension_mode":true,"campfire_choices":[{"data":"Body Slam","floor":6,"key":"SMITH"},{"data":"Pommel Strike","floor":8,"key":"SMITH"},{"data":"Warcry","floor":13,"key":"SMITH"},{"data":"Anger","floor":15,"key":"SMITH"},{"data":"RitualDagger","floor":23,"key":"SMITH"},{"data":"Bash","floor":25,"key":"SMITH"},{"data":"1","floor":32,"key":"LIFT"},{"data":"Limit Break","floor":40,"key":"SMITH"},{"data":"2","floor":44,"key":"LIFT"},{"data":"3","floor":47,"key":"LIFT"},{"floor":49,"key":"RECALL"}],"neow_cost":"NONE","seed_source_timestamp":3218132264051741,"circlet_count":0,"master_deck":["Strike_R+1","Strike_R+1","Strike_R+1","Defend_R+1","Defend_R+1","Defend_R+1","Defend_R+1","Body Slam+1","Iron Wave","Battle Trance","Pommel Strike+1","Clash","Shrug It Off","Warcry+1","Anger+1","Reaper","RitualDagger+1","Shrug It Off","Body Slam+1","Limit Break+1","Impervious","Flex+1","Evolve+1","Burning Pact","Iron Wave","Carnage+1","Madness","Madness"],"relics":["Burning Blood","The Courier","Gremlin Horn","Kunai","Ectoplasm","Enchiridion","Vajra","Omamori","Frozen Egg 2","Girya","Sozu","Red Mask","Blood Vial"],"potions_floor_usage":[12,12,16,21,30,50],"damage_taken":[{"damage":6,"enemies":"Cultist","floor":1,"turns":3},{"damage":7,"enemies":"Jaw Worm","floor":3,"turns":6},{"damage":0,"enemies":"Small Slimes","floor":4,"turns":3},{"damage":7,"enemies":"3 Louse","floor":5,"turns":4},{"damage":45,"enemies":"3 Sentries","floor":7,"turns":9},{"damage":1,"enemies":"Looter","floor":10,"turns":3},{"damage":5,"enemies":"Gremlin Gang","floor":11,"turns":4},{"damage":2,"enemies":"Gremlin Nob","floor":12,"turns":3},{"damage":0,"enemies":"Exordium Wildlife","floor":14,"turns":3},{"damage":37,"enemies":"Slime Boss","floor":16,"turns":10},{"damage":3,"enemies":"Chosen","floor":18,"turns":3},{"damage":0,"enemies":"2 Thieves","floor":21,"turns":3},{"damage":11,"enemies":"Centurion and Healer","floor":22,"turns":4},{"damage":17,"enemies":"Book of Stabbing","floor":24,"turns":6},{"damage":23,"enemies":"Shelled Parasite and Fungi","floor":30,"turns":3},{"damage":9,"enemies":"Gremlin Leader","floor":31,"turns":4},{"damage":39,"enemies":"Collector","floor":33,"turns":5},{"damage":2,"enemies":"Orb Walker","floor":35,"turns":3},{"damage":0,"enemies":"3 Shapes","floor":36,"turns":2},{"damage":0,"enemies":"Transient","floor":38,"turns":5},{"damage":6,"enemies":"Sphere and 2 Shapes","floor":41,"turns":3},{"damage":0,"enemies":"Spire Growth","floor":42,"turns":4},{"damage":0,"enemies":"Jaw Worm Horde","floor":45,"turns":3},{"damage":112,"enemies":"Time Eater","floor":50,"turns":5}],"seed_played":"1625127740999206","potions_obtained":[{"floor":1,"key":"Ancient Potion"},{"floor":7,"key":"GamblersBrew"},{"floor":10,"key":"FearPotion"},{"floor":11,"key":"AttackPotion"},{"floor":14,"key":"EssenceOfSteel"},{"floor":16,"key":"FearPotion"},{"floor":22,"key":"BloodPotion"},{"floor":24,"key":"Regen Potion"}],"is_trial":false,"path_per_floor":["M","$","M","M","M","R","E","R","T","M","M","E","R","M","R","B",null,"M","?","?","M","M","R","E","R","T","?","?","T","M","E","R","B",null,"M","M","?","M","?","R","M","M","T","R","M","?","R","?","R","B"],"character_chosen":"IRONCLAD","items_purchased":[],"campfire_rested":0,"item_purchase_floors":[],"current_hp_per_floor":[88,88,87,88,87,87,48,48,48,53,54,58,58,64,64,33,88,88,72,66,76,77,77,70,70,70,70,70,70,67,71,71,56,88,88,88,88,88,88,88,88,88,88,88,88,77,77,77,77,0],"gold":0,"neow_bonus":"TEN_PERCENT_HP_BONUS","is_prod":false,"is_daily":false,"chose_seed":false,"campfire_upgraded":7,"win_rate":0,"timestamp":1546497953,"path_taken":["M","$","M","M","M","R","E","R","T","M","M","E","R","?","R","BOSS","M","?","?","?","?","R","E","R","T","?","?","?","M","E","R","BOSS","M","M","?","M","?","R","M","?","T","R","M","?","R","?","R","BOSS"],"build_version":"2018-12-20","purchased_purges":1,"victory":false,"max_hp_per_floor":[88,88,88,88,88,88,88,88,88,88,88,88,88,88,88,88,88,88,88,88,88,88,88,88,88,88,88,88,88,88,88,88,88,88,88,88,88,88,88,88,88,88,88,88,88,88,88,88,88,88],"card_choices":[{"not_picked":["Corruption","Blood for Blood"],"picked":"Body Slam","floor":1},{"not_picked":["Headbutt","Cleave"],"picked":"Iron Wave","floor":3},{"not_picked":["Hemokinesis","Perfected Strike"],"picked":"Battle Trance","floor":4},{"not_picked":["Wild Strike","Dual Wield"],"picked":"Pommel Strike","floor":5},{"not_picked":["Clothesline","Twin Strike","Reckless Charge"],"picked":"SKIP","floor":7},{"not_picked":["Disarm","Brutality"],"picked":"Clash","floor":10},{"not_picked":["Spot Weakness","Seeing Red"],"picked":"Shrug It Off","floor":11},{"not_picked":["Headbutt","Second Wind"],"picked":"Warcry","floor":12},{"not_picked":["Heavy Blade","Cleave"],"picked":"Anger","floor":14},{"not_picked":["Exhume","Double Tap"],"picked":"Reaper","floor":16},{"not_picked":["Sword Boomerang","Infernal Blade","Twin Strike"],"picked":"SKIP","floor":18},{"not_picked":["Blood for Blood","Wild Strike+1"],"picked":"Shrug It Off","floor":21},{"not_picked":["Burning Pact","Feel No Pain","Clothesline"],"picked":"SKIP","floor":22},{"not_picked":["Power Through","Clothesline","Dual Wield"],"picked":"SKIP","floor":24},{"not_picked":["Hemokinesis","Heavy Blade"],"picked":"Body Slam+1","floor":30},{"not_picked":["Twin Strike+1","Headbutt"],"picked":"Limit Break","floor":31},{"not_picked":["Reaper","Dark Embrace+1"],"picked":"Impervious","floor":33},{"not_picked":["Clothesline","Havoc","Wild Strike"],"picked":"SKIP","floor":35},{"not_picked":["Combust+1","Pummel"],"picked":"Flex+1","floor":36},{"not_picked":["Sentinel","Twin Strike+1"],"picked":"Evolve+1","floor":38},{"not_picked":["Infernal Blade","Clash"],"picked":"Iron Wave","floor":41},{"not_picked":["Second Wind+1","Pommel Strike","Heavy Blade+1"],"picked":"SKIP","floor":42},{"not_picked":["Feel No Pain+1","Seeing Red"],"picked":"Carnage+1","floor":45}],"player_experience":198509,"relics_obtained":[{"floor":7,"key":"The Courier"},{"floor":9,"key":"Gremlin Horn"},{"floor":12,"key":"Kunai"},{"floor":19,"key":"Enchiridion"},{"floor":24,"key":"Vajra"},{"floor":29,"key":"Frozen Egg 2"},{"floor":31,"key":"Girya"},{"floor":43,"key":"Blood Vial"}],"event_choices":[{"damage_healed":0,"gold_gain":0,"player_choice":"Obtained Book","damage_taken":16,"max_hp_gain":0,"max_hp_loss":0,"event_name":"Cursed Tome","floor":19,"gold_loss":0},{"damage_healed":0,"gold_gain":0,"player_choice":"Joined the Cult","damage_taken":6,"max_hp_gain":0,"max_hp_loss":0,"event_name":"Nest","floor":20,"gold_loss":0,"cards_obtained":["RitualDagger"]},{"damage_healed":0,"gold_gain":0,"player_choice":"Simplicity","damage_taken":0,"max_hp_gain":0,"max_hp_loss":0,"event_name":"Back to Basics","floor":27,"gold_loss":0,"cards_upgraded":["Strike_R","Strike_R","Strike_R","Strike_R","Defend_R","Defend_R","Defend_R","Defend_R"]},{"damage_healed":0,"gold_gain":0,"player_choice":"Obtained Relic","damage_taken":0,"relics_obtained":["Omamori"],"max_hp_gain":0,"max_hp_loss":0,"event_name":"Addict","floor":28,"gold_loss":85},{"damage_healed":0,"gold_gain":0,"player_choice":"Paid","damage_taken":0,"relics_obtained":["Red Mask"],"max_hp_gain":0,"max_hp_loss":0,"event_name":"Tomb of Lord Red Mask","floor":37,"gold_loss":154},{"damage_healed":0,"gold_gain":0,"cards_transformed":["Strike_R"],"player_choice":"Transformed","damage_taken":0,"max_hp_gain":0,"max_hp_loss":0,"event_name":"Transmorgrifier","floor":39,"gold_loss":0,"cards_obtained":["Burning Pact"]},{"damage_healed":0,"gold_gain":0,"player_choice":"Embrace Madness","damage_taken":11,"max_hp_gain":0,"max_hp_loss":0,"event_name":"Winding Halls","floor":46,"gold_loss":0,"cards_obtained":["Madness","Madness"]},{"cards_removed":["Bash"],"damage_healed":0,"gold_gain":0,"player_choice":"Removed Attack","damage_taken":0,"max_hp_gain":0,"max_hp_loss":0,"event_name":"Falling","floor":48,"gold_loss":0}],"is_beta":false,"boss_relics":[{"not_picked":["Black Star","Runic Pyramid"],"picked":"Ectoplasm"},{"not_picked":["Calling Bell","Orrery"],"picked":"Sozu"}],"items_purged_floors":[2],"is_endless":false,"potions_floor_spawned":[1,7,10,11,14,16,22,24,35,42],"killed_by":"Time Eater","ascension_level":4}