{"gold_per_floor":[109,109,129,148,4,4,40,40,40,40,40,73,73,87,87,87],"floor_reached":16,"playtime":216,"items_purged":["Strike_R"],"score":146,"play_id":"844d814d-f3d7-4db7-8ac4-22b85c5b3832","local_time":"20181109200615","is_ascension_mode":true,"campfire_choices":[{"data":"Metallicize","floor":8,"key":"SMITH"},{"data":"Inflame","floor":11,"key":"SMITH"},{"floor":15,"key":"REST"}],"neow_cost":"TEN_PERCENT_HP_LOSS","seed_source_timestamp":7707714955104,"circlet_count":0,"master_deck":["Strike_R","Strike_R","Strike_R","Defend_R","Defend_R","Bash","Fiend Fire","Bludgeon","Inflame","Twin Strike","Cleave","Inflame+1","Metallicize+1","Pummel"],"relics":["Burning Blood","Golden Idol","Odd Mushroom","Torii","Du-Vu Doll"],"potions_floor_usage":[3,6],"damage_taken":[{"damage":9,"enemies":"2 Louse","floor":1,"turns":3},{"damage":7,"enemies":"Jaw Worm","floor":3,"turns":2},{"damage":0,"enemies":"Cultist","floor":4,"turns":2},{"damage":0,"enemies":"3 Sentries","floor":6,"turns":1},{"damage":31,"enemies":"The Mushroom Lair","floor":7,"turns":3},{"damage":26,"enemies":"Lagavulin","floor":12,"turns":6},{"damage":1,"enemies":"Red Slaver","floor":14,"turns":3},{"damage":0,"enemies":"The Guardian","floor":16,"turns":2}],"seed_played":"3638397124814747735","potions_obtained":[{"floor":1,"key":"AttackPotion"},{"floor":3,"key":"SmokeBomb"}],"is_trial":false,"path_per_floor":["M","?","M","M","$","E","?","R","T","$","R","E","?","M","R","B"],"character_chosen":"IRONCLAD","items_purchased":["Inflame"],"campfire_rested":1,"item_purchase_floors":[5],"current_hp_per_floor":[69,51,50,56,56,62,37,37,37,37,37,17,10,15,36,36],"gold":87,"neow_bonus":"TRANSFORM_TWO_CARDS","is_prod":false,"is_daily":false,"chose_seed":false,"campfire_upgraded":2,"win_rate":0,"timestamp":1541793975,"path_taken":["M","?","M","M","$","E","?","R","T","$","R","E","?","?","R","BOSS"],"build_version":"2018-11-08","purchased_purges":1,"victory":false,"max_hp_per_floor":[72,72,72,72,72,72,72,72,72,72,72,72,72,72,72,72],"card_choices":[{"not_picked":["Evolve","Pommel Strike"],"picked":"Inflame","floor":1},{"not_picked":["Carnage","Headbutt"],"picked":"Twin Strike","floor":3},{"not_picked":["Iron Wave","Warcry"],"picked":"Cleave","floor":4},{"not_picked":["Immolate","Pommel Strike"],"picked":"Metallicize","floor":7},{"not_picked":["Pommel Strike","Sentinel"],"picked":"Pummel","floor":12},{"not_picked":["Pommel Strike","Clothesline","Cleave"],"picked":"SKIP","floor":14}],"player_experience":128726,"relics_obtained":[{"floor":7,"key":"Odd Mushroom"},{"floor":9,"key":"Torii"},{"floor":12,"key":"Du-Vu Doll"}],"event_choices":[{"damage_healed":0,"gold_gain":0,"player_choice":"Take Damage","damage_taken":18,"relics_obtained":["Golden Idol"],"max_hp_gain":0,"max_hp_loss":0,"event_name":"Golden Idol","floor":2,"gold_loss":0},{"damage_healed":0,"gold_gain":0,"player_choice":"Fought Mushrooms","damage_taken":0,"max_hp_gain":0,"max_hp_loss":0,"event_name":"Mushrooms","floor":7,"gold_loss":0},{"cards_removed":["Strike_R"],"damage_healed":0,"gold_gain":0,"player_choice":"Card Removal","damage_taken":7,"max_hp_gain":0,"max_hp_loss":0,"event_name":"Golden Wing","floor":13,"gold_loss":0}],"is_beta":false,"boss_relics":[],"items_purged_floors":[5],"is_endless":false,"potions_floor_spawned":[1,3],"killed_by":"The Guardian","ascension_level":7}