{"gold_per_floor":[112,112,112,112,130,130,72,86,161,191,191,206,131,149,149,220,220,236,236,236,192,204,204,204,204],"floor_reached":25,"playtime":599,"items_purged":[],"score":372,"play_id":"4d1d9e84-06e8-4319-a794-cdaf058e3978","local_time":"20190110233040","is_ascension_mode":true,"campfire_choices":[{"floor":6,"key":"REST"},{"floor":11,"key":"REST"},{"floor":15,"key":"REST"},{"floor":23,"key":"REST"}],"neow_cost":"NONE","seed_source_timestamp":17425399801698,"circlet_count":0,"master_deck":["AscendersBane","Strike_R+1","Strike_R+1","Strike_R+1","Defend_R+1","Defend_R+1","Defend_R+1","Defend_R+1","Bash","Demon Form","Sword Boomerang","Pommel Strike","Shrug It Off","Shockwave","Feed","Intimidate+1"],"relics":["Burning Blood","Gremlin Horn","Ornamental Fan","Black Star"],"potions_floor_usage":[18],"damage_taken":[{"damage":13,"enemies":"2 Louse","floor":1,"turns":5},{"damage":12,"enemies":"Jaw Worm","floor":5,"turns":4},{"damage":2,"enemies":"Small Slimes","floor":8,"turns":5},{"damage":39,"enemies":"3 Sentries","floor":10,"turns":10},{"damage":7,"enemies":"Looter","floor":12,"turns":4},{"damage":5,"enemies":"3 Louse","floor":14,"turns":3},{"damage":20,"enemies":"Slime Boss","floor":16,"turns":9},{"damage":36,"enemies":"Chosen","floor":18,"turns":7},{"damage":15,"enemies":"2 Thieves","floor":21,"turns":5},{"damage":24,"enemies":"Snake Plant","floor":22,"turns":5},{"damage":40,"enemies":"3 Cultists","floor":25,"turns":4}],"seed_played":"2094272558212286354","potions_obtained":[{"floor":8,"key":"Ancient Potion"},{"floor":10,"key":"Energy Potion"},{"floor":21,"key":"Ancient Potion"}],"is_trial":false,"path_per_floor":["M","?","?","?","M","R","$","M","T","E","R","M","?","M","R","B",null,"M","?","?","M","M","R","?","M"],"character_chosen":"IRONCLAD","items_purchased":["Shrug It Off"],"campfire_rested":4,"item_purchase_floors":[7],"current_hp_per_floor":[61,61,38,31,25,47,47,51,51,18,40,39,39,40,62,48,68,41,41,41,35,20,45,37,0],"gold":204,"neow_bonus":"ONE_RANDOM_RARE_CARD","is_prod":false,"is_daily":false,"chose_seed":false,"campfire_upgraded":0,"win_rate":0,"timestamp":1547163040,"path_taken":["M","?","?","?","M","R","?","M","T","E","R","M","?","?","R","BOSS","M","?","?","M","M","R","?","M"],"build_version":"2019-01-03v4","purchased_purges":0,"victory":false,"max_hp_per_floor":[75,75,75,75,75,75,75,75,75,75,75,75,75,75,75,75,75,78,78,78,81,84,84,84,84],"card_choices":[{"not_picked":["Shrug It Off","Hemokinesis"],"picked":"Sword Boomerang","floor":1},{"not_picked":["Dropkick","Corruption"],"picked":"Pommel Strike","floor":5},{"not_picked":["Perfected Strike","Havoc"],"picked":"Shockwave","floor":8},{"not_picked":["Heavy Blade","Clothesline","Second Wind"],"picked":"SKIP","floor":10},{"not_picked":["Dual Wield","Clothesline","Sword Boomerang"],"picked":"SKIP","floor":12},{"not_picked":["Bloodletting","Warcry","Clothesline"],"picked":"SKIP","floor":14},{"not_picked":["Immolate","Dark Embrace"],"picked":"Feed","floor":16},{"not_picked":["Perfected Strike","Whirlwind","Wild Strike"],"picked":"SKIP","floor":18},{"not_picked":["Headbutt","Dropkick"],"picked":"Intimidate+1","floor":21},{"not_picked":["Fire Breathing","Disarm","Searing Blow+1"],"picked":"SKIP","floor":22}],"player_experience":364369,"relics_obtained":[{"floor":9,"key":"Gremlin Horn"},{"floor":10,"key":"Ornamental Fan"}],"event_choices":[{"damage_healed":0,"gold_gain":0,"player_choice":"Ignored","damage_taken":0,"max_hp_gain":0,"max_hp_loss":0,"event_name":"Liars Game","floor":2,"gold_loss":0},{"damage_healed":0,"gold_gain":0,"player_choice":"Entered Light","damage_taken":23,"max_hp_gain":0,"max_hp_loss":0,"event_name":"Shining Light","floor":3,"gold_loss":0,"cards_upgraded":["Defend_R","Strike_R"]},{"cards_removed":["Strike_R"],"damage_healed":0,"gold_gain":0,"player_choice":"Card Removal","damage_taken":7,"max_hp_gain":0,"max_hp_loss":0,"event_name":"Golden Wing","floor":4,"gold_loss":0},{"cards_removed":["Strike_R"],"damage_healed":0,"gold_gain":0,"player_choice":"Card Removal","damage_taken":0,"max_hp_gain":0,"max_hp_loss":0,"event_name":"The Cleric","floor":13,"gold_loss":75},{"damage_healed":0,"gold_gain":0,"player_choice":"Simplicity","damage_taken":0,"max_hp_gain":0,"max_hp_loss":0,"event_name":"Back to Basics","floor":19,"gold_loss":0,"cards_upgraded":["Strike_R","Strike_R","Defend_R","Defend_R","Defend_R"]},{"damage_healed":0,"gold_gain":0,"player_choice":"Ignored","damage_taken":0,"max_hp_gain":0,"max_hp_loss":0,"event_name":"Cursed Tome","floor":20,"gold_loss":0},{"damage_healed":0,"gold_gain":0,"player_choice":"","damage_taken":8,"max_hp_gain":0,"max_hp_loss":0,"event_name":"Knowing Skull","floor":24,"potions_obtained":[],"gold_loss":0,"cards_obtained":[]}],"is_beta":false,"boss_relics":[{"not_picked":["Philosopher\u0027s Stone","Runic Pyramid"],"picked":"Black Star"}],"items_purged_floors":[],"is_endless":false,"potions_floor_spawned":[8,10,12,16,21,22],"killed_by":"3 Cultists","ascension_level":17}