{"gold_per_floor":[111,121,121,17,38,79,79,122,149,149,170,34,48,68,68,197,197,221,221,245,123,146,146,61,61,61,104,104,117,132,57,57,57],"floor_reached":33,"playtime":1225,"items_purged":["Strike_B"],"score":319,"play_id":"464d63ae-1686-4f48-b86e-7b3b37601907","local_time":"20190204072956","is_ascension_mode":true,"campfire_choices":[{"data":"Streamline","floor":7.0,"key":"SMITH"},{"data":"Static Discharge","floor":10.0,"key":"SMITH"},{"floor":15.0,"key":"REST"},{"data":"Defragment","floor":23.0,"key":"SMITH"},{"data":"Thunder Strike","floor":25.0,"key":"SMITH"},{"data":"Echo Form","floor":28.0,"key":"SMITH"},{"floor":32.0,"key":"REST"}],"neow_cost":"NONE","seed_source_timestamp":323875206469079,"circlet_count":0,"master_deck":["Strike_B","Strike_B","Strike_B","Defend_B","Defend_B","Defend_B","Defend_B+1","Zap","Dualcast","Streamline+1","Conserve Battery+1","Static Discharge+1","Leap","Go for the Eyes","Rebound","Echo Form+1","Thunder Strike+1","Self Repair","Electrodynamics","Aggregate+1","FTL","Defragment+1","Force Field","Conserve Battery","Skim","Stack","Self Repair+1"],"special_seed":0,"relics":["Cracked Core","NeowsBlessing","Golden Idol","Bronze Scales","War Paint","Regal Pillow","Sozu","Gambling Chip","Kunai","Nunchaku"],"potions_floor_usage":[],"damage_taken":[{"damage":0.0,"enemies":"Cultist","floor":1.0,"turns":1.0},{"damage":0.0,"enemies":"Small Slimes","floor":2.0,"turns":1.0},{"damage":0.0,"enemies":"Jaw Worm","floor":5.0,"turns":1.0},{"damage":25.0,"enemies":"3 Sentries","floor":6.0,"turns":7.0},{"damage":10.0,"enemies":"Lagavulin","floor":8.0,"turns":6.0},{"damage":11.0,"enemies":"Gremlin Gang","floor":11.0,"turns":5.0},{"damage":0.0,"enemies":"2 Fungi Beasts","floor":13.0,"turns":3.0},{"damage":0.0,"enemies":"3 Louse","floor":14.0,"turns":2.0},{"damage":30.0,"enemies":"Hexaghost","floor":16.0,"turns":4.0},{"damage":5.0,"enemies":"3 Byrds","floor":18.0,"turns":1.0},{"damage":9.0,"enemies":"2 Thieves","floor":20.0,"turns":3.0},{"damage":6.0,"enemies":"Shelled Parasite and Fungi","floor":22.0,"turns":3.0},{"damage":31.0,"enemies":"Gremlin Leader","floor":27.0,"turns":5.0},{"damage":28.0,"enemies":"Centurion and Healer","floor":29.0,"turns":3.0},{"damage":15.0,"enemies":"Snecko","floor":30.0,"turns":3.0},{"damage":46,"enemies":"Champ","floor":33,"turns":6}],"seed_played":"-5789179464749799004","potions_obtained":[{"floor":2.0,"key":"EssenceOfSteel"},{"floor":6.0,"key":"SneckoOil"},{"floor":13.0,"key":"EssenceOfSteel"},{"floor":14.0,"key":"AttackPotion"}],"is_trial":false,"path_per_floor":["M","?","$","M","?","?","$"],"character_chosen":"DEFECT","items_purchased":["Static Discharge","Leap","Echo Form","Force Field","Conserve Battery"],"campfire_rested":2,"item_purchase_floors":[4,4,12,21,21],"current_hp_per_floor":[75,75,69,69,69,44,44,34,34,34,23,23,23,23,58,28,69,69,69,67,67,68,68,68,68,68,44,44,16,8,8,43,0],"gold":57,"neow_bonus":"THREE_ENEMY_KILL","is_prod":false,"is_daily":false,"chose_seed":false,"campfire_upgraded":5,"win_rate":0,"timestamp":1549261796,"path_taken":["M","?","?","$","M","E","R","E","T","R","M","?","?","M","R","BOSS","M","?","M","$","M","R","?","R","T","E","R","M","M","?","R","BOSS"],"build_version":"2019-01-23","purchased_purges":1,"victory":false,"max_hp_per_floor":[75,75,69,69,69,69,69,69,69,69,69,69,69,69,69,69,69,69,69,69,69,69,69,69,69,69,69,69,69,69,69,69,69],"card_choices":[{"not_picked":["Hologram","Rip and Tear"],"picked":"Streamline","floor":1.0},{"not_picked":["Sweeping Beam","Stack"],"picked":"Conserve Battery","floor":2.0},{"not_picked":["Rip and Tear","Gash"],"picked":"Go for the Eyes","floor":5.0},{"not_picked":["Hyperbeam","Ball Lightning","Loop"],"picked":"SKIP","floor":6.0},{"not_picked":["Hello World","Fusion","Hologram"],"picked":"SKIP","floor":8.0},{"not_picked":["Compile Driver","Leap"],"picked":"Rebound","floor":11.0},{"not_picked":["Skim","Blizzard"],"picked":"Thunder Strike","floor":13.0},{"not_picked":["Scrape","Beam Cell"],"picked":"Self Repair","floor":14.0},{"not_picked":["Echo Form","Reboot"],"picked":"Electrodynamics","floor":16.0},{"not_picked":["Beam Cell","Lockon"],"picked":"Aggregate+1","floor":18.0},{"not_picked":["Darkness","Gash"],"picked":"Defragment","floor":20.0},{"not_picked":["Go for the Eyes","Beam Cell"],"picked":"Skim","floor":22.0},{"not_picked":["Hello World","Aggregate","Barrage"],"picked":"SKIP","floor":27.0},{"not_picked":["Gash","Steam+1"],"picked":"Stack","floor":29.0},{"not_picked":["Turbo","Leap"],"picked":"Self Repair+1","floor":30.0}],"player_experience":195418,"relics_obtained":[{"floor":6.0,"key":"Bronze Scales"},{"floor":8.0,"key":"War Paint"},{"floor":9.0,"key":"Regal Pillow"},{"floor":26.0,"key":"Kunai"},{"floor":27.0,"key":"Nunchaku"}],"event_choices":[{"damage_healed":0.0,"max_hp_gain":0.0,"max_hp_loss":6.0,"gold_gain":0.0,"event_name":"Golden Idol","player_choice":"Lose Max HP","floor":3.0,"gold_loss":0.0,"damage_taken":0.0,"relics_obtained":["Golden Idol"]},{"damage_healed":0.0,"max_hp_gain":0.0,"max_hp_loss":0.0,"gold_gain":0.0,"event_name":"The Library","player_choice":"Read","floor":19.0,"gold_loss":0.0,"damage_taken":0.0,"cards_obtained":["FTL"]},{"damage_healed":0.0,"max_hp_gain":0.0,"max_hp_loss":0.0,"gold_gain":0.0,"event_name":"Addict","player_choice":"Obtained Relic","floor":24.0,"gold_loss":85.0,"damage_taken":0.0,"relics_obtained":["Gambling Chip"]}],"is_beta":false,"boss_relics":[{"not_picked":["Pandora\u0027s Box","Orrery"],"picked":"Sozu"}],"items_purged_floors":[31],"is_endless":false,"potions_floor_spawned":[2,6,13,14,18,27],"killed_by":"Champ","ascension_level":3}