{"gold_per_floor":[111,13,27,27,40,65,65,78,78,40,53,70,100,65,65,161,161,181,181,193,193,193,193,211,211,211,111,111,122,49,149,149,245,295,315,25,75,6,6,6,0,13,313,313,343,343,343,353,353,353],"floor_reached":51,"playtime":2021,"items_purged":["Strike_G","Strike_G","Strike_G"],"score":1053,"play_id":"7f5295e0-2bfa-46f5-82cf-f626254796fd","local_time":"20181214102707","is_ascension_mode":true,"campfire_choices":[{"data":"Neutralize","floor":7,"key":"SMITH"},{"floor":15,"key":"REST"},{"data":"Deadly Poison","floor":23,"key":"SMITH"},{"data":"Poisoned Stab","floor":25,"key":"SMITH"},{"data":"After Image","floor":28,"key":"SMITH"},{"data":"Footwork","floor":32,"key":"SMITH"},{"data":"Caltrops","floor":40,"key":"SMITH"},{"data":"Panache","floor":44,"key":"SMITH"},{"data":"Caltrops","floor":46,"key":"SMITH"},{"data":"Dagger Spray","floor":49,"key":"SMITH"}],"neow_cost":"NONE","seed_source_timestamp":75186948516353,"circlet_count":0,"master_deck":["AscendersBane","Defend_G","Defend_G","Defend_G","Defend_G","Defend_G","Survivor","Neutralize+1","Impatience+1","Dagger Spray+1","Deadly Poison+1","Deflect+1","Poisoned Stab+1","Caltrops+1","Leg Sweep","Footwork+1","Adrenaline","Backflip+1","Venomology","Well Laid Plans","After Image+1","Backstab","Adrenaline","Panache+1","Caltrops+1","Madness","Madness"],"relics":["Ring of the Snake","Potion Belt","Bottled Flame","Bird Faced Urn","Busted Crown","War Paint","Tiny House","Torii","Red Mask","Old Coin","Bottled Tornado"],"potions_floor_usage":[13,13,13,18,18,20,20,29,33,33,33,33,33,33,37,37,45,50,50,50,50,50],"damage_taken":[{"damage":1,"enemies":"Cultist","floor":1,"turns":4},{"damage":0,"enemies":"2 Louse","floor":3,"turns":3},{"damage":0,"enemies":"Jaw Worm","floor":5,"turns":5},{"damage":40,"enemies":"Gremlin Nob","floor":6,"turns":5},{"damage":1,"enemies":"Blue Slaver","floor":8,"turns":4},{"damage":5,"enemies":"Red Slaver","floor":11,"turns":4},{"damage":0,"enemies":"3 Louse","floor":12,"turns":4},{"damage":13,"enemies":"3 Sentries","floor":13,"turns":8},{"damage":6,"enemies":"Hexaghost","floor":16,"turns":11},{"damage":14,"enemies":"2 Thieves","floor":18,"turns":4},{"damage":0,"enemies":"Spheric Guardian","floor":20,"turns":7},{"damage":8,"enemies":"Snake Plant","floor":24,"turns":6},{"damage":7,"enemies":"Cultist and Chosen","floor":29,"turns":7},{"damage":33,"enemies":"Collector","floor":33,"turns":11},{"damage":20,"enemies":"3 Shapes","floor":35,"turns":8},{"damage":6,"enemies":"2 Orb Walkers","floor":37,"turns":7},{"damage":14,"enemies":"3 Darklings","floor":42,"turns":5},{"damage":14,"enemies":"Nemesis","floor":45,"turns":9},{"damage":0,"enemies":"Transient","floor":48,"turns":5},{"damage":31,"enemies":"Donu and Deca","floor":50,"turns":9}],"seed_played":"-409413319703275153","potions_obtained":[{"floor":6,"key":"Weak Potion"},{"floor":11,"key":"Block Potion"},{"floor":12,"key":"EssenceOfSteel"},{"floor":13,"key":"SteroidPotion"},{"floor":20,"key":"Regen Potion"},{"floor":24,"key":"GamblersBrew"},{"floor":29,"key":"SpeedPotion"},{"floor":34,"key":"SpeedPotion"},{"floor":42,"key":"GamblersBrew"},{"floor":45,"key":"Strength Potion"}],"is_trial":false,"path_per_floor":["M","$","M","$","M","E","R","M","T","$","M","M","E","$","R","B",null,"M","?","M","?","?","R","M","R","T","$","R","M","$","?","R","B",null,"M","$","?","$","?","R","?","M","T","R","E","R","?","M","R","B",null],"character_chosen":"THE_SILENT","items_purchased":["Deadly Poison","Footwork","Well Laid Plans","Backstab","Panache","Caltrops"],"campfire_rested":1,"item_purchase_floors":[2,10,14,30,36,38],"current_hp_per_floor":[62,62,62,62,62,22,22,21,21,21,16,16,3,3,24,24,59,53,53,61,61,61,61,61,61,61,61,61,62,62,62,62,45,69,57,57,61,61,52,52,52,50,50,50,48,48,48,60,60,41],"gold":353,"neow_bonus":"RANDOM_COLORLESS","is_prod":false,"is_daily":false,"chose_seed":false,"campfire_upgraded":9,"win_rate":0,"timestamp":1544783227,"path_taken":["M","$","M","?","M","E","R","M","T","?","M","M","E","$","R","BOSS","M","?","?","?","?","R","M","R","T","$","R","M","$","?","R","BOSS","M","$","?","$","?","R","?","M","T","R","E","R","?","M","R","BOSS"],"build_version":"2018-12-13","purchased_purges":3,"victory":true,"max_hp_per_floor":[70,70,70,70,70,70,70,70,70,70,70,70,70,70,70,70,70,70,70,70,70,70,70,70,70,70,70,70,70,70,70,70,70,75,75,75,75,75,75,75,75,75,75,75,75,75,75,75,75,75],"card_choices":[{"not_picked":["Prepared","Cloak And Dagger"],"picked":"Dagger Spray","floor":1},{"not_picked":["Acrobatics","Sucker Punch"],"picked":"Deflect","floor":3},{"not_picked":["Dagger Throw","Distraction"],"picked":"Poisoned Stab","floor":5},{"not_picked":["Tools of the Trade","Underhanded Strike"],"picked":"Caltrops","floor":6},{"not_picked":["Backflip","Sucker Punch"],"picked":"Leg Sweep","floor":8},{"not_picked":["Backflip","Poisoned Stab"],"picked":"Adrenaline","floor":11},{"not_picked":["Sucker Punch","PiercingWail"],"picked":"Backflip","floor":12},{"not_picked":["Dagger Spray","Backflip"],"picked":"Venomology","floor":13},{"not_picked":["Night Terror","Glass Knife"],"picked":"After Image","floor":16},{"not_picked":["Blur"],"picked":"SKIP","floor":18},{"not_picked":["Flying Knee+1"],"picked":"SKIP","floor":20},{"not_picked":["Quick Slash+1"],"picked":"SKIP","floor":24},{"not_picked":["Backflip"],"picked":"SKIP","floor":29},{"not_picked":[],"picked":"Adrenaline","floor":33},{"not_picked":["Setup+1"],"picked":"SKIP","floor":35},{"not_picked":["Flying Knee+1"],"picked":"SKIP","floor":42},{"not_picked":["Deflect"],"picked":"SKIP","floor":45},{"not_picked":["Dodge and Roll+1"],"picked":"SKIP","floor":48}],"player_experience":261938,"relics_obtained":[{"floor":6,"key":"Potion Belt"},{"floor":9,"key":"Bottled Flame"},{"floor":13,"key":"Bird Faced Urn"},{"floor":26,"key":"War Paint"},{"floor":37,"key":"Torii"},{"floor":43,"key":"Old Coin"},{"floor":45,"key":"Bottled Tornado"}],"event_choices":[{"damage_healed":0,"gold_gain":0,"player_choice":"Ignored","damage_taken":0,"max_hp_gain":0,"max_hp_loss":0,"event_name":"N\u0027loth","floor":19,"gold_loss":0},{"cards_removed":["Strike_G"],"damage_healed":0,"gold_gain":0,"player_choice":"Elegance","damage_taken":0,"max_hp_gain":0,"max_hp_loss":0,"event_name":"Back to Basics","floor":21,"gold_loss":0},{"damage_healed":0,"gold_gain":0,"player_choice":"Ignored","damage_taken":0,"max_hp_gain":0,"max_hp_loss":0,"event_name":"Ghosts","floor":22,"gold_loss":0},{"damage_healed":0,"gold_gain":100,"player_choice":"Pray","damage_taken":0,"max_hp_gain":0,"max_hp_loss":0,"event_name":"Golden Shrine","floor":31,"gold_loss":0},{"damage_healed":0,"gold_gain":0,"player_choice":"Fight","damage_taken":0,"max_hp_gain":0,"max_hp_loss":0,"event_name":"Mysterious Sphere","floor":37,"gold_loss":0},{"damage_healed":0,"gold_gain":0,"player_choice":"Embrace Madness","damage_taken":9,"max_hp_gain":0,"max_hp_loss":0,"event_name":"Winding Halls","floor":39,"gold_loss":0,"cards_obtained":["Madness","Madness"]},{"damage_healed":0,"gold_gain":0,"player_choice":"Paid","damage_taken":0,"relics_obtained":["Red Mask"],"max_hp_gain":0,"max_hp_loss":0,"event_name":"Tomb of Lord Red Mask","floor":41,"gold_loss":6},{"cards_removed":["Strike_G"],"damage_healed":0,"gold_gain":0,"player_choice":"Offered Basic","damage_taken":0,"max_hp_gain":0,"max_hp_loss":0,"event_name":"Bonfire Elementals","floor":47,"gold_loss":0}],"is_beta":false,"boss_relics":[{"not_picked":["Ectoplasm","Snecko Eye"],"picked":"Busted Crown"},{"not_picked":["Runic Dome","Velvet Choker"],"picked":"Tiny House"}],"items_purged_floors":[2,27,36],"is_endless":false,"potions_floor_spawned":[6,11,12,13,20,24,29,42,45,48],"ascension_level":11}