{"gold_per_floor":[115,134,134,84,99,129,129,154,154,154,167,167,167,179,179,276,276,286,34,34,34,36,36,51,51,76,106,124,124,141,156,156,252,252,266,279,179,196,120,120,131,131,131,131,131,163,179,207,207,207],"floor_reached":50,"playtime":2457,"items_purged":["Strike_R","Bash"],"score":698,"play_id":"52bf979b-e9f2-4b1e-882a-36a3d790f1a6","local_time":"20181014235044","is_ascension_mode":true,"campfire_choices":[{"data":"Disarm","floor":7.0,"key":"SMITH"},{"floor":10.0,"key":"REST"},{"floor":12.0,"key":"REST"},{"data":"Disarm","floor":15.0,"key":"SMITH"},{"data":"True Grit","floor":23.0,"key":"SMITH"},{"data":"Shrug It Off","floor":25.0,"key":"SMITH"},{"data":"Burning Pact","floor":29,"key":"SMITH"},{"data":"Flash of Steel","floor":32,"key":"SMITH"},{"data":"Flex","floor":40,"key":"SMITH"},{"data":"Inflame","floor":44,"key":"SMITH"},{"data":"Shockwave","floor":49,"key":"SMITH"}],"neow_cost":"","seed_source_timestamp":0,"circlet_count":0,"master_deck":["Defend_R","Defend_R","Disarm+1","Body Slam+1","Shockwave+1","Disarm+1","Burning Pact+1","Impervious","Flash of Steel+1","Shrug It Off+1","True Grit+1","Intimidate","Flex+1","Shrug It Off+1","Searing Blow+1","Infernal Blade+1","Fire Breathing+1","Inflame+1","Inflame+1"],"special_seed":0,"relics":["Burning Blood","Whetstone","Pear","Dream Catcher","Busted Crown","Blood Vial","Happy Flower","Astrolabe","Question Card","Prayer Wheel","Juzu Bracelet","Molten Egg 2"],"potions_floor_usage":[30,30,33,45,48,48,50],"damage_taken":[{"damage":0.0,"enemies":"2 Louse","floor":1.0,"turns":3.0},{"damage":3.0,"enemies":"Cultist","floor":2.0,"turns":4.0},{"damage":16.0,"enemies":"Jaw Worm","floor":5.0,"turns":4.0},{"damage":21.0,"enemies":"Lagavulin","floor":6.0,"turns":7.0},{"damage":35.0,"enemies":"Gremlin Nob","floor":8.0,"turns":5.0},{"damage":10.0,"enemies":"2 Fungi Beasts","floor":11.0,"turns":4.0},{"damage":28.0,"enemies":"Large Slime","floor":14.0,"turns":9.0},{"damage":55.0,"enemies":"The Guardian","floor":16.0,"turns":18.0},{"damage":0.0,"enemies":"3 Byrds","floor":18.0,"turns":6.0},{"damage":10.0,"enemies":"2 Thieves","floor":22.0,"turns":4.0},{"damage":5.0,"enemies":"Snecko","floor":24.0,"turns":7.0},{"damage":34.0,"enemies":"Slavers","floor":27.0,"turns":19.0},{"damage":0,"enemies":"Snake Plant","floor":28,"turns":4},{"damage":1,"enemies":"Centurion and Healer","floor":30,"turns":8},{"damage":0,"enemies":"Snecko","floor":31,"turns":15},{"damage":25,"enemies":"Champ","floor":33,"turns":11},{"damage":0,"enemies":"Orb Walker","floor":35,"turns":2},{"damage":11,"enemies":"3 Shapes","floor":36,"turns":6},{"damage":0,"enemies":"Maw","floor":38,"turns":8},{"damage":9,"enemies":"Reptomancer","floor":41,"turns":7},{"damage":7,"enemies":"Mind Bloom Boss Battle","floor":45,"turns":6},{"damage":25,"enemies":"Nemesis","floor":46,"turns":9},{"damage":13,"enemies":"Sphere and 2 Shapes","floor":47,"turns":5},{"damage":0,"enemies":"Giant Head","floor":48,"turns":6},{"damage":89,"enemies":"Time Eater","floor":50,"turns":10}],"seed_played":"155108963549332479","potions_obtained":[{"floor":2.0,"key":"Strength Potion"},{"floor":5.0,"key":"Fire Potion"},{"floor":8.0,"key":"LiquidBronze"},{"floor":16.0,"key":"PowerPotion"},{"floor":24.0,"key":"Weak Potion"},{"floor":27.0,"key":"Fire Potion"},{"floor":30,"key":"BloodPotion"},{"floor":31,"key":"Energy Potion"},{"floor":35,"key":"Fire Potion"},{"floor":36,"key":"Regen Potion"},{"floor":48,"key":"FearPotion"}],"is_trial":false,"path_per_floor":["M","M","?","?","M","E","R","E","T","R","M","R","?","M","R","B",null,"M","$","?","?","M","R","M","R","T","E","M","R","M","M","R","B",null,"M","M","$","M","$","R","M","?","T","R","?","E","M","E","R"],"character_chosen":"IRONCLAD","items_purchased":["Flash of Steel","Shrug It Off","True Grit","Inflame"],"campfire_rested":2,"item_purchase_floors":[19,19,19,39],"current_hp_per_floor":[80,80,80,80,70,55,55,36,36,63,59,86,86,64,64,15,90,90,90,90,90,86,86,87,87,87,61,69,69,76,84,84,67,90,90,85,85,90,90,90,87,85,85,85,84,66,61,85,85,0],"gold":207,"neow_bonus":"","is_prod":false,"is_daily":false,"chose_seed":false,"campfire_upgraded":9,"win_rate":0,"timestamp":1539557444,"path_taken":["M","M","?","?","?","E","R","E","T","R","M","R","?","?","R","BOSS","M","$","?","?","M","R","M","R","T","E","M","R","M","M","R","BOSS","M","M","$","M","$","R","M","?","T","R","?","E","M","E","R","BOSS"],"build_version":"2018-10-11","purchased_purges":2,"victory":false,"max_hp_per_floor":[80,80,80,80,80,80,80,90,90,90,90,90,90,90,90,90,90,90,90,90,90,90,90,90,90,90,90,90,90,90,90,90,90,90,90,90,90,90,90,90,90,85,85,85,85,85,85,85,85,85],"card_choices":[{"not_picked":["Headbutt","Havoc"],"picked":"Disarm","floor":1.0},{"not_picked":["Headbutt","Sentinel"],"picked":"Body Slam","floor":2.0},{"not_picked":["Flex","Sword Boomerang","Infernal Blade"],"picked":"SKIP","floor":5.0},{"not_picked":["Wild Strike","Battle Trance"],"picked":"Shockwave","floor":6.0},{"not_picked":["Bludgeon","Sentinel","Warcry"],"picked":"SKIP","floor":8.0},{"not_picked":["Whirlwind","Cleave"],"picked":"Disarm","floor":11.0},{"not_picked":["Pummel","Carnage"],"picked":"Burning Pact","floor":12.0},{"not_picked":["Carnage","Sentinel","Anger"],"picked":"SKIP","floor":14.0},{"not_picked":["Fiend Fire","Exhume"],"picked":"Impervious","floor":16.0},{"not_picked":["Cleave"],"picked":"SKIP","floor":18.0},{"not_picked":["Flex"],"picked":"SKIP","floor":22.0},{"not_picked":["Seeing Red"],"picked":"SKIP","floor":24.0},{"not_picked":[],"picked":"Shrug It Off+1","floor":27.0},{"not_picked":["Sever Soul+1"],"picked":"SKIP","floor":28},{"not_picked":["Clash"],"picked":"SKIP","floor":30},{"not_picked":["Wild Strike"],"picked":"SKIP","floor":31},{"not_picked":["Rampage"],"picked":"SKIP","floor":35},{"not_picked":["Blood for Blood+1"],"picked":"SKIP","floor":36},{"not_picked":["Anger"],"picked":"SKIP","floor":38},{"not_picked":["True Grit"],"picked":"SKIP","floor":41},{"not_picked":["Twin Strike+1","Berserk"],"picked":"SKIP","floor":46},{"not_picked":["True Grit","Twin Strike+1"],"picked":"SKIP","floor":47},{"not_picked":["Anger+1","Heavy Blade"],"picked":"SKIP","floor":47},{"not_picked":["Heavy Blade"],"picked":"Inflame+1","floor":48}],"player_experience":69802,"relics_obtained":[{"floor":6.0,"key":"Whetstone"},{"floor":8.0,"key":"Pear"},{"floor":9.0,"key":"Dream Catcher"},{"floor":26.0,"key":"Blood Vial"},{"floor":27.0,"key":"Happy Flower"},{"floor":43,"key":"Question Card"},{"floor":45,"key":"Prayer Wheel"},{"floor":46,"key":"Juzu Bracelet"},{"floor":48,"key":"Molten Egg 2"}],"event_choices":[{"event_name":"Accursed Blacksmith","player_choice":"Forge","floor":3.0,"damage_taken":0.0},{"event_name":"The Cleric","player_choice":"Card Removal","floor":4.0,"damage_taken":0.0},{"event_name":"Liars Game","player_choice":"disagreed","floor":13.0,"damage_taken":0.0},{"event_name":"Drug Dealer","player_choice":"Became Test Subject","floor":20.0,"damage_taken":0.0},{"event_name":"Match and Keep!","player_choice":"0 cards matched","floor":21.0,"damage_taken":0.0},{"event_name":"Winding Halls","player_choice":"Max HP","floor":42,"damage_taken":0},{"event_name":"MindBloom","player_choice":"Fight","floor":45,"damage_taken":0}],"is_beta":false,"boss_relics":[{"not_picked":["Philosopher\u0027s Stone","Black Star"],"picked":"Busted Crown"},{"not_picked":["Fusion Hammer","Snecko Eye"],"picked":"Astrolabe"}],"items_purged_floors":[19,37],"is_endless":false,"potions_floor_spawned":[2,5,8,16,24,27,30,31,35,36,38,48],"killed_by":"Time Eater","ascension_level":4}