{"gold_per_floor":[361,376,74,74,74,74,74,74,74,74,88,58,58,73,73,73],"floor_reached":16,"playtime":274,"items_purged":["Strike_G"],"score":150,"play_id":"bedcf99a-174c-4c4b-9a56-4410d805f2c3","local_time":"20181228050703","is_ascension_mode":true,"campfire_choices":[{"data":"Unload","floor":6,"key":"SMITH"},{"data":"After Image","floor":8,"key":"SMITH"},{"data":"Neutralize","floor":10,"key":"SMITH"},{"data":"Riddle With Holes","floor":15,"key":"SMITH"}],"neow_cost":"TEN_PERCENT_HP_LOSS","seed_source_timestamp":23857348270537,"circlet_count":0,"master_deck":["AscendersBane","Defend_G","Defend_G","Defend_G","Defend_G","Defend_G","Strike_G","Strike_G","Strike_G","Survivor+1","Neutralize+1","Slice","Reflex+1","Unload+1","After Image+1","Bullet Time","Slice+1","Riddle With Holes+1"],"relics":["Ring of the Snake","Golden Idol","Pear"],"potions_floor_usage":[],"damage_taken":[{"damage":1,"enemies":"2 Louse","floor":1,"turns":3},{"damage":1,"enemies":"Small Slimes","floor":2,"turns":5},{"damage":0,"enemies":"Cultist","floor":11,"turns":3},{"damage":0,"enemies":"Looter","floor":12,"turns":4},{"damage":3,"enemies":"3 Louse","floor":14,"turns":3},{"damage":58,"enemies":"Slime Boss","floor":16,"turns":7}],"seed_played":"7505415255982162733","potions_obtained":[{"floor":2,"key":"LiquidBronze"},{"floor":14,"key":"Dexterity Potion"}],"is_trial":false,"path_per_floor":["M","M","$","?","?","R","?","R","T","R","M","M","?","M","R","B"],"character_chosen":"THE_SILENT","items_purchased":["Unload","After Image"],"campfire_rested":0,"item_purchase_floors":[3,3],"current_hp_per_floor":[58,57,57,45,45,45,45,45,55,55,55,55,55,52,52,0],"gold":73,"neow_bonus":"TWO_FIFTY_GOLD","is_prod":false,"is_daily":false,"chose_seed":false,"campfire_upgraded":4,"win_rate":0,"timestamp":1545973623,"path_taken":["M","M","$","?","?","R","?","R","T","R","M","?","?","M","R","BOSS"],"build_version":"2018-12-20","purchased_purges":1,"victory":false,"max_hp_per_floor":[60,60,60,60,56,56,56,56,66,66,66,66,66,66,66,66],"card_choices":[{"not_picked":["Sucker Punch","Prepared"],"picked":"Slice","floor":1},{"not_picked":["PiercingWail","Outmaneuver"],"picked":"Reflex","floor":2},{"not_picked":["Sucker Punch","Acrobatics","Cloak And Dagger"],"picked":"SKIP","floor":11},{"not_picked":["Expertise","PiercingWail"],"picked":"Slice","floor":12},{"not_picked":["Sucker Punch","Outmaneuver"],"picked":"Riddle With Holes","floor":14}],"player_experience":316437,"relics_obtained":[{"floor":9,"key":"Pear"}],"event_choices":[{"damage_healed":0,"gold_gain":0,"player_choice":"Entered Light","damage_taken":12,"max_hp_gain":0,"max_hp_loss":0,"event_name":"Shining Light","floor":4,"gold_loss":0,"cards_upgraded":["Reflex","Survivor"]},{"damage_healed":0,"gold_gain":0,"player_choice":"Lose Max HP","damage_taken":0,"relics_obtained":["Golden Idol"],"max_hp_gain":0,"max_hp_loss":4,"event_name":"Golden Idol","floor":5,"gold_loss":0},{"damage_healed":0,"gold_gain":0,"cards_transformed":["Strike_G"],"player_choice":"Transformed","damage_taken":0,"max_hp_gain":0,"max_hp_loss":0,"event_name":"Transmorgrifier","floor":7,"gold_loss":0,"cards_obtained":["Bullet Time"]},{"damage_healed":0,"gold_gain":0,"player_choice":"Grow","damage_taken":0,"max_hp_gain":0,"max_hp_loss":0,"event_name":"Living Wall","floor":13,"gold_loss":0,"cards_upgraded":["Slice"]}],"is_beta":false,"boss_relics":[],"items_purged_floors":[3],"is_endless":false,"potions_floor_spawned":[2,14],"killed_by":"Slime Boss","ascension_level":14}