{"gold_per_floor":[15,15,34,51,126,157,157,157,211,227,240,281,306,346,346,474,474,495,529,529,305,290,290,290,309,309,209,243,59,72,72,72,200,200,223,239,461,254,275,275,323,342,342,393,405,438,70,135,135,135],"floor_reached":50,"playtime":1865,"items_purged":["Strike_B","Zap","Defend_B","Streamline"],"score":560,"play_id":"8f9de057-a918-4ddc-bdce-7cc3a2e34e37","local_time":"20180908204755","is_ascension_mode":false,"campfire_choices":[{"data":"Darkness","floor":8,"key":"SMITH"},{"floor":15,"key":"REST"},{"data":"Darkness","floor":23,"key":"SMITH"},{"data":"Dualcast","floor":32,"key":"SMITH"},{"data":"Fission","floor":40,"key":"SMITH"},{"data":"Defragment","floor":45,"key":"SMITH"},{"data":"Coolheaded","floor":49,"key":"SMITH"}],"neow_cost":"NO_GOLD","seed_source_timestamp":22818562670878,"circlet_count":0,"master_deck":["Defend_B","Defend_B","Defend_B","Dualcast+1","Go for the Eyes+1","Conserve Battery","Conserve Battery","Darkness+1","Coolheaded+1","Cold Snap","Self Repair","Seek","Cold Snap+1","Darkness+1","Seek","Loop","Chill+1","Fission+1","Blizzard","Blizzard","Defragment+1","Glacier","Core Surge"],"relics":["FrozenCore","PreservedInsect","Bag of Preparation","Golden Idol","Orichalcum","Mercury Hourglass","Regal Pillow","Red Mask","Whetstone","Matryoshka","Incense Burner","Bronze Scales","Orrery","Happy Flower","Pen Nib","Bag of Marbles","MawBank","Darkstone Periapt","Du-Vu Doll"],"potions_floor_usage":[6,11,12,19,28,28,33,46,46,50,50,50],"damage_taken":[{"damage":0,"enemies":"Cultist","floor":1,"turns":4},{"damage":5,"enemies":"2 Louse","floor":3,"turns":3},{"damage":0,"enemies":"Small Slimes","floor":4,"turns":3},{"damage":13,"enemies":"3 Sentries","floor":6,"turns":7},{"damage":4,"enemies":"3 Louse","floor":10,"turns":4},{"damage":4,"enemies":"2 Fungi Beasts","floor":11,"turns":3},{"damage":6,"enemies":"Lagavulin","floor":12,"turns":6},{"damage":3,"enemies":"Exordium Wildlife","floor":13,"turns":4},{"damage":0,"enemies":"3 Sentries","floor":14,"turns":4},{"damage":32,"enemies":"The Guardian","floor":16,"turns":16},{"damage":15,"enemies":"3 Byrds","floor":18,"turns":5},{"damage":37,"enemies":"Masked Bandits","floor":19,"turns":10},{"damage":1,"enemies":"2 Thieves","floor":22,"turns":4},{"damage":11,"enemies":"Snecko","floor":25,"turns":5},{"damage":10,"enemies":"Slavers","floor":28,"turns":3},{"damage":0,"enemies":"Shelled Parasite and Fungi","floor":30,"turns":5},{"damage":39,"enemies":"Champ","floor":33,"turns":13},{"damage":0,"enemies":"Orb Walker","floor":35,"turns":3},{"damage":9,"enemies":"3 Darklings","floor":36,"turns":5},{"damage":22,"enemies":"Maw","floor":39,"turns":7},{"damage":0,"enemies":"4 Shapes","floor":42,"turns":5},{"damage":1,"enemies":"Giant Head","floor":44,"turns":7},{"damage":0,"enemies":"Transient","floor":46,"turns":5},{"damage":0,"enemies":"Mysterious Sphere","floor":48,"turns":5},{"damage":83,"enemies":"Time Eater","floor":50,"turns":16}],"seed_played":"2021300858070223178","potions_obtained":[{"floor":3,"key":"Block Potion"},{"floor":6,"key":"PowerPotion"},{"floor":10,"key":"Fruit Juice"},{"floor":14,"key":"SkillPotion"},{"floor":16,"key":"FocusPotion"},{"floor":18,"key":"Dexterity Potion"},{"floor":28,"key":"Swift Potion"},{"floor":35,"key":"SneckoOil"},{"floor":36,"key":"AttackPotion"},{"floor":44,"key":"SpeedPotion"},{"floor":46,"key":"SneckoOil"},{"floor":48,"key":"EssenceOfSteel"}],"is_trial":false,"path_per_floor":["M","?","M","M","?","E","?","R","T","M","M","E","M","E","R","B",null,"M","?","?","$","M","R","?","M","T","$","E","$","M","$","R","B",null,"M","M","?","$","M","R","T","M","T","E","R","M","$","?","R"],"character_chosen":"DEFECT","items_purchased":["Whetstone","Bronze Scales","Loop","Defragment","Glacier","Core Surge"],"campfire_rested":1,"item_purchase_floors":[21,29,29,38,47,47],"current_hp_per_floor":[75,63,58,58,47,34,34,34,34,30,31,25,22,22,59,34,74,66,36,36,36,42,42,42,38,38,38,35,35,42,42,42,10,74,74,72,72,72,57,57,57,64,64,70,70,70,70,70,70,0],"gold":135,"neow_bonus":"REMOVE_TWO","is_prod":false,"is_daily":false,"chose_seed":false,"campfire_upgraded":6,"win_rate":0,"timestamp":1536436075,"path_taken":["M","?","M","M","?","E","?","R","T","?","M","E","M","E","R","BOSS","M","?","?","$","M","R","?","M","T","?","E","$","M","$","R","BOSS","M","M","?","$","M","R","?","?","T","E","R","M","$","?","R","BOSS"],"build_version":"2018-09-06","purchased_purges":4,"victory":false,"max_hp_per_floor":[75,75,75,75,75,75,69,69,69,69,74,74,74,74,74,74,74,74,74,74,74,74,74,74,74,74,74,74,74,74,74,74,74,74,74,74,74,74,74,74,74,74,74,74,74,74,74,74,74,74],"card_choices":[{"not_picked":["Coolheaded","Steam"],"picked":"Go for the Eyes","floor":1},{"not_picked":["Steam","Redo"],"picked":"Conserve Battery","floor":3},{"not_picked":["Hologram","Gash"],"picked":"Conserve Battery","floor":4},{"not_picked":["BootSequence","Static Discharge"],"picked":"Darkness","floor":6},{"not_picked":["Double Energy","Lockon","Aggregate"],"picked":"SKIP","floor":10},{"not_picked":["Storm","Redo"],"picked":"Coolheaded","floor":11},{"not_picked":["Hello World","Doom and Gloom"],"picked":"Cold Snap","floor":12},{"not_picked":["Undo","Conserve Battery","Go for the Eyes"],"picked":"SKIP","floor":13},{"not_picked":["Reboot","Barrage"],"picked":"Self Repair","floor":14},{"not_picked":["Thunder Strike","Rainbow"],"picked":"Seek","floor":16},{"not_picked":["Sweeping Beam","Tempest","Barrage"],"picked":"SKIP","floor":18},{"not_picked":["Redo","Go for the Eyes"],"picked":"Cold Snap","floor":19},{"not_picked":["Rebound","Coolheaded+1"],"picked":"Darkness","floor":22},{"not_picked":["Hologram+1","Heatsinks+1","Genetic Algorithm"],"picked":"SKIP","floor":25},{"not_picked":["BootSequence+1","Reprogram"],"picked":"Seek","floor":28},{"not_picked":["Streamline","Turbo"],"picked":"Chill+1","floor":30},{"not_picked":["Buffer","Rainbow"],"picked":"Fission","floor":33},{"not_picked":["Double Energy+1","Sweeping Beam"],"picked":"Blizzard","floor":34},{"not_picked":["Conserve Battery+1","Redo"],"picked":"Blizzard","floor":34},{"not_picked":["Leap","All For One","Lockon"],"picked":"SKIP","floor":35},{"not_picked":["Beam Cell+1","Auto Shields+1","Gash+1"],"picked":"SKIP","floor":36},{"not_picked":["Stack","Coolheaded"],"picked":"Streamline","floor":39},{"not_picked":["Cold Snap+1","Static Discharge+1","Streamline+1"],"picked":"SKIP","floor":42},{"not_picked":["Cold Snap+1","Reprogram+1","Skim"],"picked":"SKIP","floor":44},{"not_picked":["Beam Cell+1","Barrage","Chaos"],"picked":"SKIP","floor":46}],"player_experience":24095,"relics_obtained":[{"floor":6,"key":"Bag of Preparation"},{"floor":9,"key":"Orichalcum"},{"floor":12,"key":"Mercury Hourglass"},{"floor":14,"key":"Regal Pillow"},{"floor":19,"key":"Red Mask"},{"floor":26,"key":"Matryoshka"},{"floor":28,"key":"Incense Burner"},{"floor":41,"key":"Happy Flower"},{"floor":41,"key":"Pen Nib"},{"floor":43,"key":"Bag of Marbles"},{"floor":43,"key":"MawBank"},{"floor":44,"key":"Darkstone Periapt"},{"floor":48,"key":"Du-Vu Doll"}],"event_choices":[{"event_name":"Scrap Ooze","player_choice":"success","floor":2,"damage_taken":12},{"event_name":"World of Goop","player_choice":"Gather Gold","floor":5,"damage_taken":0},{"event_name":"Golden Idol","player_choice":"Lose Max HP","floor":7,"damage_taken":0},{"event_name":"Masked Bandits","player_choice":"Fought Bandits","floor":19,"damage_taken":0},{"event_name":"Purifier","player_choice":"One Purge","floor":20,"damage_taken":0},{"event_name":"Ghosts","player_choice":"Ignored","floor":24,"damage_taken":0},{"event_name":"Tomb of Lord Red Mask","player_choice":"Wore Mask","floor":37,"damage_taken":0},{"event_name":"Mysterious Sphere","player_choice":"Fight","floor":48,"damage_taken":0}],"is_beta":false,"boss_relics":[{"not_picked":["Tiny House","Coffee Dripper"],"picked":"FrozenCore"},{"not_picked":["Empty Cage","Busted Crown"],"picked":"Orrery"}],"items_purged_floors":[21,27,38,47],"is_endless":false,"potions_floor_spawned":[3,6,10,14,16,18,28,35,36,44,46,48],"killed_by":"Time Eater","ascension_level":0}