{"gold_per_floor":[115,40,40,40,40,40,40,40,40,74,93,15,15,15,15,117,117,136,146,99,99,115,148,148,161,161,61,61,160,173,208,208,208],"floor_reached":33,"playtime":799,"items_purged":["Strike_R","Strike_R"],"score":410,"play_id":"e85a9ed8-92e9-4586-9c81-291792756607","local_time":"20181104182325","is_ascension_mode":true,"campfire_choices":[{"data":"Infernal Blade","floor":6,"key":"SMITH"},{"data":"Bash","floor":8,"key":"SMITH"},{"data":"Whirlwind","floor":13,"key":"SMITH"},{"floor":15,"key":"REST"},{"floor":32,"key":"REST"}],"neow_cost":"NONE","seed_source_timestamp":18630301164977,"circlet_count":0,"master_deck":["Defend_R","Defend_R","Defend_R","Defend_R","Bash+1","Infernal Blade+1","Whirlwind+1","Pommel Strike","Disarm+1","Limit Break+1","Flame Barrier+1","Thunderclap+1","True Grit+1","Disarm+1","Battle Trance+1","Inflame+1","Intimidate+1","Exhume+1"],"relics":["Eternal Feather","Toxic Egg 2","Centennial Puzzle","Empty Cage","PreservedInsect","Incense Burner","Gambling Chip","Mummified Hand"],"potions_floor_usage":[10,19,19,33,33],"damage_taken":[{"damage":6,"enemies":"2 Louse","floor":1,"turns":3},{"damage":55,"enemies":"3 Sentries","floor":10,"turns":12},{"damage":2,"enemies":"Jaw Worm","floor":11,"turns":3},{"damage":34,"enemies":"The Guardian","floor":16,"turns":11},{"damage":6,"enemies":"Spheric Guardian","floor":18,"turns":3},{"damage":1,"enemies":"2 Thieves","floor":19,"turns":2},{"damage":14,"enemies":"Snecko","floor":22,"turns":5},{"damage":0,"enemies":"Book of Stabbing","floor":23,"turns":10},{"damage":27,"enemies":"Sentry and Sphere","floor":25,"turns":8},{"damage":0,"enemies":"Centurion and Healer","floor":30,"turns":4},{"damage":15,"enemies":"Gremlin Leader","floor":31,"turns":5},{"damage":41,"enemies":"Collector","floor":33,"turns":10}],"seed_played":"7801176667089469756","potions_obtained":[{"floor":1,"key":"SpeedPotion"},{"floor":11,"key":"Explosive Potion"},{"floor":18,"key":"Strength Potion"},{"floor":22,"key":"Strength Potion"},{"floor":30,"key":"SpeedPotion"}],"is_trial":false,"path_per_floor":["M","$","?","?","$","R","?","R","T","E","M","$","R","$","R","B",null,"M","M","$","?","M","E","?","M","T","$","?","?","M","E","R","B"],"character_chosen":"IRONCLAD","items_purchased":["Disarm+1","True Grit+1"],"campfire_rested":2,"item_purchase_floors":[12,20],"current_hp_per_floor":[66,66,71,64,64,67,67,70,70,15,13,13,19,19,50,16,68,62,61,61,61,47,47,47,20,20,20,20,20,20,5,39,0],"gold":208,"neow_bonus":"BOSS_RELIC","is_prod":false,"is_daily":false,"chose_seed":false,"campfire_upgraded":3,"win_rate":0,"timestamp":1541355805,"path_taken":["M","$","?","?","?","R","?","R","T","E","?","?","R","$","R","BOSS","M","M","$","?","M","E","?","M","T","$","?","?","M","E","R","BOSS"],"build_version":"2018-11-01","purchased_purges":2,"victory":false,"max_hp_per_floor":[80,80,85,85,85,85,85,85,85,85,85,85,85,85,85,85,85,85,85,85,85,85,85,85,85,85,85,85,85,85,85,85,85],"card_choices":[{"not_picked":["Power Through","Havoc"],"picked":"Infernal Blade","floor":1},{"not_picked":["Second Wind+1","Uppercut"],"picked":"Whirlwind","floor":10},{"not_picked":["Warcry+1","Body Slam"],"picked":"Pommel Strike","floor":11},{"not_picked":["Bludgeon","Immolate"],"picked":"Limit Break+1","floor":16},{"not_picked":["Armaments+1","Sword Boomerang"],"picked":"Flame Barrier+1","floor":18},{"not_picked":["Entrench+1","Twin Strike"],"picked":"Thunderclap+1","floor":19},{"not_picked":["Whirlwind","Armaments+1"],"picked":"Disarm+1","floor":22},{"not_picked":["Clash","Rupture"],"picked":"Battle Trance+1","floor":23},{"not_picked":["Juggernaut","Iron Wave+1"],"picked":"Inflame+1","floor":25},{"not_picked":["Warcry+1","Carnage+1"],"picked":"Intimidate+1","floor":30},{"not_picked":["Searing Blow","Body Slam"],"picked":"Exhume+1","floor":31}],"player_experience":111959,"relics_obtained":[{"floor":9,"key":"Toxic Egg 2"},{"floor":10,"key":"Centennial Puzzle"},{"floor":23,"key":"PreservedInsect"},{"floor":26,"key":"Gambling Chip"},{"floor":31,"key":"Mummified Hand"}],"event_choices":[{"damage_healed":0,"gold_gain":0,"player_choice":"Donut","damage_taken":0,"max_hp_gain":5,"max_hp_loss":0,"event_name":"Big Fish","floor":3,"gold_loss":0},{"cards_removed":["Strike_R"],"damage_healed":0,"gold_gain":0,"player_choice":"Card Removal","damage_taken":7,"max_hp_gain":0,"max_hp_loss":0,"event_name":"Golden Wing","floor":4,"gold_loss":0},{"damage_healed":0,"gold_gain":0,"player_choice":"Ignored","damage_taken":0,"max_hp_gain":0,"max_hp_loss":0,"event_name":"Liars Game","floor":7,"gold_loss":0},{"damage_healed":0,"gold_gain":0,"player_choice":"Ignored","damage_taken":0,"max_hp_gain":0,"max_hp_loss":0,"event_name":"Vampires","floor":21,"gold_loss":0},{"damage_healed":0,"gold_gain":0,"player_choice":"Opened","damage_taken":0,"relics_obtained":["Incense Burner"],"max_hp_gain":0,"max_hp_loss":0,"event_name":"The Mausoleum","floor":24,"gold_loss":0},{"damage_healed":0,"gold_gain":0,"player_choice":"Ignored","damage_taken":0,"max_hp_gain":0,"max_hp_loss":0,"event_name":"Beggar","floor":28,"gold_loss":0},{"damage_healed":0,"gold_gain":99,"player_choice":"Stole From Cult","damage_taken":0,"max_hp_gain":0,"max_hp_loss":0,"event_name":"Nest","floor":29,"gold_loss":0}],"is_beta":false,"boss_relics":[{"not_picked":["Ectoplasm","Runic Pyramid"],"picked":"Empty Cage"}],"items_purged_floors":[2,27],"is_endless":false,"potions_floor_spawned":[1,11,18,22,30],"killed_by":"Collector","ascension_level":7}