{"gold_per_floor":[12,12,12,31,45,45,45,57,139,139,154,154,168,180,180,275,275,287,47,61,77,95,95,109,109,191,191,191],"floor_reached":28,"playtime":610,"items_purged":["Decay"],"score":214,"play_id":"3bf1b857-f133-4172-9d46-d766c44b39c1","local_time":"20190107013700","is_ascension_mode":false,"campfire_choices":[{"data":"Zap","floor":6,"key":"SMITH"},{"data":"Conserve Battery","floor":10,"key":"SMITH"},{"data":"Ball Lightning","floor":12,"key":"SMITH"},{"data":"Dualcast","floor":15,"key":"SMITH"},{"data":"Double Energy","floor":23,"key":"SMITH"},{"data":"Rainbow","floor":25,"key":"SMITH"},{"data":"Fission","floor":27,"key":"SMITH"}],"neow_cost":"NO_GOLD","seed_source_timestamp":37145509738741,"circlet_count":0,"master_deck":["Zap+1","Dualcast+1","Ball Lightning+1","Conserve Battery+1","Echo Form","BootSequence","Core Surge","Meteor Strike","Fission+1","Double Energy+1","Meteor Strike","Rainbow+1","Consume","Compile Driver","Force Field","Aggregate+1","Coolheaded"],"relics":["Cracked Core","Thread and Needle","Dodecahedron","Pandora\u0027s Box","Membership Card","Mummified Hand"],"potions_floor_usage":[24],"damage_taken":[{"damage":0,"enemies":"Jaw Worm","floor":1,"turns":4},{"damage":0,"enemies":"2 Louse","floor":4,"turns":2},{"damage":2,"enemies":"Cultist","floor":5,"turns":3},{"damage":0,"enemies":"Exordium Wildlife","floor":8,"turns":4},{"damage":3,"enemies":"2 Fungi Beasts","floor":11,"turns":3},{"damage":0,"enemies":"Large Slime","floor":13,"turns":4},{"damage":0,"enemies":"Blue Slaver","floor":14,"turns":2},{"damage":33,"enemies":"Slime Boss","floor":16,"turns":8},{"damage":11,"enemies":"2 Thieves","floor":18,"turns":3},{"damage":11,"enemies":"3 Byrds","floor":20,"turns":4},{"damage":13,"enemies":"Snake Plant","floor":21,"turns":3},{"damage":4,"enemies":"Snecko","floor":22,"turns":3},{"damage":31,"enemies":"3 Cultists","floor":24,"turns":5},{"damage":15,"enemies":"Snake Plant","floor":28,"turns":2}],"seed_played":"4846442105530915183","potions_obtained":[{"floor":5,"key":"SkillPotion"},{"floor":8,"key":"PowerPotion"},{"floor":11,"key":"Fire Potion"}],"is_trial":false,"path_per_floor":["M","?","?","M","M","R","?","M","T","R","M","R","M","M","R","B",null,"M","$","M","M","M","R","M","R","T","R","M"],"character_chosen":"DEFECT","items_purchased":["Membership Card"],"campfire_rested":0,"item_purchase_floors":[19],"current_hp_per_floor":[75,80,80,80,78,78,78,78,78,78,75,75,75,75,75,42,80,69,69,58,45,41,41,10,10,10,10,0],"gold":191,"neow_bonus":"ONE_RARE_RELIC","is_prod":false,"is_daily":false,"chose_seed":false,"campfire_upgraded":7,"win_rate":0,"timestamp":1546825020,"path_taken":["M","?","?","M","M","R","?","M","T","R","M","R","M","M","R","BOSS","M","$","M","?","M","R","M","R","T","R","M"],"build_version":"2019-01-03v4","purchased_purges":1,"victory":false,"max_hp_per_floor":[75,80,80,80,80,80,80,80,80,80,80,80,80,80,80,80,80,80,80,80,80,80,80,80,80,80,80,80],"card_choices":[{"not_picked":["Stack","Redo"],"picked":"Ball Lightning","floor":1},{"not_picked":["Melter","Beam Cell","Go for the Eyes"],"picked":"SKIP","floor":4},{"not_picked":["Auto Shields","Redo"],"picked":"Conserve Battery","floor":5},{"not_picked":["Storm","Compile Driver"],"picked":"Echo Form","floor":8},{"not_picked":["Rebound","Conserve Battery","Gash"],"picked":"SKIP","floor":11},{"not_picked":["Compile Driver","Sweeping Beam","BootSequence"],"picked":"SKIP","floor":13},{"not_picked":["Compile Driver","Sweeping Beam"],"picked":"BootSequence","floor":13},{"not_picked":["Self Repair","Blizzard","Hologram"],"picked":"SKIP","floor":14},{"not_picked":["Hyperbeam","Meteor Strike"],"picked":"Core Surge","floor":16},{"not_picked":["Redo","Stack+1","Force Field"],"picked":"SKIP","floor":18},{"not_picked":["Darkness","Heatsinks","Streamline"],"picked":"SKIP","floor":20},{"not_picked":["Stack","Cold Snap"],"picked":"Aggregate+1","floor":21},{"not_picked":["Compile Driver+1","Ball Lightning","Rebound"],"picked":"SKIP","floor":22},{"not_picked":["Compile Driver","Ball Lightning"],"picked":"Coolheaded","floor":24}],"player_experience":357752,"relics_obtained":[{"floor":9,"key":"Dodecahedron"},{"floor":26,"key":"Mummified Hand"}],"event_choices":[{"damage_healed":0,"gold_gain":0,"player_choice":"Donut","damage_taken":0,"max_hp_gain":5,"max_hp_loss":0,"event_name":"Big Fish","floor":2,"gold_loss":0},{"damage_healed":0,"gold_gain":0,"player_choice":"Ignored","damage_taken":0,"max_hp_gain":0,"max_hp_loss":0,"event_name":"Golden Idol","floor":3,"gold_loss":0},{"damage_healed":0,"gold_gain":0,"player_choice":"Cursed","damage_taken":0,"max_hp_gain":0,"max_hp_loss":0,"event_name":"Wheel of Change","floor":7,"gold_loss":0,"cards_obtained":["Decay"]}],"is_beta":false,"boss_relics":[{"not_picked":["Fusion Hammer","Philosopher\u0027s Stone"],"picked":"Pandora\u0027s Box"}],"items_purged_floors":[19],"is_endless":false,"potions_floor_spawned":[5,8,11,13,16,20],"killed_by":"Snake Plant","ascension_level":0}