{"gold_per_floor":[115,42,60,60,60,60,89,89,89,109,109],"floor_reached":11,"playtime":212,"items_purged":[],"score":107,"play_id":"af38fc5e-c1e9-4cd0-9b4c-0709d91ed576","local_time":"20181031003710","is_ascension_mode":true,"campfire_choices":[{"data":"Capacitor","floor":6,"key":"SMITH"},{"floor":8,"key":"REST"}],"neow_cost":"NONE","seed_source_timestamp":31603218635725,"circlet_count":0,"master_deck":["Strike_B","Strike_B","Strike_B+1","Strike_B+1","Defend_B","Defend_B","Defend_B","Defend_B","Zap","Dualcast","AscendersBane","Storm","Capacitor+1","White Noise"],"relics":["Cracked Core","Strawberry","Darkstone Periapt","Blue Candle","Frozen Egg 2"],"potions_floor_usage":[],"damage_taken":[{"damage":5,"enemies":"Cultist","floor":1,"turns":4},{"damage":8,"enemies":"Jaw Worm","floor":3,"turns":4},{"damage":43,"enemies":"Lagavulin","floor":7,"turns":9},{"damage":7,"enemies":"Small Slimes","floor":10,"turns":4},{"damage":5,"enemies":"3 Sentries","floor":11,"turns":2}],"seed_played":"-8714303684182466398","potions_obtained":[{"floor":1,"key":"FearPotion"}],"is_trial":false,"path_per_floor":["M","$","M","?","?","R","E","R","T","M"],"character_chosen":"DEFECT","items_purchased":["Capacitor"],"campfire_rested":1,"item_purchase_floors":[2],"current_hp_per_floor":[70,70,62,46,46,46,3,27,27,20,15],"gold":109,"neow_bonus":"RANDOM_COMMON_RELIC","is_prod":false,"is_daily":false,"chose_seed":false,"campfire_upgraded":1,"win_rate":0,"timestamp":1540946230,"path_taken":["M","$","?","?","?","R","E","R","T","?","E"],"build_version":"2018-10-25v2","purchased_purges":0,"victory":false,"max_hp_per_floor":[82,82,82,82,82,82,82,82,82,82,82],"card_choices":[{"not_picked":["Steam","Hologram"],"picked":"Storm","floor":1},{"not_picked":["Streamline","Leap","Gash"],"picked":"SKIP","floor":3},{"not_picked":["Leap","Sunder"],"picked":"White Noise","floor":7},{"not_picked":["Doom and Gloom","Meteor Strike","Steam"],"picked":"SKIP","floor":10}],"player_experience":92090,"relics_obtained":[{"floor":7,"key":"Blue Candle"},{"floor":9,"key":"Frozen Egg 2"}],"event_choices":[{"damage_healed":0,"gold_gain":0,"player_choice":"Entered Light","damage_taken":16,"max_hp_gain":0,"max_hp_loss":0,"event_name":"Shining Light","floor":4,"gold_loss":0,"cards_upgraded":["Strike_B","Strike_B"]},{"damage_healed":0,"gold_gain":0,"player_choice":"Gave Potion","damage_taken":0,"relics_obtained":["Darkstone Periapt"],"max_hp_gain":0,"max_hp_loss":0,"event_name":"WeMeetAgain","floor":5,"gold_loss":0}],"is_beta":false,"boss_relics":[],"items_purged_floors":[],"is_endless":false,"potions_floor_spawned":[1],"killed_by":"3 Sentries","ascension_level":10}