{"gold_per_floor":[367,23,23,0,0,17,49,77,77,77,95,141,141,154,154,249,249,260,260,260,275,293,293,308,308,333,333],"floor_reached":27,"playtime":1413,"items_purged":[],"score":288,"play_id":"a3b5d914-d8e3-49fe-87b4-f93164dda45d","local_time":"20190124231338","is_ascension_mode":true,"campfire_choices":[{"floor":13,"key":"REST"},{"data":"Transmutation","floor":15,"key":"SMITH"},{"floor":23,"key":"REST"},{"floor":25,"key":"REST"}],"neow_cost":"PERCENT_DAMAGE","seed_source_timestamp":192925224478436,"circlet_count":0,"master_deck":["Strike_B","Defend_B","Defend_B","Defend_B","Defend_B","Zap","Dualcast","Tempest","Transmutation+1","Sunder","Steam","Steam","Rip and Tear","Fusion","Coolheaded","Echo Form","Coolheaded","Reinforced Body","Go for the Eyes","Go for the Eyes","Genetic Algorithm","Steam","Machine Learning","Fusion","Tempest"],"relics":["Cracked Core","Regal Pillow","StoneCalendar","Singing Bowl","Dream Catcher","Runic Dome","Pen Nib"],"potions_floor_usage":[8,27,27],"damage_taken":[{"damage":0,"enemies":"2 Louse","floor":1,"turns":3},{"damage":7,"enemies":"Jaw Worm","floor":6,"turns":4},{"damage":0,"enemies":"Small Slimes","floor":7,"turns":2},{"damage":32,"enemies":"Gremlin Nob","floor":8,"turns":4},{"damage":10,"enemies":"Looter","floor":11,"turns":3},{"damage":21,"enemies":"Exordium Wildlife","floor":14,"turns":5},{"damage":25,"enemies":"Hexaghost","floor":16,"turns":8},{"damage":6,"enemies":"Chosen","floor":18,"turns":4},{"damage":18,"enemies":"Spheric Guardian","floor":21,"turns":5},{"damage":9,"enemies":"Snake Plant","floor":22,"turns":5},{"damage":19,"enemies":"Snecko","floor":24,"turns":6},{"damage":80,"enemies":"Gremlin Leader","floor":27,"turns":5}],"seed_played":"3091201770477414674","potions_obtained":[{"floor":1,"key":"Energy Potion"},{"floor":6,"key":"Regen Potion"},{"floor":24,"key":"Poison Potion"}],"is_trial":false,"path_per_floor":["M","$","?","?","?","M","M","E","T","?","M","T","R","M","R","B",null,"M","?","?","M","M","R","M","R","T","E"],"character_chosen":"DEFECT","items_purchased":["Regal Pillow","Transmutation"],"campfire_rested":3,"item_purchase_floors":[2,2],"current_hp_per_floor":[50,50,50,50,75,68,68,45,45,45,35,35,72,51,51,26,63,57,57,57,39,30,67,48,75,75,0],"gold":333,"neow_bonus":"TWO_FIFTY_GOLD","is_prod":false,"is_daily":false,"chose_seed":false,"campfire_upgraded":1,"win_rate":0,"timestamp":1548393218,"path_taken":["M","$","?","?","?","M","?","E","T","?","M","?","R","M","R","BOSS","M","?","?","?","M","R","M","R","T","E"],"build_version":"2019-01-23","purchased_purges":0,"victory":false,"max_hp_per_floor":[75,75,75,75,75,75,75,75,75,75,75,75,75,75,75,75,75,75,75,75,75,75,75,75,75,75,75],"card_choices":[{"not_picked":["Skim","Barrage"],"picked":"Tempest","floor":1},{"not_picked":["Reinforced Body","Gash"],"picked":"Sunder","floor":6},{"not_picked":["Redo","Lockon"],"picked":"Steam","floor":7},{"not_picked":["Beam Cell","Loop"],"picked":"Steam","floor":8},{"not_picked":["Blizzard","Redo"],"picked":"Rip and Tear","floor":11},{"not_picked":["Consume","Melter"],"picked":"Fusion","floor":13},{"not_picked":["Force Field","Reinforced Body"],"picked":"Coolheaded","floor":14},{"not_picked":["Creative AI","Biased Cognition"],"picked":"Echo Form","floor":16},{"not_picked":["Leap+1","Stack"],"picked":"Coolheaded","floor":18},{"not_picked":["Steam","Recycle"],"picked":"Genetic Algorithm","floor":21},{"not_picked":["Hologram","Leap"],"picked":"Steam","floor":22},{"not_picked":["Leap","Ball Lightning"],"picked":"Machine Learning","floor":23},{"not_picked":["Go for the Eyes","Cold Snap+1"],"picked":"Fusion","floor":24},{"not_picked":["Redo","Sweeping Beam"],"picked":"Tempest","floor":25}],"player_experience":553002,"relics_obtained":[{"floor":8,"key":"StoneCalendar"},{"floor":9,"key":"Singing Bowl"},{"floor":12,"key":"Dream Catcher"},{"floor":26,"key":"Pen Nib"}],"event_choices":[{"damage_healed":0,"gold_gain":0,"player_choice":"Leave","damage_taken":0,"max_hp_gain":0,"max_hp_loss":0,"event_name":"The Cleric","floor":3,"gold_loss":0},{"damage_healed":0,"gold_gain":0,"player_choice":"Left Gold","damage_taken":0,"max_hp_gain":0,"max_hp_loss":0,"event_name":"World of Goop","floor":4,"gold_loss":23},{"damage_healed":25,"gold_gain":0,"player_choice":"Banana","damage_taken":0,"max_hp_gain":0,"max_hp_loss":0,"event_name":"Big Fish","floor":5,"gold_loss":0},{"cards_removed":["Strike_B"],"damage_healed":0,"gold_gain":0,"player_choice":"Forget","damage_taken":0,"max_hp_gain":0,"max_hp_loss":0,"event_name":"Living Wall","floor":10,"gold_loss":0},{"damage_healed":0,"gold_gain":0,"player_choice":"Read","damage_taken":0,"max_hp_gain":0,"max_hp_loss":0,"event_name":"The Library","floor":19,"gold_loss":0,"cards_obtained":["Reinforced Body"]},{"damage_healed":0,"gold_gain":0,"cards_transformed":["Strike_B","Strike_B"],"player_choice":"Became Test Subject","damage_taken":0,"max_hp_gain":0,"max_hp_loss":0,"event_name":"Drug Dealer","floor":20,"gold_loss":0,"cards_obtained":["Go for the Eyes","Go for the Eyes"]}],"is_beta":false,"boss_relics":[{"not_picked":["Busted Crown","Ectoplasm"],"picked":"Runic Dome"}],"items_purged_floors":[],"is_endless":false,"potions_floor_spawned":[1,6,24],"killed_by":"Gremlin Leader","ascension_level":7}