{"gold_per_floor":[112,37,48,60,71,103,103,103,103,103,134,134,169,93,93,193,193,206,206,256,256,256,256,27,38,64,64,64,64,164,164,164,267,267,280,280,36,36,36,36,36,36,59,59,70,70,98,98,98,98],"floor_reached":50,"playtime":2455,"items_purged":["Clumsy","Decay"],"score":788,"play_id":"49ae6c0f-3aba-4df5-9784-8320956ba98b","local_time":"20180910222634","is_ascension_mode":true,"campfire_choices":[{"data":"Perfected Strike","floor":7,"key":"SMITH"},{"data":"Reaper","floor":10,"key":"SMITH"},{"floor":12,"key":"REST"},{"data":"Inflame","floor":15,"key":"SMITH"},{"data":"Body Slam","floor":23,"key":"SMITH"},{"data":"Perfected Strike","floor":27,"key":"SMITH"},{"data":"Pommel Strike","floor":29,"key":"SMITH"},{"data":"Pommel Strike","floor":32,"key":"SMITH"},{"data":"Juggernaut","floor":40,"key":"SMITH"},{"data":"Inflame","floor":42,"key":"SMITH"},{"data":"Pommel Strike","floor":44,"key":"SMITH"},{"data":"Pommel Strike","floor":46,"key":"SMITH"},{"data":"Perfected Strike","floor":49,"key":"SMITH"}],"neow_cost":"CURSE","seed_source_timestamp":1032533015822586,"circlet_count":0,"master_deck":["Strike_R","Strike_R","Strike_R","Strike_R","Defend_R+1","Defend_R","Defend_R","Defend_R+1","Bash","AscendersBane","Pommel Strike+1","Pommel Strike","Body Slam+1","Perfected Strike+1","Reaper+1","Body Slam+1","Pommel Strike+1","Inflame+1","Impervious+1","Pommel Strike+1","Perfected Strike+1","Spot Weakness+1","Sentinel+1","Headbutt+1","Juggernaut+1","Violence+1","Inflame+1","Armaments+1","Uppercut+1","Pommel Strike+1","Wild Strike+1","Perfected Strike+1","Heavy Blade","Infernal Blade+1"],"relics":["Burning Blood","War Paint","Juzu Bracelet","Mercury Hourglass","Toxic Egg 2","Coffee Dripper","Red Skull","Prayer Wheel","Velvet Choker","Orichalcum","Turnip","Strawberry","Pen Nib"],"potions_floor_usage":[6,13,33,33,47],"damage_taken":[{"damage":10,"enemies":"Small Slimes","floor":1,"turns":4},{"damage":1,"enemies":"Cultist","floor":3,"turns":3},{"damage":9,"enemies":"Jaw Worm","floor":4,"turns":4},{"damage":12,"enemies":"2 Fungi Beasts","floor":5,"turns":4},{"damage":30,"enemies":"3 Sentries","floor":6,"turns":7},{"damage":24,"enemies":"Lagavulin","floor":11,"turns":6},{"damage":16,"enemies":"Gremlin Nob","floor":13,"turns":3},{"damage":60,"enemies":"The Guardian","floor":16,"turns":11},{"damage":26,"enemies":"Shell Parasite","floor":18,"turns":5},{"damage":3,"enemies":"Spheric Guardian","floor":25,"turns":3},{"damage":15,"enemies":"Colosseum Slavers","floor":30,"turns":3},{"damage":24,"enemies":"Colosseum Nobs","floor":30,"turns":4},{"damage":53,"enemies":"Automaton","floor":33,"turns":8},{"damage":6,"enemies":"Orb Walker","floor":35,"turns":2},{"damage":8,"enemies":"Mind Bloom Boss Battle","floor":39,"turns":6},{"damage":0,"enemies":"3 Shapes","floor":45,"turns":2},{"damage":68,"enemies":"Giant Head","floor":47,"turns":7},{"damage":80,"enemies":"Time Eater","floor":50,"turns":7}],"seed_played":"-5446091825938751808","potions_obtained":[{"floor":3,"key":"Energy Potion"},{"floor":4,"key":"Explosive Potion"},{"floor":11,"key":"Poison Potion"},{"floor":30,"key":"Energy Potion"},{"floor":35,"key":"Block Potion"}],"is_trial":false,"path_per_floor":["M","$","M","M","M","E","R","?","T","R","E","R","E","$","R","B",null,"M","$","?","?","?","R","$","M","T","R","?","R","?","?","R","B",null,"M","?","$","?","?","R","?","R","T","R","M","R","E","?","R"],"character_chosen":"IRONCLAD","items_purchased":["Inflame","Perfected Strike","Spot Weakness+1","Inflame","Armaments+1","Orichalcum"],"campfire_rested":1,"item_purchase_floors":[14,24,24,37,37,37],"current_hp_per_floor":[84,84,89,86,80,56,56,56,56,56,43,71,66,66,66,20,77,57,57,57,57,57,57,57,60,60,60,60,60,55,55,55,30,80,80,80,80,80,88,88,88,88,95,95,98,98,65,65,65,0],"gold":98,"neow_bonus":"TWENTY_PERCENT_HP_BONUS","is_prod":false,"is_daily":false,"chose_seed":false,"campfire_upgraded":12,"win_rate":0,"timestamp":1536636394,"path_taken":["M","$","M","M","M","E","R","?","T","R","E","R","E","$","R","BOSS","M","?","?","?","?","R","$","M","T","R","?","R","?","?","R","BOSS","M","?","$","?","?","R","?","R","T","R","M","R","E","?","R","BOSS"],"build_version":"2018-09-06","purchased_purges":2,"victory":false,"max_hp_per_floor":[96,96,96,96,96,96,96,96,96,96,96,96,96,96,96,96,96,96,96,96,96,96,96,96,96,96,96,96,96,96,96,96,96,96,96,96,96,96,96,96,91,91,98,98,98,98,98,98,98,98],"card_choices":[{"not_picked":["Havoc","Wild Strike"],"picked":"Pommel Strike","floor":1},{"not_picked":["Uppercut","Clash"],"picked":"Pommel Strike","floor":3},{"not_picked":["Burning Pact","Entrench"],"picked":"Body Slam","floor":4},{"not_picked":["Thunderclap","Clothesline"],"picked":"Perfected Strike","floor":5},{"not_picked":["Perfected Strike","Armaments"],"picked":"Reaper","floor":6},{"not_picked":["Armaments","Twin Strike"],"picked":"Body Slam","floor":11},{"not_picked":["Body Slam","Berserk"],"picked":"Pommel Strike","floor":13},{"not_picked":["Brutality","Fiend Fire"],"picked":"Impervious+1","floor":16},{"not_picked":["Sword Boomerang","Power Through+1"],"picked":"Pommel Strike","floor":18},{"not_picked":["Dropkick+1","Intimidate+1"],"picked":"Twin Strike","floor":25},{"not_picked":["Blood for Blood","Pummel"],"picked":"Headbutt+1","floor":30},{"not_picked":["Exhume+1","Demon Form"],"picked":"Juggernaut","floor":33},{"not_picked":["Pummel","Fire Breathing","Cleave"],"picked":"SKIP","floor":35},{"not_picked":["Blood for Blood+1","Fire Breathing+1","Wild Strike"],"picked":"SKIP","floor":35},{"not_picked":["Panacea+1","Panache"],"picked":"Violence+1","floor":36},{"not_picked":["Blood for Blood","Feel No Pain+1"],"picked":"Uppercut+1","floor":39},{"not_picked":["Flex+1","Clothesline+1"],"picked":"Pommel Strike","floor":45},{"not_picked":["True Grit+1","Uppercut"],"picked":"Wild Strike+1","floor":45},{"not_picked":["Bludgeon","Thunderclap"],"picked":"Perfected Strike","floor":47}],"player_experience":313387,"relics_obtained":[{"floor":6,"key":"War Paint"},{"floor":9,"key":"Juzu Bracelet"},{"floor":11,"key":"Mercury Hourglass"},{"floor":13,"key":"Toxic Egg 2"},{"floor":26,"key":"Red Skull"},{"floor":30,"key":"Prayer Wheel"},{"floor":39,"key":"Turnip"},{"floor":43,"key":"Strawberry"},{"floor":47,"key":"Pen Nib"}],"event_choices":[{"event_name":"Accursed Blacksmith","player_choice":"Forge","floor":8,"damage_taken":0},{"event_name":"The Joust","player_choice":"Bet on Murderer","floor":20,"damage_taken":0},{"event_name":"Vampires","player_choice":"Ignored","floor":21,"damage_taken":0},{"event_name":"Forgotten Altar","player_choice":"Smashed Altar","floor":22,"damage_taken":0},{"event_name":"Transmorgrifier","player_choice":"Transform","floor":28,"damage_taken":0},{"event_name":"Colosseum","player_choice":"Fight","floor":30,"damage_taken":0},{"event_name":"Colosseum","player_choice":"Fought Nobs","floor":30,"damage_taken":0},{"event_name":"The Woman in Blue","player_choice":"Bought 0 Potions","floor":31,"damage_taken":0},{"event_name":"SensoryStone","player_choice":"Memory 1","floor":36,"damage_taken":0},{"event_name":"Falling","player_choice":"Removed Attack","floor":38,"damage_taken":0},{"event_name":"MindBloom","player_choice":"Fight","floor":39,"damage_taken":0},{"event_name":"Winding Halls","player_choice":"Max HP","floor":41,"damage_taken":0},{"event_name":"Match and Keep!","player_choice":"2 cards matched","floor":48,"damage_taken":0}],"is_beta":false,"boss_relics":[{"not_picked":["Empty Cage","Orrery"],"picked":"Coffee Dripper"},{"not_picked":["Runic Dome","Black Star"],"picked":"Velvet Choker"}],"items_purged_floors":[2,24],"is_endless":false,"potions_floor_spawned":[3,4,11,30,35],"killed_by":"Time Eater","ascension_level":11}