{"gold_per_floor":[117,24,44,44,44,44,69,69,95,129,144,157,191,205,205,304,304,318,318,418,429,153,153,173,185,254,254,267,267,267,267,267,372,372,385,485,243,298,314,314,342,342,342,367,367,32,42,52,52,52],"floor_reached":51,"playtime":6581,"items_purged":["Strike_B"],"score":1352,"play_id":"38eab1d6-35a7-4acc-bf0c-74793c1e8345","local_time":"20190129224214","is_ascension_mode":true,"campfire_choices":[{"data":"Zap","floor":6,"key":"SMITH"},{"data":"Dualcast","floor":8,"key":"SMITH"},{"data":"White Noise","floor":15,"key":"SMITH"},{"floor":23,"key":"REST"},{"data":"White Noise","floor":27,"key":"SMITH"},{"data":"Strike_B","floor":29,"key":"PURGE"},{"data":"Strike_B","floor":32,"key":"PURGE"},{"data":"Machine Learning","floor":40,"key":"SMITH"},{"data":"Conserve Battery","floor":42,"key":"SMITH"},{"floor":49,"key":"DIG"}],"neow_cost":"NONE","seed_source_timestamp":1654134413388772,"circlet_count":0,"master_deck":["Defend_B","Defend_B","Zap+1","Dualcast+1","Discovery","Streamline+1","Undo","White Noise+1","Self Repair","Rainbow","Reinforced Body","Cold Snap","Echo Form","White Noise+1","Sweeping Beam+1","Go for the Eyes","Tempest+1","Machine Learning+1","Compile Driver+1","Rainbow+1","Skim+1","Fusion+1","Conserve Battery+1","BootSequence+1","FTL+1"],"relics":["Cracked Core","NeowsBlessing","Lantern","Dream Catcher","Orichalcum","Matryoshka","Symbiotic Virus","Busted Crown","Peace Pipe","The Courier","Tiny Chest","Bag of Marbles","Molten Egg 2","Mummified Hand","Sundial","Blood Vial","Singing Bowl","Astrolabe","Gambling Chip","Letter Opener","Bird Faced Urn","PreservedInsect","Cables","Shovel","Chemical X","Bag of Preparation","Ice Cream"],"potions_floor_usage":[10,10,16,24,33,48,50],"damage_taken":[{"damage":0,"enemies":"Small Slimes","floor":1,"turns":1},{"damage":0,"enemies":"Jaw Worm","floor":3,"turns":1},{"damage":0,"enemies":"Lagavulin","floor":7,"turns":1},{"damage":4,"enemies":"3 Sentries","floor":10,"turns":5},{"damage":0,"enemies":"2 Louse","floor":11,"turns":1},{"damage":0,"enemies":"Large Slime","floor":12,"turns":6},{"damage":0,"enemies":"Lagavulin","floor":13,"turns":5},{"damage":0,"enemies":"Blue Slaver","floor":14,"turns":3},{"damage":0,"enemies":"Slime Boss","floor":16,"turns":5},{"damage":15,"enemies":"2 Thieves","floor":18,"turns":4},{"damage":27,"enemies":"Colosseum Slavers","floor":20,"turns":4},{"damage":35,"enemies":"Colosseum Nobs","floor":20,"turns":5},{"damage":9,"enemies":"Shell Parasite","floor":21,"turns":5},{"damage":15,"enemies":"Snecko","floor":24,"turns":4},{"damage":2,"enemies":"3 Cultists","floor":25,"turns":3},{"damage":5,"enemies":"Centurion and Healer","floor":28,"turns":5},{"damage":37,"enemies":"Automaton","floor":33,"turns":10},{"damage":0,"enemies":"3 Darklings","floor":35,"turns":3},{"damage":24,"enemies":"Mind Bloom Boss Battle","floor":36,"turns":5},{"damage":14,"enemies":"2 Orb Walkers","floor":38,"turns":4},{"damage":0,"enemies":"3 Shapes","floor":39,"turns":3},{"damage":0,"enemies":"Giant Head","floor":41,"turns":6},{"damage":0,"enemies":"Reptomancer","floor":44,"turns":4},{"damage":0,"enemies":"Spire Growth","floor":47,"turns":3},{"damage":2,"enemies":"Maw","floor":48,"turns":4},{"damage":0,"enemies":"Donu and Deca","floor":50,"turns":6}],"seed_played":"-6533446957257063208","potions_obtained":[{"floor":1,"key":"SteroidPotion"},{"floor":7,"key":"LiquidBronze"},{"floor":14,"key":"Strength Potion"},{"floor":16,"key":"Ancient Potion"},{"floor":21,"key":"SneckoOil"},{"floor":25,"key":"Block Potion"},{"floor":33,"key":"FearPotion"},{"floor":39,"key":"Regen Potion"},{"floor":41,"key":"Strength Potion"},{"floor":44,"key":"Ancient Potion"},{"floor":47,"key":"Swift Potion"}],"is_trial":false,"path_per_floor":["M","$","M","?","?","R","E","R","T","E","M","M","E","M","R","B",null,"M","?","?","M","$","R","M","M","T","R","M","R","?","T","R","B",null,"M","?","$","?","M","R","E","R","T","E","?","$","M","M","R","B",null],"character_chosen":"DEFECT","items_purchased":["Discovery","Tiny Chest","Bag of Marbles","Letter Opener","Conserve Battery","Chemical X","Bag of Preparation","FTL+1"],"campfire_rested":1,"item_purchase_floors":[2,22,22,37,37,46,46,46],"current_hp_per_floor":[68,68,68,68,50,50,50,50,50,46,46,53,60,60,60,67,73,65,65,17,15,15,37,29,34,34,34,43,43,43,43,43,15,60,69,63,63,58,79,79,81,81,81,83,83,83,85,87,87,87],"gold":52,"neow_bonus":"THREE_ENEMY_KILL","is_prod":false,"is_daily":false,"chose_seed":false,"campfire_upgraded":6,"win_rate":0,"timestamp":1548830534,"path_taken":["M","$","M","?","?","R","E","R","T","E","M","M","E","M","R","BOSS","M","?","?","M","$","R","M","M","T","R","M","R","?","?","R","BOSS","M","?","$","?","M","R","E","R","T","E","?","$","M","M","R","BOSS"],"build_version":"2019-01-23","purchased_purges":1,"victory":true,"max_hp_per_floor":[75,75,75,75,75,75,75,75,75,75,75,75,75,75,75,75,75,75,75,75,75,75,75,75,75,75,75,75,75,75,75,75,75,75,75,77,77,77,79,79,81,81,81,83,83,83,85,87,87,87],"card_choices":[{"not_picked":["Heatsinks","Stack","Redo"],"picked":"SKIP","floor":1},{"not_picked":["Sweeping Beam","Redo"],"picked":"Streamline","floor":3},{"not_picked":["Static Discharge","Tempest"],"picked":"Undo","floor":7},{"not_picked":["Gash","Cold Snap"],"picked":"White Noise","floor":10},{"not_picked":["Rip and Tear","Rebound"],"picked":"Self Repair","floor":11},{"not_picked":["Static Discharge","Gash"],"picked":"Rainbow","floor":12},{"not_picked":["Stack","Rebound"],"picked":"Reinforced Body","floor":13},{"not_picked":["Beam Cell","Coolheaded"],"picked":"Cold Snap","floor":14},{"not_picked":["Seek","Machine Learning"],"picked":"Echo Form","floor":16},{"not_picked":["Redo"],"picked":"SKIP","floor":18},{"not_picked":[],"picked":"Sweeping Beam+1","floor":21},{"not_picked":[],"picked":"Go for the Eyes","floor":23},{"not_picked":["Reinforced Body"],"picked":"SKIP","floor":24},{"not_picked":["Coolheaded"],"picked":"SKIP","floor":25},{"not_picked":[],"picked":"Tempest+1","floor":28},{"not_picked":[],"picked":"Machine Learning","floor":33},{"not_picked":[],"picked":"Fusion+1","floor":35},{"not_picked":["Barrage+1"],"picked":"Singing Bowl","floor":36},{"not_picked":[],"picked":"BootSequence+1","floor":38},{"not_picked":["Scrape+1"],"picked":"Singing Bowl","floor":39},{"not_picked":["Stack"],"picked":"Singing Bowl","floor":41},{"not_picked":["Sweeping Beam+1"],"picked":"Singing Bowl","floor":44},{"not_picked":["Steam+1"],"picked":"Singing Bowl","floor":47},{"not_picked":["Reprogram"],"picked":"Singing Bowl","floor":48}],"player_experience":540035,"relics_obtained":[{"floor":7,"key":"Dream Catcher"},{"floor":9,"key":"Orichalcum"},{"floor":10,"key":"Matryoshka"},{"floor":13,"key":"Symbiotic Virus"},{"floor":20,"key":"Peace Pipe"},{"floor":20,"key":"The Courier"},{"floor":26,"key":"Molten Egg 2"},{"floor":26,"key":"Mummified Hand"},{"floor":31,"key":"Blood Vial"},{"floor":31,"key":"Singing Bowl"},{"floor":36,"key":"Gambling Chip"},{"floor":38,"key":"Bird Faced Urn"},{"floor":41,"key":"PreservedInsect"},{"floor":43,"key":"Cables"},{"floor":44,"key":"Shovel"},{"floor":49,"key":"Ice Cream"}],"event_choices":[{"damage_healed":0,"gold_gain":0,"player_choice":"Grow","damage_taken":0,"max_hp_gain":0,"max_hp_loss":0,"event_name":"Living Wall","floor":4,"gold_loss":0,"cards_upgraded":["Streamline"]},{"damage_healed":0,"gold_gain":0,"player_choice":"Success","damage_taken":18,"relics_obtained":["Lantern"],"max_hp_gain":0,"max_hp_loss":0,"event_name":"Scrap Ooze","floor":5,"gold_loss":0},{"damage_healed":0,"gold_gain":0,"player_choice":"Read","damage_taken":0,"max_hp_gain":0,"max_hp_loss":0,"event_name":"The Library","floor":19,"gold_loss":0,"cards_obtained":["White Noise"]},{"damage_healed":0,"gold_gain":0,"player_choice":"Fight","damage_taken":0,"max_hp_gain":0,"max_hp_loss":0,"event_name":"Colosseum","floor":20,"gold_loss":0},{"damage_healed":0,"gold_gain":0,"player_choice":"Fought Nobs","damage_taken":0,"max_hp_gain":0,"max_hp_loss":0,"event_name":"Colosseum","floor":20,"gold_loss":0},{"damage_healed":0,"gold_gain":0,"player_choice":"Opened","damage_taken":0,"relics_obtained":["Sundial"],"max_hp_gain":0,"max_hp_loss":0,"event_name":"The Mausoleum","floor":30,"gold_loss":0},{"damage_healed":0,"gold_gain":0,"player_choice":"Fight","damage_taken":0,"max_hp_gain":0,"max_hp_loss":0,"event_name":"MindBloom","floor":36,"gold_loss":0},{"damage_healed":0,"gold_gain":0,"player_choice":"Fight","damage_taken":0,"max_hp_gain":0,"max_hp_loss":0,"event_name":"Mysterious Sphere","floor":38,"gold_loss":0},{"damage_healed":0,"gold_gain":0,"player_choice":"Ignored","damage_taken":0,"max_hp_gain":0,"max_hp_loss":0,"event_name":"Tomb of Lord Red Mask","floor":45,"gold_loss":0}],"is_beta":false,"boss_relics":[{"not_picked":["Orrery","Empty Cage"],"picked":"Busted Crown"},{"not_picked":["Coffee Dripper","Lizard Tail"],"picked":"Astrolabe"}],"items_purged_floors":[22],"is_endless":false,"potions_floor_spawned":[1,7,14,16,20,21,25,33,39,41,44,47],"ascension_level":9}