{"gold_per_floor":[114,114,129,144,94,94,124,184,234,234,15,30,60,60,60,160,160,175,78,93,108,123,123,138,138,138,153,153,32,32,32,32,132,132,147,0,15,15,315,315,415,430,455,485,24,24,54,69,69,69],"floor_reached":51,"playtime":4242,"items_purged":["Decay","Injury"],"score":828,"play_id":"232e6c12-b4d6-4bc9-85a1-f41c542814fb","local_time":"20181214000127","daily_mods":["Specialized","Blue Cards","Binary"],"is_ascension_mode":false,"campfire_choices":[{"data":"Steam Power","floor":6,"key":"SMITH"},{"data":"Predator","floor":10,"key":"SMITH"},{"data":"Survivor","floor":15,"key":"SMITH"},{"data":"Apotheosis","floor":23,"key":"SMITH"},{"data":"Reboot","floor":25,"key":"SMITH"},{"data":"Master of Strategy","floor":32,"key":"SMITH"},{"floor":40,"key":"REST"},{"floor":46,"key":"REST"},{"floor":49,"key":"REST"}],"neow_cost":"","seed_source_timestamp":0,"circlet_count":0,"master_deck":["Defend_G","Defend_G","Defend_G","Defend_G","Defend_G","Strike_G","Survivor+1","Neutralize","FTL","FTL","FTL","FTL","FTL","Backstab","Steam Power+1","Predator+1","PiercingWail+1","Skim","Quick Slash","Leap","Reboot+1","Sweeping Beam+1","Apotheosis+1","Cold Snap","Rip and Tear","Backflip","Glacier+1","Master of Strategy+1","Injury","Recycle+1","Seek+1","Riddle With Holes+1","Setup","Blade Dance","Malaise","Master of Strategy","Double Energy","Venomology","Blade Dance","Leg Sweep+1","PiercingWail+1"],"special_seed":17879,"relics":["Ring of the Snake","Ornamental Fan","Juzu Bracelet","Membership Card","Oddly Smooth Stone","Cursed Key","Bottled Lightning","Molten Egg 2","Enchiridion","Astrolabe","Red Mask","Calipers","Smiling Mask","Dream Catcher","Turnip","Strawberry","FossilizedHelix"],"potions_floor_usage":[7,22,33,44,44,47,47,47,48,50,50,50,50],"damage_taken":[{"damage":0,"enemies":"Jaw Worm","floor":1,"turns":2},{"damage":0,"enemies":"2 Louse","floor":3,"turns":1},{"damage":0,"enemies":"Small Slimes","floor":4,"turns":2},{"damage":4,"enemies":"Lagavulin Event","floor":7,"turns":5},{"damage":3,"enemies":"Exordium Wildlife","floor":12,"turns":4},{"damage":4,"enemies":"Lagavulin","floor":13,"turns":5},{"damage":5,"enemies":"Slime Boss","floor":16,"turns":11},{"damage":0,"enemies":"Shell Parasite","floor":18,"turns":3},{"damage":0,"enemies":"Spheric Guardian","floor":20,"turns":3},{"damage":0,"enemies":"Snake Plant","floor":21,"turns":5},{"damage":0,"enemies":"Snecko","floor":22,"turns":3},{"damage":1,"enemies":"Centurion and Healer","floor":24,"turns":3},{"damage":0,"enemies":"Cultist and Chosen","floor":27,"turns":4},{"damage":14,"enemies":"Collector","floor":33,"turns":7},{"damage":2,"enemies":"3 Shapes","floor":35,"turns":4},{"damage":0,"enemies":"3 Darklings","floor":37,"turns":4},{"damage":0,"enemies":"Mind Bloom Boss Battle","floor":41,"turns":3},{"damage":0,"enemies":"Transient","floor":42,"turns":5},{"damage":0,"enemies":"Giant Head","floor":44,"turns":7},{"damage":0,"enemies":"Reptomancer","floor":47,"turns":7},{"damage":0,"enemies":"Maw","floor":48,"turns":8},{"damage":0,"enemies":"Awakened One","floor":50,"turns":24}],"seed_played":"7066479884304422075","potions_obtained":[{"floor":3,"key":"Dexterity Potion"},{"floor":7,"key":"FearPotion"},{"floor":12,"key":"Energy Potion"},{"floor":16,"key":"EntropicBrew"},{"floor":24,"key":"Weak Potion"},{"floor":27,"key":"AttackPotion"},{"floor":33,"key":"SteroidPotion"},{"floor":42,"key":"Strength Potion"},{"floor":48,"key":"SkillPotion"}],"is_trial":false,"path_per_floor":["M","?","M","M","?","R","?","?","T","R","$","M","E","?","R","B",null,"M","$","M","M","M","R","M","R","T","M","?","$","T","?","R","B",null,"M","?","M","?","?","R","?","M","T","E","$","R","E","M","R","B",null],"character_chosen":"THE_SILENT","items_purchased":["Membership Card","Skim","Apotheosis","Master of Strategy","Turnip","Strawberry","Master of Strategy","Double Energy","Venomology","Block Potion"],"campfire_rested":3,"item_purchase_floors":[11,11,19,29,45,45,45,45,45,45],"current_hp_per_floor":[70,70,70,70,70,70,66,66,66,66,66,63,59,59,59,54,70,70,70,70,70,70,70,69,69,69,69,69,69,69,53,53,39,70,68,68,68,68,68,70,70,70,70,70,77,77,77,77,77,77],"gold":69,"neow_bonus":"","is_prod":false,"is_daily":true,"chose_seed":false,"campfire_upgraded":6,"win_rate":0,"timestamp":1544767287,"path_taken":["M","?","M","M","?","R","?","?","T","R","$","M","E","?","R","BOSS","M","$","M","M","M","R","M","R","T","M","?","$","?","?","R","BOSS","M","?","M","?","?","R","?","M","T","E","$","R","E","M","R","BOSS"],"build_version":"2018-12-13","purchased_purges":2,"victory":true,"max_hp_per_floor":[70,70,70,70,70,70,70,70,70,70,70,70,70,70,70,70,70,70,70,70,70,70,70,70,70,70,70,70,70,70,70,70,70,70,70,70,70,70,70,70,70,70,70,70,77,77,77,77,77,77],"card_choices":[{"not_picked":["Coolheaded"],"picked":"Backstab","floor":1},{"not_picked":["Dagger Throw"],"picked":"Steam Power","floor":3},{"not_picked":["Prepared"],"picked":"Predator","floor":4},{"not_picked":["Force Field"],"picked":"PiercingWail","floor":7},{"not_picked":["Storm"],"picked":"Quick Slash","floor":12},{"not_picked":["Infinite Blades"],"picked":"Leap","floor":13},{"not_picked":["Electrodynamics"],"picked":"Reboot","floor":16},{"not_picked":["Flying Knee+1"],"picked":"Sweeping Beam+1","floor":18},{"not_picked":["Noxious Fumes"],"picked":"Cold Snap","floor":20},{"not_picked":["Hologram"],"picked":"Rip and Tear","floor":21},{"not_picked":["Quick Slash"],"picked":"Backflip","floor":22},{"not_picked":["Acrobatics"],"picked":"Glacier+1","floor":24},{"not_picked":["Conserve Battery","Dodge and Roll"],"picked":"SKIP","floor":27},{"not_picked":["A Thousand Cuts"],"picked":"Meteor Strike+1","floor":33},{"not_picked":["Compile Driver+1","Barrage+1"],"picked":"SKIP","floor":35},{"not_picked":["Bane+1"],"picked":"Setup","floor":37},{"not_picked":["Ball Lightning+1"],"picked":"Blade Dance","floor":42},{"not_picked":["Undo+1"],"picked":"Malaise","floor":44},{"not_picked":["Deflect+1"],"picked":"Blade Dance","floor":47},{"not_picked":["Underhanded Strike+1"],"picked":"Leg Sweep+1","floor":48},{"not_picked":["Heatsinks+1"],"picked":"PiercingWail+1","floor":49}],"player_experience":446908,"relics_obtained":[{"floor":7,"key":"Ornamental Fan"},{"floor":9,"key":"Juzu Bracelet"},{"floor":13,"key":"Oddly Smooth Stone"},{"floor":26,"key":"Bottled Lightning"},{"floor":30,"key":"Molten Egg 2"},{"floor":31,"key":"Enchiridion"},{"floor":41,"key":"Calipers"},{"floor":43,"key":"Smiling Mask"},{"floor":44,"key":"Dream Catcher"},{"floor":47,"key":"FossilizedHelix"}],"event_choices":[{"damage_healed":0,"gold_gain":0,"player_choice":"Ignored","damage_taken":0,"max_hp_gain":0,"max_hp_loss":0,"event_name":"Liars Game","floor":2,"gold_loss":0},{"cards_removed":["Strike_G"],"damage_healed":0,"gold_gain":0,"player_choice":"Card Removal","damage_taken":0,"max_hp_gain":0,"max_hp_loss":0,"event_name":"The Cleric","floor":5,"gold_loss":50},{"damage_healed":0,"gold_gain":0,"player_choice":"Searched \u00271\u0027 times","damage_taken":0,"max_hp_gain":0,"max_hp_loss":0,"event_name":"Dead Adventurer","floor":7,"gold_loss":0},{"damage_healed":0,"gold_gain":60,"player_choice":"Gained Gold","damage_taken":0,"max_hp_gain":0,"max_hp_loss":0,"event_name":"Golden Wing","floor":8,"gold_loss":0},{"damage_healed":0,"gold_gain":0,"player_choice":"Grow","damage_taken":0,"max_hp_gain":0,"max_hp_loss":0,"event_name":"Living Wall","floor":14,"gold_loss":0,"cards_upgraded":["PiercingWail"]},{"damage_healed":0,"gold_gain":0,"player_choice":"Bought 0 Potions","damage_taken":0,"max_hp_gain":0,"max_hp_loss":0,"event_name":"The Woman in Blue","floor":28,"gold_loss":0},{"damage_healed":0,"gold_gain":0,"player_choice":"Obtained Book","damage_taken":16,"max_hp_gain":0,"max_hp_loss":0,"event_name":"Cursed Tome","floor":31,"gold_loss":0},{"damage_healed":0,"gold_gain":0,"player_choice":"Paid","damage_taken":0,"relics_obtained":["Red Mask"],"max_hp_gain":0,"max_hp_loss":0,"event_name":"Tomb of Lord Red Mask","floor":36,"gold_loss":147},{"cards_removed":["Strike_G"],"damage_healed":0,"gold_gain":0,"player_choice":"Removed Attack","damage_taken":0,"max_hp_gain":0,"max_hp_loss":0,"event_name":"Falling","floor":38,"gold_loss":0},{"damage_healed":0,"gold_gain":300,"player_choice":"Gold","damage_taken":0,"max_hp_gain":0,"max_hp_loss":0,"event_name":"Wheel of Change","floor":39,"gold_loss":0},{"damage_healed":0,"gold_gain":0,"player_choice":"Fight","damage_taken":0,"max_hp_gain":0,"max_hp_loss":0,"event_name":"MindBloom","floor":41,"gold_loss":0}],"is_beta":false,"boss_relics":[{"not_picked":["Pandora\u0027s Box","Lizard Tail"],"picked":"Cursed Key"},{"not_picked":["Coffee Dripper","HoveringKite"],"picked":"Astrolabe"}],"items_purged_floors":[29,45],"is_endless":false,"potions_floor_spawned":[3,7,12,16,20,24,27,33,42,48],"ascension_level":0}