{"gold_per_floor":[16,31,51,51,70,70,20,20,20,20,41,55,55,20,20,120,120,130,28,28,127,142,142,142,60,60,86,11,31,46,59,59,156,156,173,273,285,285,87,117,117,143,143,155,155,187,37,37,37],"floor_reached":50,"playtime":1917,"items_purged":["Strike_R","Strike_R"],"score":1004,"play_id":"f6aac3bc-4c9c-438d-84d3-904178f82918","local_time":"20180924160017","is_ascension_mode":true,"campfire_choices":[{"data":"1","floor":6,"key":"LIFT"},{"data":"2","floor":8,"key":"LIFT"},{"data":"3","floor":10,"key":"LIFT"},{"data":"Corruption","floor":15,"key":"SMITH"},{"data":"Shockwave","floor":23,"key":"SMITH"},{"data":"Purity","floor":32,"key":"SMITH"},{"data":"Feel No Pain","floor":41,"key":"SMITH"},{"data":"Pommel Strike","floor":45,"key":"SMITH"}],"neow_cost":"NO_GOLD","seed_source_timestamp":3098096174792,"circlet_count":0,"master_deck":["Strike_R","Strike_R","Defend_R","Defend_R","Defend_R+1","Defend_R","Bash","Pommel Strike+1","Sword Boomerang","Sword Boomerang","Shockwave+1","Corruption+1","Exhume+1","Purity+1","Madness","Barricade","Metallicize+1","Flex","Feed","Seeing Red+1","Pummel","Madness","Madness","Shrug It Off","Feel No Pain+1","Disarm+1","Clumsy","Intimidate+1","Second Wind"],"relics":["Burning Blood","Girya","Dead Branch","Odd Mushroom","Snecko Eye","Mummified Hand","Gambling Chip","Cursed Key","Thread and Needle","Letter Opener","Meat on the Bone","War Paint","Oddly Smooth Stone"],"potions_floor_usage":[5,18,35,35],"damage_taken":[{"damage":8,"enemies":"2 Louse","floor":1,"turns":4},{"damage":0,"enemies":"Small Slimes","floor":2,"turns":5},{"damage":5,"enemies":"Cultist","floor":3,"turns":4},{"damage":10,"enemies":"2 Fungi Beasts","floor":5,"turns":3},{"damage":12,"enemies":"The Mushroom Lair","floor":11,"turns":3},{"damage":6,"enemies":"Exordium Wildlife","floor":12,"turns":3},{"damage":35,"enemies":"Hexaghost","floor":16,"turns":7},{"damage":3,"enemies":"2 Thieves","floor":18,"turns":2},{"damage":0,"enemies":"Spheric Guardian","floor":22,"turns":3},{"damage":3,"enemies":"Gremlin Leader","floor":27,"turns":3},{"damage":21,"enemies":"3 Cultists","floor":29,"turns":1},{"damage":0,"enemies":"Shelled Parasite and Fungi","floor":30,"turns":2},{"damage":2,"enemies":"Chosen and Byrds","floor":31,"turns":3},{"damage":3,"enemies":"Automaton","floor":33,"turns":4},{"damage":0,"enemies":"Orb Walker","floor":35,"turns":1},{"damage":0,"enemies":"3 Darklings","floor":37,"turns":1},{"damage":2,"enemies":"Nemesis","floor":40,"turns":3},{"damage":1,"enemies":"Giant Head","floor":42,"turns":3},{"damage":3,"enemies":"Reptomancer","floor":44,"turns":4},{"damage":16,"enemies":"2 Orb Walkers","floor":46,"turns":3},{"damage":0,"enemies":"Donu and Deca","floor":49,"turns":2}],"seed_played":"1031228975625917485","potions_obtained":[{"floor":2,"key":"Strength Potion"},{"floor":12,"key":"SkillPotion"},{"floor":22,"key":"Energy Potion"},{"floor":31,"key":"AttackPotion"},{"floor":37,"key":"Energy Potion"},{"floor":42,"key":"Weak Potion"},{"floor":44,"key":"GamblersBrew"}],"is_trial":false,"path_per_floor":["M","M","M","?","M","R","?","R","T","R","?","M","?","$","R","B",null,"M","$","?","?","M","R","?","$","T","E","$","M","M","M","R","B",null,"M","?","M","?","$","E","R","E","T","M","R","E","$","?","B"],"character_chosen":"IRONCLAD","items_purchased":["Corruption","Purity","Barricade","Shrug It Off","Feel No Pain","Oddly Smooth Stone"],"campfire_rested":0,"item_purchase_floors":[14,19,25,39,39,47],"current_hp_per_floor":[78,80,80,73,69,69,69,69,69,69,63,63,68,68,68,42,88,88,88,88,88,88,88,88,88,88,91,91,97,97,97,97,97,97,100,100,100,87,87,91,91,96,96,99,99,89,89,89,95],"gold":37,"neow_bonus":"ONE_RARE_RELIC","is_prod":false,"is_daily":false,"chose_seed":false,"campfire_upgraded":5,"win_rate":0,"timestamp":1537801217,"path_taken":["M","M","M","?","?","R","?","R","T","R","?","?","?","?","R","BOSS","M","$","?","?","M","R","?","?","T","E","$","M","M","M","R","BOSS","M","?","M","?","$","E","R","E","T","M","R","E","?","?","BOSS"],"build_version":"2018-09-20","purchased_purges":2,"victory":true,"max_hp_per_floor":[80,80,80,80,80,80,80,80,80,80,80,80,85,85,85,88,88,88,88,88,88,88,88,88,88,88,91,91,97,97,97,97,97,97,100,100,100,100,100,100,100,100,100,100,100,100,100,100,100],"card_choices":[{"not_picked":["True Grit","Body Slam"],"picked":"Pommel Strike","floor":1},{"not_picked":["Clash","Perfected Strike"],"picked":"Sword Boomerang","floor":2},{"not_picked":["Havoc","Flex","Blood for Blood"],"picked":"SKIP","floor":3},{"not_picked":["Clash","Body Slam"],"picked":"Sword Boomerang","floor":5},{"not_picked":["Ghostly Armor","Dark Embrace"],"picked":"Shockwave","floor":12},{"not_picked":["Demon Form","Double Tap"],"picked":"Exhume","floor":16},{"not_picked":["Perfected Strike","Body Slam","Heavy Blade"],"picked":"SKIP","floor":18},{"not_picked":["Body Slam","Thunderclap+1","Twin Strike"],"picked":"SKIP","floor":22},{"not_picked":["Havoc","Warcry","Brutality"],"picked":"SKIP","floor":27},{"not_picked":["Havoc","Headbutt+1"],"picked":"Metallicize+1","floor":29},{"not_picked":["Twin Strike","Body Slam"],"picked":"Flex","floor":30},{"not_picked":["Thunderclap+1","Clothesline+1","Pummel+1"],"picked":"SKIP","floor":31},{"not_picked":["Brutality","Offering"],"picked":"Feed","floor":33},{"not_picked":["Iron Wave+1","Headbutt+1"],"picked":"Seeing Red+1","floor":35},{"not_picked":["Wild Strike","Dual Wield+1"],"picked":"Pummel","floor":37},{"not_picked":["Carnage","Hemokinesis","Headbutt"],"picked":"SKIP","floor":40},{"not_picked":["Wild Strike","Ghostly Armor+1"],"picked":"Disarm+1","floor":42},{"not_picked":["Rupture+1","Evolve"],"picked":"Intimidate+1","floor":44},{"not_picked":["Power Through","Headbutt+1"],"picked":"Second Wind","floor":46}],"player_experience":43650,"relics_obtained":[{"floor":9,"key":"Dead Branch"},{"floor":11,"key":"Odd Mushroom"},{"floor":26,"key":"Mummified Hand"},{"floor":27,"key":"Gambling Chip"},{"floor":40,"key":"Thread and Needle"},{"floor":42,"key":"Letter Opener"},{"floor":43,"key":"Meat on the Bone"},{"floor":46,"key":"War Paint"}],"event_choices":[{"event_name":"Golden Wing","player_choice":"Card Removal","floor":4,"damage_taken":0},{"event_name":"World of Goop","player_choice":"Left","floor":7,"damage_taken":0},{"event_name":"Mushrooms","player_choice":"Fought Mushrooms","floor":11,"damage_taken":0},{"event_name":"Big Fish","player_choice":"Donut","floor":13,"damage_taken":0},{"event_name":"Cursed Tome","player_choice":"Ignored","floor":20,"damage_taken":0},{"event_name":"Nest","player_choice":"Stole From Cult","floor":21,"damage_taken":0},{"event_name":"Match and Keep!","player_choice":"1 cards matched","floor":24,"damage_taken":0},{"event_name":"Golden Shrine","player_choice":"Pray","floor":36,"damage_taken":0},{"event_name":"Winding Halls","player_choice":"Embrace Madness","floor":38,"damage_taken":0},{"event_name":"SecretPortal","player_choice":"Took Portal.","floor":48,"damage_taken":0}],"is_beta":false,"boss_relics":[{"not_picked":["Mark of Pain","Orrery"],"picked":"Snecko Eye"},{"not_picked":["Black Blood","Busted Crown"],"picked":"Cursed Key"}],"items_purged_floors":[28,39],"is_endless":false,"potions_floor_spawned":[2,12,22,31,37,42,44],"ascension_level":1}