{"gold_per_floor":[110,110,110,128,128,155,20,0,0,0,11,11,31,44,44,44],"floor_reached":16,"playtime":298,"items_purged":[],"score":145,"play_id":"5ad69a62-6c07-459b-ad56-d2327e1141fd","local_time":"20181030164458","is_ascension_mode":true,"campfire_choices":[{"floor":10,"key":"REST"},{"data":"Hologram","floor":15,"key":"SMITH"}],"neow_cost":"NONE","seed_source_timestamp":3185602321741,"circlet_count":0,"master_deck":["Strike_B","Strike_B","Defend_B","Defend_B","Defend_B","Defend_B","Zap","Dualcast","Core Surge","Scrape","Gash","Flash of Steel","Steam","Hologram+1","Gash","Recycle"],"relics":["Cracked Core","Mummified Hand","Vajra"],"potions_floor_usage":[6,16],"damage_taken":[{"damage":0,"enemies":"2 Louse","floor":1,"turns":2},{"damage":2,"enemies":"Jaw Worm","floor":4,"turns":3},{"damage":29,"enemies":"Gremlin Nob","floor":6,"turns":5},{"damage":0,"enemies":"Small Slimes","floor":11,"turns":2},{"damage":3,"enemies":"Exordium Thugs","floor":13,"turns":3},{"damage":7,"enemies":"Exordium Wildlife","floor":14,"turns":3},{"damage":42,"enemies":"The Guardian","floor":16,"turns":9}],"seed_played":"-7072301495783006193","potions_obtained":[{"floor":1,"key":"Ancient Potion"},{"floor":13,"key":"Swift Potion"}],"is_trial":false,"path_per_floor":["M","?","?","M","?","E","$","?","T","R","M","?","M","M","R"],"character_chosen":"DEFECT","items_purchased":["Flash of Steel","Steam"],"campfire_rested":1,"item_purchase_floors":[7,7],"current_hp_per_floor":[68,68,68,66,59,30,30,30,30,52,52,52,49,42,42,0],"gold":44,"neow_bonus":"ONE_RANDOM_RARE_CARD","is_prod":false,"is_daily":false,"chose_seed":false,"campfire_upgraded":1,"win_rate":0,"timestamp":1540917898,"path_taken":["M","?","?","M","?","E","$","?","T","R","M","?","M","M","R","BOSS"],"build_version":"2018-10-25v2","purchased_purges":0,"victory":false,"max_hp_per_floor":[75,75,75,75,75,75,75,75,75,75,75,75,75,75,75,75],"card_choices":[{"not_picked":["Double Energy","Hologram"],"picked":"Scrape","floor":1},{"not_picked":["Steam Power","Sunder","Barrage"],"picked":"SKIP","floor":4},{"not_picked":["Blizzard","Rainbow"],"picked":"Gash","floor":6},{"not_picked":["Compile Driver","Barrage"],"picked":"Hologram","floor":11},{"not_picked":["Undo","Beam Cell"],"picked":"Gash","floor":13},{"not_picked":["Defragment","Sweeping Beam"],"picked":"Recycle","floor":14}],"player_experience":90521,"relics_obtained":[{"floor":6,"key":"Mummified Hand"},{"floor":9,"key":"Vajra"}],"event_choices":[{"cards_removed":["Strike_B"],"damage_healed":0,"gold_gain":0,"player_choice":"Forget","damage_taken":0,"max_hp_gain":0,"max_hp_loss":0,"event_name":"Living Wall","floor":2,"gold_loss":0},{"damage_healed":0,"gold_gain":0,"player_choice":"Ignored","damage_taken":0,"max_hp_gain":0,"max_hp_loss":0,"event_name":"Liars Game","floor":3,"gold_loss":0},{"cards_removed":["Strike_B"],"damage_healed":0,"gold_gain":0,"player_choice":"Card Removal","damage_taken":7,"max_hp_gain":0,"max_hp_loss":0,"event_name":"Golden Wing","floor":5,"gold_loss":0},{"damage_healed":0,"gold_gain":0,"player_choice":"Left Gold","damage_taken":0,"max_hp_gain":0,"max_hp_loss":0,"event_name":"World of Goop","floor":8,"gold_loss":20},{"damage_healed":0,"gold_gain":0,"player_choice":"Ignored","damage_taken":0,"max_hp_gain":0,"max_hp_loss":0,"event_name":"WeMeetAgain","floor":12,"gold_loss":0}],"is_beta":false,"boss_relics":[],"items_purged_floors":[],"is_endless":false,"potions_floor_spawned":[1,13],"killed_by":"The Guardian","ascension_level":9}