{"gold_per_floor":[116,191,191,24,41,52,52,52,52,70,70,87,87,121,133,145],"floor_reached":16,"playtime":484,"items_purged":["Strike_G"],"score":125,"play_id":"08ad5ba1-1793-4dfc-be46-fbe253440686","local_time":"20181106203242","is_ascension_mode":true,"campfire_choices":[{"data":"Neutralize","floor":8,"key":"SMITH"},{"data":"Deep Breath","floor":11,"key":"SMITH"},{"data":"Impatience","floor":15,"key":"SMITH"}],"neow_cost":"NONE","seed_source_timestamp":7347693675583,"circlet_count":0,"master_deck":["Defend_G","Defend_G","Defend_G","Defend_G","Defend_G","Strike_G","Strike_G","Strike_G","Survivor","Neutralize+1","Impatience+1","Heel Hook","Deep Breath+1","Calculated Gamble","Leg Sweep"],"relics":["Ring of the Snake","Ninja Scroll","MawBank"],"potions_floor_usage":[10,14,14,16],"damage_taken":[{"damage":1,"enemies":"2 Louse","floor":1,"turns":4},{"damage":0,"enemies":"Cultist","floor":5,"turns":5},{"damage":0,"enemies":"Small Slimes","floor":6,"turns":4},{"damage":0,"enemies":"Red Slaver","floor":10,"turns":1},{"damage":1,"enemies":"Large Slime","floor":12,"turns":6},{"damage":27,"enemies":"3 Sentries","floor":14,"turns":10},{"damage":30,"enemies":"Hexaghost","floor":16,"turns":14}],"seed_played":"-8764274455049378037","potions_obtained":[{"floor":1,"key":"Fire Potion"},{"floor":12,"key":"EssenceOfSteel"},{"floor":13,"key":"SteroidPotion"},{"floor":13,"key":"Swift Potion"},{"floor":13,"key":"Weak Potion"}],"is_trial":false,"path_per_floor":["M","?","?","$","M","M","$","R","T","M","R","M","?","E","R","B"],"character_chosen":"THE_SILENT","items_purchased":["Deep Breath"],"campfire_rested":0,"item_purchase_floors":[4],"current_hp_per_floor":[69,58,58,58,58,58,58,58,58,58,58,57,57,30,30,0],"gold":145,"neow_bonus":"RANDOM_COLORLESS","is_prod":false,"is_daily":false,"chose_seed":false,"campfire_upgraded":3,"win_rate":0,"timestamp":1541536362,"path_taken":["M","?","?","$","M","M","$","R","T","?","R","M","?","E","R","BOSS"],"build_version":"2018-11-01","purchased_purges":1,"victory":false,"max_hp_per_floor":[70,70,70,70,70,70,70,70,70,70,70,70,70,70,70,70],"card_choices":[{"not_picked":["Underhanded Strike","Noxious Fumes"],"picked":"Heel Hook","floor":1},{"not_picked":["All Out Attack","Finisher","Setup"],"picked":"SKIP","floor":5},{"not_picked":["Flying Knee","All Out Attack","Catalyst"],"picked":"SKIP","floor":6},{"not_picked":["Catalyst","Noxious Fumes"],"picked":"Calculated Gamble","floor":10},{"not_picked":["Slice","Backstab","Quick Slash"],"picked":"SKIP","floor":12},{"not_picked":["Quick Slash","Acrobatics"],"picked":"Leg Sweep","floor":14}],"player_experience":120156,"relics_obtained":[{"floor":9,"key":"Ninja Scroll"},{"floor":14,"key":"MawBank"}],"event_choices":[{"damage_healed":0,"gold_gain":75,"player_choice":"Gather Gold","damage_taken":11,"max_hp_gain":0,"max_hp_loss":0,"event_name":"World of Goop","floor":2,"gold_loss":0},{"cards_removed":["Strike_G"],"damage_healed":0,"gold_gain":0,"player_choice":"Purged","damage_taken":0,"max_hp_gain":0,"max_hp_loss":0,"event_name":"Purifier","floor":3,"gold_loss":0},{"damage_healed":0,"gold_gain":0,"player_choice":"Got Potions","damage_taken":0,"max_hp_gain":0,"max_hp_loss":0,"event_name":"Lab","floor":13,"gold_loss":0}],"is_beta":false,"boss_relics":[],"items_purged_floors":[4],"is_endless":false,"potions_floor_spawned":[1,12],"killed_by":"Hexaghost","ascension_level":5}