{"gold_per_floor":[114,114,129,141,161,111,111,111,190,190],"floor_reached":10,"playtime":360,"items_purged":["Defend_R"],"score":58,"play_id":"45a5df2a-833f-4398-9350-f28660743243","local_time":"20190129214019","is_ascension_mode":false,"campfire_choices":[{"data":"True Grit","floor":7,"key":"SMITH"}],"neow_cost":"NONE","seed_source_timestamp":158158638630787,"circlet_count":0,"master_deck":["Strike_R","Strike_R","Strike_R","Strike_R","Strike_R","Defend_R","Defend_R","Defend_R","Bash","Disarm","Havoc","True Grit+1"],"relics":["Burning Blood","Smiling Mask","GremlinMask","Bottled Lightning"],"potions_floor_usage":[5,10],"damage_taken":[{"damage":0,"enemies":"Small Slimes","floor":1,"turns":3},{"damage":1,"enemies":"2 Louse","floor":3,"turns":3},{"damage":1,"enemies":"Cultist","floor":4,"turns":3},{"damage":15,"enemies":"Red Slaver","floor":5,"turns":8},{"damage":18,"enemies":"3 Louse","floor":10,"turns":10}],"seed_played":"-6891261494296167426","potions_obtained":[{"floor":1,"key":"EssenceOfSteel"},{"floor":5,"key":"Regen Potion"}],"is_trial":false,"path_per_floor":["M","?","M","M","M","$","R","?","T","M"],"character_chosen":"IRONCLAD","items_purchased":[],"campfire_rested":0,"item_purchase_floors":[],"current_hp_per_floor":[80,80,80,80,71,71,71,71,71,68],"gold":190,"neow_bonus":"RANDOM_COMMON_RELIC","is_prod":false,"is_daily":false,"chose_seed":false,"campfire_upgraded":1,"win_rate":0,"timestamp":1548816019,"path_taken":["M","?","M","M","M","$","R","?","T","M"],"build_version":"2019-01-23","purchased_purges":1,"victory":false,"max_hp_per_floor":[80,80,80,80,80,80,80,80,80,80],"card_choices":[{"not_picked":["Uppercut","Shrug It Off"],"picked":"Disarm","floor":1},{"not_picked":["Thunderclap","Body Slam"],"picked":"Havoc","floor":3},{"not_picked":["Shockwave","Anger","Heavy Blade"],"picked":"SKIP","floor":4},{"not_picked":["Evolve","Clothesline"],"picked":"True Grit","floor":5}],"player_experience":411226,"relics_obtained":[{"floor":9,"key":"Bottled Lightning"}],"event_choices":[{"damage_healed":0,"gold_gain":0,"player_choice":"Ignored","damage_taken":0,"max_hp_gain":0,"max_hp_loss":0,"event_name":"Liars Game","floor":2,"gold_loss":0},{"damage_healed":0,"gold_gain":0,"player_choice":"Trade","damage_taken":0,"relics_obtained":["GremlinMask"],"max_hp_gain":0,"max_hp_loss":0,"event_name":"FaceTrader","floor":8,"gold_loss":0}],"is_beta":false,"boss_relics":[],"items_purged_floors":[6],"is_endless":false,"potions_floor_spawned":[1,5],"killed_by":"3 Louse","ascension_level":0}