{"gold_per_floor":[117,15,28,43,63,63,138,138,191,67,67,79,94,140,140,239,239,257,132,132,132,145,145,157,157,157,175,175,175,203,228,240,252],"floor_reached":33,"playtime":598,"items_purged":["Strike_B","Defend_B","Defend_B"],"score":308,"play_id":"e8aad956-5d37-473b-abd7-c9b129a2ca90","local_time":"20180928004649","is_ascension_mode":true,"campfire_choices":[{"data":"Defragment","floor":6,"key":"SMITH"},{"data":"Consume","floor":8,"key":"SMITH"},{"floor":15,"key":"REST"},{"floor":23,"key":"REST"},{"floor":25,"key":"REST"},{"floor":29,"key":"REST"},{"floor":32,"key":"REST"}],"neow_cost":"TEN_PERCENT_HP_LOSS","seed_source_timestamp":31077393139627,"circlet_count":0,"master_deck":["Defend_B","Defend_B","Zap","Dualcast","Ball Lightning","Ball Lightning","Ball Lightning","Defragment+1","Consume+1","Coolheaded","Biased Cognition","Glacier","White Noise"],"relics":["Cracked Core","Vajra","Potion Belt","Fusion Hammer","Molten Egg 2","MawBank"],"potions_floor_usage":[27,30,33],"damage_taken":[{"damage":0,"enemies":"Small Slimes","floor":1,"turns":3},{"damage":1,"enemies":"2 Louse","floor":3,"turns":2},{"damage":0,"enemies":"Cultist","floor":4,"turns":2},{"damage":3,"enemies":"Blue Slaver","floor":5,"turns":3},{"damage":4,"enemies":"Looter","floor":12,"turns":3},{"damage":8,"enemies":"3 Louse","floor":13,"turns":3},{"damage":41,"enemies":"The Guardian","floor":16,"turns":8},{"damage":1,"enemies":"Spheric Guardian","floor":18,"turns":3},{"damage":4,"enemies":"3 Byrds","floor":22,"turns":3},{"damage":5,"enemies":"3 Cultists","floor":24,"turns":5},{"damage":31,"enemies":"Chosen and Byrds","floor":27,"turns":5},{"damage":14,"enemies":"Slavers","floor":30,"turns":6},{"damage":0,"enemies":"Snecko","floor":31,"turns":4},{"damage":72,"enemies":"Automaton","floor":33,"turns":10}],"seed_played":"132036193371413501","potions_obtained":[{"floor":3,"key":"Ancient Potion"},{"floor":12,"key":"EssenceOfSteel"},{"floor":16,"key":"Strength Potion"},{"floor":22,"key":"GamblersBrew"},{"floor":30,"key":"FearPotion"},{"floor":31,"key":"GamblersBrew"}],"is_trial":false,"path_per_floor":["M","$","M","M","M","R","?","R","T","$","$","M","M","T","R","B",null,"M","$","?","?","M","R","M","R","T","M","?","R","E","M","R"],"character_chosen":"DEFECT","items_purchased":["Ball Lightning","Coolheaded"],"campfire_rested":5,"item_purchase_floors":[2,10],"current_hp_per_floor":[68,68,67,67,64,64,53,53,53,53,53,49,41,41,61,20,68,67,67,67,67,63,68,63,68,68,37,37,57,43,43,63,0],"gold":252,"neow_bonus":"REMOVE_TWO","is_prod":false,"is_daily":false,"chose_seed":false,"campfire_upgraded":2,"win_rate":0,"timestamp":1538092009,"path_taken":["M","$","M","M","M","R","?","R","T","?","$","M","M","?","R","BOSS","M","$","?","?","M","R","M","R","T","?","?","R","E","M","R","BOSS"],"build_version":"2018-09-27","purchased_purges":3,"victory":false,"max_hp_per_floor":[68,68,68,68,68,68,68,68,68,68,68,68,68,68,68,68,68,68,68,68,68,68,68,68,68,68,68,68,68,68,68,68,68],"card_choices":[{"not_picked":["Cold Snap","Redo"],"picked":"Ball Lightning","floor":1},{"not_picked":["Genetic Algorithm","Beam Cell"],"picked":"Ball Lightning","floor":3},{"not_picked":["Loop","Leap"],"picked":"Defragment","floor":4},{"not_picked":["Steam","Recycle"],"picked":"Consume","floor":5},{"not_picked":["Barrage","Tempest","Chaos"],"picked":"SKIP","floor":12},{"not_picked":["Doom and Gloom","Redo","Scrape"],"picked":"SKIP","floor":13},{"not_picked":["Seek","Rainbow"],"picked":"Biased Cognition","floor":16},{"not_picked":["Gash","Sunder"],"picked":"Glacier","floor":18},{"not_picked":["Turbo","Steam Power","Fusion"],"picked":"SKIP","floor":22},{"not_picked":["Gash","Aggregate"],"picked":"White Noise","floor":24},{"not_picked":["Aggregate","Reprogram","Gash+1"],"picked":"SKIP","floor":27},{"not_picked":["Compile Driver+1","Sunder+1","Streamline+1"],"picked":"SKIP","floor":30},{"not_picked":["Compile Driver+1","Sweeping Beam+1","Beam Cell+1"],"picked":"SKIP","floor":31}],"player_experience":53067,"relics_obtained":[{"floor":9,"key":"Vajra"},{"floor":14,"key":"Potion Belt"},{"floor":26,"key":"Molten Egg 2"},{"floor":30,"key":"MawBank"}],"event_choices":[{"event_name":"World of Goop","player_choice":"Gather Gold","floor":7,"damage_taken":0},{"event_name":"Cursed Tome","player_choice":"Ignored","floor":20,"damage_taken":0},{"event_name":"The Mausoleum","player_choice":"No","floor":21,"damage_taken":0},{"event_name":"Purifier","player_choice":"One Purge","floor":28,"damage_taken":0}],"is_beta":false,"boss_relics":[{"not_picked":["Snecko Eye","Coffee Dripper"],"picked":"Fusion Hammer"}],"items_purged_floors":[2,10,19],"is_endless":false,"potions_floor_spawned":[3,12,16,22,30,31],"killed_by":"Automaton","ascension_level":4}