{"gold_per_floor":[115,133,20,33,33,33,65,27,27,46,46,80,96,51,51,147,147,164,164,164,176,196,229,240,240,266,266,266,277,277,292,292,389,389,408,20,20,66,66,66,96,96,96,96,107,107,107,11,11,11],"floor_reached":50,"playtime":3239,"items_purged":["Writhe","Strike_R"],"score":901,"play_id":"bce21eb1-cdfe-49e4-890c-247e3c7f0546","local_time":"20181001223714","is_ascension_mode":true,"campfire_choices":[{"data":"Carnage","floor":6,"key":"SMITH"},{"floor":11,"key":"REST"},{"data":"Whirlwind","floor":15,"key":"SMITH"},{"data":"Fiend Fire","floor":25,"key":"SMITH"},{"data":"Inflame","floor":27,"key":"SMITH"},{"data":"Juggernaut","floor":30,"key":"SMITH"},{"data":"Double Tap","floor":32,"key":"SMITH"},{"data":"Dark Embrace","floor":40,"key":"SMITH"},{"data":"Purity","floor":42,"key":"SMITH"},{"data":"Flex","floor":44,"key":"SMITH"},{"data":"Battle Trance","floor":49,"key":"SMITH"}],"neow_cost":"CURSE","seed_source_timestamp":824107631007453,"circlet_count":0,"master_deck":["Strike_R+1","Strike_R","Strike_R+1","Defend_R","Defend_R","Defend_R","Defend_R","Bash+1","AscendersBane","Pommel Strike","Carnage+1","Pummel","Pommel Strike","Battle Trance+1","Whirlwind+1","Perfected Strike","Double Tap+1","Clothesline","Flex+1","Fiend Fire+1","Burning Pact+1","Ghostly","Ghostly","Ghostly","Ghostly","Ghostly","Battle Trance","Seeing Red","Inflame+1","Juggernaut+1","Perfected Strike","Intimidate","Shrug It Off","Dark Embrace+1","Shrug It Off+1","Feel No Pain","Seeing Red+1","Purity+1","True Grit+1","True Grit+1"],"relics":["Black Blood","Turnip","Kunai","Whetstone","Pantograph","Mark of Pain","Shuriken","Blood Vial","Chemical X","Torii","Tiny Chest","Toxic Egg 2","Molten Egg 2"],"potions_floor_usage":[10,12,23,23,33,38,38],"damage_taken":[{"damage":1,"enemies":"2 Louse","floor":1,"turns":4},{"damage":14,"enemies":"Jaw Worm","floor":2,"turns":4},{"damage":10,"enemies":"Small Slimes","floor":4,"turns":3},{"damage":35,"enemies":"Lagavulin","floor":7,"turns":5},{"damage":0,"enemies":"Exordium Thugs","floor":10,"turns":3},{"damage":11,"enemies":"3 Sentries","floor":12,"turns":6},{"damage":14,"enemies":"Red Slaver","floor":13,"turns":2},{"damage":0,"enemies":"Slime Boss","floor":16,"turns":8},{"damage":1,"enemies":"Spheric Guardian","floor":18,"turns":3},{"damage":12,"enemies":"3 Byrds","floor":21,"turns":4},{"damage":3,"enemies":"Snake Plant","floor":22,"turns":4},{"damage":9,"enemies":"Slavers","floor":23,"turns":7},{"damage":1,"enemies":"Snecko","floor":24,"turns":5},{"damage":10,"enemies":"Centurion and Healer","floor":29,"turns":5},{"damage":6,"enemies":"3 Cultists","floor":31,"turns":6},{"damage":30,"enemies":"Collector","floor":33,"turns":8},{"damage":23,"enemies":"Orb Walker","floor":35,"turns":3},{"damage":5,"enemies":"Mysterious Sphere","floor":38,"turns":4},{"damage":7,"enemies":"3 Darklings","floor":45,"turns":6},{"damage":54,"enemies":"Time Eater","floor":50,"turns":7}],"seed_played":"8511819657722039401","potions_obtained":[{"floor":4,"key":"EssenceOfSteel"},{"floor":7,"key":"Explosive Potion"},{"floor":16,"key":"Strength Potion"},{"floor":22,"key":"BloodPotion"},{"floor":29,"key":"Strength Potion"},{"floor":33,"key":"Ancient Potion"},{"floor":35,"key":"AttackPotion"}],"is_trial":false,"path_per_floor":["M","M","$","M","?","R","E","$","T","M","R","E","M","$","R","B",null,"M","?","?","M","M","E","M","R","T","R","?","M","R","M","R","B",null,"M","$","$","?","?","R","T","R","T","R","M","?","T","$","R"],"character_chosen":"IRONCLAD","items_purchased":["Pummel","Whirlwind","Flex","Feel No Pain","Chemical X","True Grit+1","SteroidPotion"],"campfire_rested":1,"item_purchase_floors":[3,8,14,36,36,48,48],"current_hp_per_floor":[77,69,69,65,49,49,20,20,20,26,50,45,37,37,37,68,77,80,40,40,34,37,38,40,40,40,40,40,36,36,38,38,16,34,23,23,23,30,25,25,25,25,25,25,30,30,30,30,30,0],"gold":11,"neow_bonus":"ONE_RARE_RELIC","is_prod":false,"is_daily":false,"chose_seed":false,"campfire_upgraded":10,"win_rate":0,"timestamp":1538451434,"path_taken":["M","M","$","M","?","R","E","?","T","?","R","E","M","?","R","BOSS","M","?","?","?","?","E","M","R","T","R","?","?","R","M","R","BOSS","M","?","$","?","?","R","?","R","T","R","M","?","?","$","R","BOSS"],"build_version":"2018-09-27","purchased_purges":2,"victory":false,"max_hp_per_floor":[80,80,80,80,80,80,80,80,80,80,80,80,80,80,80,80,80,80,40,40,40,40,40,40,40,40,40,40,40,40,40,40,40,40,40,40,40,40,40,40,40,40,40,40,40,40,40,40,40,40],"card_choices":[{"not_picked":["Body Slam","Searing Blow"],"picked":"Pommel Strike","floor":1},{"not_picked":["Sword Boomerang","Seeing Red"],"picked":"Carnage","floor":2},{"not_picked":["Anger","Headbutt"],"picked":"Pommel Strike","floor":4},{"not_picked":["Carnage","Shockwave"],"picked":"Battle Trance","floor":7},{"not_picked":["Headbutt","Hemokinesis"],"picked":"Perfected Strike","floor":10},{"not_picked":["Sword Boomerang","Anger"],"picked":"Double Tap","floor":12},{"not_picked":["Hemokinesis","Sword Boomerang"],"picked":"Clothesline","floor":13},{"not_picked":["Juggernaut","Berserk"],"picked":"Fiend Fire","floor":16},{"not_picked":["Body Slam","Clothesline"],"picked":"Burning Pact+1","floor":18},{"not_picked":["Havoc","Thunderclap"],"picked":"Battle Trance","floor":21},{"not_picked":["Body Slam","Sever Soul+1","Armaments"],"picked":"SKIP","floor":22},{"not_picked":["Blood for Blood","Pummel"],"picked":"Seeing Red","floor":23},{"not_picked":["Clash","Hemokinesis"],"picked":"Inflame","floor":24},{"not_picked":["Sentinel","Intimidate","Clothesline"],"picked":"SKIP","floor":29},{"not_picked":["Sentinel","Clothesline"],"picked":"Intimidate","floor":29},{"not_picked":["Wild Strike","Armaments"],"picked":"Shrug It Off","floor":31},{"not_picked":["Fiend Fire","Reaper"],"picked":"Dark Embrace","floor":33},{"not_picked":["Intimidate","Corruption+1"],"picked":"Shrug It Off+1","floor":35},{"not_picked":["Perfected Strike+1","Havoc"],"picked":"Seeing Red+1","floor":38},{"not_picked":["The Bomb","Bandage Up"],"picked":"Purity","floor":39},{"not_picked":["Havoc+1","Wild Strike"],"picked":"True Grit+1","floor":45}],"player_experience":364400,"relics_obtained":[{"floor":7,"key":"Kunai"},{"floor":9,"key":"Whetstone"},{"floor":12,"key":"Pantograph"},{"floor":23,"key":"Shuriken"},{"floor":26,"key":"Blood Vial"},{"floor":38,"key":"Torii"},{"floor":41,"key":"Tiny Chest"},{"floor":43,"key":"Toxic Egg 2"},{"floor":47,"key":"Molten Egg 2"}],"event_choices":[{"event_name":"Shining Light","player_choice":"Entered Light","floor":5,"damage_taken":0},{"event_name":"Ghosts","player_choice":"Became a Ghost","floor":19,"damage_taken":0},{"event_name":"Vampires","player_choice":"Ignored","floor":20,"damage_taken":0},{"event_name":"Match and Keep!","player_choice":"2 cards matched","floor":28,"damage_taken":0},{"event_name":"Mysterious Sphere","player_choice":"Fight","floor":38,"damage_taken":0},{"event_name":"SensoryStone","player_choice":"Memory 2","floor":39,"damage_taken":0},{"event_name":"Falling","player_choice":"Removed Attack","floor":46,"damage_taken":0}],"is_beta":false,"boss_relics":[{"not_picked":["Ectoplasm","Busted Crown"],"picked":"Mark of Pain"},{"not_picked":["Astrolabe","Lizard Tail"],"picked":"Black Blood"}],"items_purged_floors":[3,36],"is_endless":false,"potions_floor_spawned":[4,7,16,22,29,33,35],"killed_by":"Time Eater","ascension_level":12}