{"gold_per_floor":[110,122,122,122,140,166,166,182,227,246,246,72,90,90,90,185,185,198,198,198,198,216,216,32,32,32,45,74,74,74,74,74,176,176,195,195,214,234,86,86,112,132,207,207,232,242,287,307,307,307,307,307,56,84,84],"floor_reached":56,"playtime":8819,"items_purged":["Strike_R","Strike_R+1"],"score":1461,"play_id":"6ff09430-a4da-4564-9cef-dedea98719a6","local_time":"20181231192024","is_ascension_mode":true,"campfire_choices":[{"data":"Bash","floor":7,"key":"SMITH"},{"data":"Reaper","floor":11,"key":"SMITH"},{"data":"Evolve","floor":15,"key":"SMITH"},{"data":"Battle Trance","floor":23,"key":"SMITH"},{"data":"Pummel","floor":25,"key":"SMITH"},{"data":"Dropkick","floor":29,"key":"SMITH"},{"floor":32,"key":"RECALL"},{"floor":40,"key":"REST"},{"floor":44,"key":"REST"},{"floor":49,"key":"REST"},{"floor":52,"key":"REST"}],"neow_cost":"NONE","seed_source_timestamp":3029373107684572,"circlet_count":0,"master_deck":["Strike_R+1","Strike_R+1","Strike_R+1","Defend_R+1","Defend_R+1","Defend_R+1","Defend_R+1","Bash+1","Entrench+1","Battle Trance+1","Evolve+1","Pummel+1","Dropkick+1","Reaper+1","Shrug It Off+1","Flex+1","Power Through+1","Barricade+1","Armaments+1","Thinking Ahead+1","Warcry+1","Impervious+1","Offering+1","Shockwave+1","Body Slam+1","Power Through+1","Body Slam+1"],"relics":["Burning Blood","Toxic Egg 2","Strawberry","Omamori","Singing Bowl","Mark of Pain","Letter Opener","Dream Catcher","Nilry\u0027s Codex","MutagenicStrength","Runic Cube","PreservedInsect","Orichalcum","Prayer Wheel","FossilizedHelix","Art of War","Red Skull"],"potions_floor_usage":[6,16,16,37,37,46,55,55],"damage_taken":[{"damage":1,"enemies":"2 Louse","floor":1,"turns":4},{"damage":6,"enemies":"Cultist","floor":2,"turns":3},{"damage":16,"enemies":"Small Slimes","floor":5,"turns":4},{"damage":39,"enemies":"3 Sentries","floor":6,"turns":10},{"damage":23,"enemies":"Exordium Wildlife","floor":8,"turns":8},{"damage":26,"enemies":"Large Slime","floor":10,"turns":5},{"damage":15,"enemies":"3 Louse","floor":13,"turns":3},{"damage":9,"enemies":"Slime Boss","floor":16,"turns":10},{"damage":5,"enemies":"Chosen","floor":18,"turns":6},{"damage":6,"enemies":"3 Byrds","floor":22,"turns":7},{"damage":13,"enemies":"Sentry and Sphere","floor":27,"turns":9},{"damage":7,"enemies":"Slavers","floor":28,"turns":8},{"damage":11,"enemies":"Automaton","floor":33,"turns":17},{"damage":6,"enemies":"3 Shapes","floor":35,"turns":6},{"damage":44,"enemies":"3 Darklings","floor":37,"turns":6},{"damage":6,"enemies":"Sphere and 2 Shapes","floor":38,"turns":6},{"damage":21,"enemies":"Reptomancer","floor":41,"turns":7},{"damage":6,"enemies":"4 Shapes","floor":42,"turns":4},{"damage":6,"enemies":"Giant Head","floor":45,"turns":4},{"damage":0,"enemies":"3 Darklings","floor":46,"turns":5},{"damage":6,"enemies":"2 Orb Walkers","floor":47,"turns":3},{"damage":22,"enemies":"Transient","floor":48,"turns":5},{"damage":6,"enemies":"Awakened One","floor":50,"turns":8},{"damage":0,"enemies":"Shield and Spear","floor":54,"turns":5},{"damage":2,"enemies":"The Heart","floor":55,"turns":9}],"seed_played":"1705239492637152871","potions_obtained":[{"floor":1,"key":"FearPotion"},{"floor":5,"key":"Fire Potion"},{"floor":10,"key":"Poison Potion"},{"floor":13,"key":"FearPotion"},{"floor":27,"key":"Fire Potion"},{"floor":28,"key":"BloodPotion"},{"floor":33,"key":"EssenceOfSteel"},{"floor":42,"key":"BloodPotion"},{"floor":45,"key":"BloodPotion"},{"floor":46,"key":"Fruit Juice"},{"floor":48,"key":"Swift Potion"}],"is_trial":false,"path_per_floor":["M","M","?","?","M","E","R","M","T","M","R","$","M","?","R","B",null,"M","?","?","?","M","R","$","R","T","M","E","R","?","?","R","B",null,"M","?","M","M","$","R","E","M","T","R","E","M","?","M","R","B",null,"R","$","E","B",null],"character_chosen":"IRONCLAD","items_purchased":["Shrug It Off+1","Flex+1","Thinking Ahead+1","PreservedInsect","Art of War"],"campfire_rested":4,"item_purchase_floors":[12,12,24,39,53],"current_hp_per_floor":[88,88,88,88,78,52,52,35,35,15,15,15,33,33,33,36,95,95,95,95,95,97,97,97,97,97,97,97,97,81,81,81,95,97,97,97,87,89,89,103,88,103,103,105,107,116,116,104,122,122,122,124,124,126,126],"gold":84,"neow_bonus":"TEN_PERCENT_HP_BONUS","is_prod":false,"is_daily":false,"chose_seed":false,"campfire_upgraded":6,"win_rate":0,"timestamp":1546312824,"path_taken":["M","M","?","?","M","E","R","?","T","M","R","$","M","?","R","BOSS","M","?","?","?","?","R","$","R","T","M","E","R","?","?","R","BOSS","M","?","?","M","$","R","E","M","T","R","E","M","?","M","R","BOSS","R","$","E","BOSS"],"build_version":"2018-12-20","purchased_purges":2,"victory":true,"max_hp_per_floor":[88,88,88,88,88,95,95,95,95,95,95,95,95,95,95,95,95,95,95,95,95,97,97,97,97,97,97,97,97,97,97,97,97,97,97,97,99,101,101,103,103,103,103,105,107,116,116,120,122,122,122,124,124,126,126],"card_choices":[{"not_picked":["Pummel","Pommel Strike"],"picked":"Entrench","floor":1},{"not_picked":["Havoc","Iron Wave"],"picked":"Battle Trance","floor":2},{"not_picked":["Pommel Strike","Perfected Strike"],"picked":"Evolve","floor":5},{"not_picked":["Pommel Strike","Thunderclap"],"picked":"Pummel","floor":6},{"not_picked":["Body Slam","Pummel"],"picked":"Dropkick","floor":8},{"not_picked":["Bloodletting+1","Sword Boomerang"],"picked":"Reaper","floor":10},{"not_picked":["Thunderclap","Wild Strike"],"picked":"Power Through+1","floor":13},{"not_picked":["Demon Form","Feed"],"picked":"Barricade","floor":16},{"not_picked":["Headbutt","Sentinel+1"],"picked":"Armaments+1","floor":18},{"not_picked":["Perfected Strike","Iron Wave","Pommel Strike"],"picked":"Singing Bowl","floor":22},{"not_picked":["Iron Wave","Wild Strike"],"picked":"Warcry+1","floor":27},{"not_picked":["Clothesline","Thunderclap+1"],"picked":"Impervious+1","floor":28},{"not_picked":["Reaper","Feed"],"picked":"Offering+1","floor":33},{"not_picked":["Body Slam","Iron Wave"],"picked":"Shockwave+1","floor":35},{"not_picked":["Twin Strike","Perfected Strike+1","Armaments+1"],"picked":"Singing Bowl","floor":37},{"not_picked":["Shockwave+1","Flame Barrier+1","Pummel+1"],"picked":"Singing Bowl","floor":38},{"not_picked":["Dual Wield+1","Twin Strike+1","Uppercut"],"picked":"Singing Bowl","floor":40},{"not_picked":["Flex+1","Bloodletting+1"],"picked":"Body Slam+1","floor":41},{"not_picked":["Second Wind+1","Battle Trance+1"],"picked":"Power Through+1","floor":42},{"not_picked":["Dual Wield+1","Heavy Blade+1","Iron Wave+1"],"picked":"Singing Bowl","floor":44},{"not_picked":["Shockwave+1","Clash+1","Twin Strike+1"],"picked":"Singing Bowl","floor":45},{"not_picked":["Perfected Strike+1","Anger+1","Blood for Blood+1"],"picked":"Singing Bowl","floor":46},{"not_picked":["Carnage+1","Reckless Charge+1","Clash"],"picked":"Singing Bowl","floor":46},{"not_picked":["Clothesline","Spot Weakness+1"],"picked":"Body Slam+1","floor":47},{"not_picked":["Headbutt+1","Barricade","Clothesline+1"],"picked":"Singing Bowl","floor":48},{"not_picked":["Havoc+1","Wild Strike+1","Combust+1"],"picked":"Singing Bowl","floor":48},{"not_picked":["Wild Strike+1","Evolve+1","Cleave+1"],"picked":"Singing Bowl","floor":49},{"not_picked":["Blood for Blood+1","True Grit+1","Heavy Blade+1"],"picked":"Singing Bowl","floor":52},{"not_picked":["Power Through+1","Pommel Strike","Body Slam"],"picked":"Singing Bowl","floor":54}],"player_experience":179407,"relics_obtained":[{"floor":6,"key":"Strawberry"},{"floor":9,"key":"Omamori"},{"floor":26,"key":"Letter Opener"},{"floor":28,"key":"Dream Catcher"},{"floor":30,"key":"Nilry\u0027s Codex"},{"floor":41,"key":"Orichalcum"},{"floor":45,"key":"Prayer Wheel"},{"floor":47,"key":"FossilizedHelix"},{"floor":54,"key":"Red Skull"}],"event_choices":[{"damage_healed":0,"gold_gain":0,"player_choice":"Grow","damage_taken":0,"max_hp_gain":0,"max_hp_loss":0,"event_name":"Living Wall","floor":3,"gold_loss":0,"cards_upgraded":["Entrench"]},{"damage_healed":0,"gold_gain":0,"player_choice":"Gave Potion","damage_taken":0,"relics_obtained":["Toxic Egg 2"],"max_hp_gain":0,"max_hp_loss":0,"event_name":"WeMeetAgain","floor":4,"gold_loss":0},{"damage_healed":0,"gold_gain":0,"player_choice":"Box","damage_taken":0,"relics_obtained":["Singing Bowl"],"max_hp_gain":0,"max_hp_loss":0,"event_name":"Big Fish","floor":14,"gold_loss":0,"cards_obtained":["Regret"]},{"damage_healed":0,"gold_gain":0,"player_choice":"Simplicity","damage_taken":0,"max_hp_gain":0,"max_hp_loss":0,"event_name":"Back to Basics","floor":19,"gold_loss":0,"cards_upgraded":["Strike_R","Strike_R","Strike_R","Strike_R","Defend_R","Defend_R","Defend_R","Defend_R"]},{"damage_healed":0,"gold_gain":0,"player_choice":"Ignored","damage_taken":0,"max_hp_gain":0,"max_hp_loss":0,"event_name":"Ghosts","floor":20,"gold_loss":0},{"damage_healed":0,"gold_gain":0,"player_choice":"Upgraded","damage_taken":0,"max_hp_gain":0,"max_hp_loss":0,"event_name":"Upgrade Shrine","floor":21,"gold_loss":0,"cards_upgraded":["Barricade"]},{"damage_healed":0,"gold_gain":0,"player_choice":"Obtained Book","damage_taken":16,"max_hp_gain":0,"max_hp_loss":0,"event_name":"Cursed Tome","floor":30,"gold_loss":0},{"damage_healed":0,"gold_gain":0,"player_choice":"Inject Mutagens","damage_taken":0,"relics_obtained":["MutagenicStrength"],"max_hp_gain":0,"max_hp_loss":0,"event_name":"Drug Dealer","floor":31,"gold_loss":0},{"damage_healed":0,"gold_gain":0,"player_choice":"Bought 0 Potions","damage_taken":0,"max_hp_gain":0,"max_hp_loss":0,"event_name":"The Woman in Blue","floor":36,"gold_loss":0},{"damage_healed":0,"gold_gain":0,"player_choice":"Fight","damage_taken":0,"max_hp_gain":0,"max_hp_loss":0,"event_name":"Mysterious Sphere","floor":47,"gold_loss":0}],"is_beta":false,"boss_relics":[{"not_picked":["Black Blood","Busted Crown"],"picked":"Mark of Pain"},{"not_picked":["Runic Pyramid","Black Star"],"picked":"Runic Cube"}],"items_purged_floors":[12,53],"is_endless":false,"potions_floor_spawned":[1,5,10,13,27,28,33,35,42,45,46,48],"ascension_level":2}