{"gold_per_floor":[119,119,73,73,92,92,126,126,126,138,138,148,148,182,182,280,280,220,220,220,220,220,220,220,220,220,220,220,220,220,220,220,220,220,220,220,220,220,27,27,27,27,27,27,27,27,27,27,27,27],"floor_reached":51,"playtime":6214,"items_purged":[],"score":1166,"play_id":"51a76796-3f07-4dfc-88b5-4e91ad0bd16e","local_time":"20190111014217","is_ascension_mode":true,"campfire_choices":[{"data":"Armaments","floor":6,"key":"SMITH"},{"data":"Inflame","floor":8,"key":"SMITH"},{"data":"Rupture","floor":11,"key":"SMITH"},{"data":"Bash","floor":13,"key":"SMITH"},{"data":"Demon Form","floor":15,"key":"SMITH"},{"data":"Shrug It Off","floor":23,"key":"SMITH"},{"data":"Offering","floor":32,"key":"SMITH"},{"data":"Exhume","floor":47,"key":"SMITH"},{"data":"Metallicize","floor":49,"key":"SMITH"}],"neow_cost":"NONE","seed_source_timestamp":23755658012827,"circlet_count":0,"master_deck":["Strike_R+1","Strike_R+1","Strike_R+1","Defend_R+1","Defend_R+1","Defend_R+1","Defend_R+1","Bash+1","Armaments+1","Shrug It Off+1","Inflame+1","Rupture+1","Demon Form+1","Reaper+1","True Grit+1","Iron Wave+1","Thunderclap+1","Heavy Blade+1","Impervious","Offering+1","Clothesline+1","Shockwave+1","Metallicize","Impervious","Fire Breathing+1","Offering+1","Exhume+1","Shrug It Off","Metallicize+1"],"relics":["Burning Blood","NeowsBlessing","Orichalcum","Ice Cream","Mummified Hand","Molten Egg 2","Ectoplasm","Enchiridion","Letter Opener","Vajra","Omamori","Black Star","DollysMirror","Lantern","Red Skull","Bronze Scales","Torii","Unceasing Top","Happy Flower"],"potions_floor_usage":[18,25,28,30,40,41],"damage_taken":[{"damage":0,"enemies":"Small Slimes","floor":1,"turns":1},{"damage":0,"enemies":"Cultist","floor":5,"turns":1},{"damage":0,"enemies":"Gremlin Nob","floor":7,"turns":1},{"damage":0,"enemies":"Jaw Worm","floor":10,"turns":3},{"damage":16,"enemies":"2 Fungi Beasts","floor":12,"turns":4},{"damage":22,"enemies":"3 Sentries","floor":14,"turns":11},{"damage":24,"enemies":"The Guardian","floor":16,"turns":9},{"damage":15,"enemies":"2 Thieves","floor":18,"turns":5},{"damage":0,"enemies":"Chosen","floor":21,"turns":4},{"damage":10,"enemies":"Centurion and Healer","floor":24,"turns":6},{"damage":3,"enemies":"Chosen and Byrds","floor":25,"turns":4},{"damage":5,"enemies":"Snake Plant","floor":27,"turns":2},{"damage":14,"enemies":"Book of Stabbing","floor":28,"turns":4},{"damage":6,"enemies":"Centurion and Healer","floor":29,"turns":4},{"damage":6,"enemies":"Slavers","floor":30,"turns":4},{"damage":0,"enemies":"Snecko","floor":31,"turns":5},{"damage":15,"enemies":"Champ","floor":33,"turns":6},{"damage":9,"enemies":"3 Darklings","floor":35,"turns":4},{"damage":6,"enemies":"3 Shapes","floor":36,"turns":4},{"damage":6,"enemies":"Transient","floor":38,"turns":5},{"damage":12,"enemies":"Giant Head","floor":40,"turns":5},{"damage":6,"enemies":"4 Shapes","floor":41,"turns":5},{"damage":8,"enemies":"Sphere and 2 Shapes","floor":42,"turns":4},{"damage":18,"enemies":"Nemesis","floor":44,"turns":5},{"damage":13,"enemies":"Reptomancer","floor":46,"turns":2},{"damage":18,"enemies":"Transient","floor":48,"turns":5},{"damage":45,"enemies":"Donu and Deca","floor":50,"turns":7}],"seed_played":"-4465144329038693426","potions_obtained":[{"floor":5,"key":"Swift Potion"},{"floor":12,"key":"BloodPotion"},{"floor":16,"key":"Block Potion"},{"floor":24,"key":"Energy Potion"},{"floor":25,"key":"Fruit Juice"},{"floor":27,"key":"Explosive Potion"},{"floor":29,"key":"Swift Potion"},{"floor":30,"key":"Fire Potion"},{"floor":41,"key":"Explosive Potion"},{"floor":42,"key":"Weak Potion"}],"is_trial":false,"path_per_floor":["M","?","$","?","M","R","E","R","T","M","R","M","R","E","R","B",null,"M","?","?","M","?","R","M","M","T","M","E","M","E","M","R","B",null,"M","M","?","M","$","E","M","M","T","E","$","E","R","M","R","B",null],"character_chosen":"IRONCLAD","items_purchased":["Shrug It Off","DollysMirror"],"campfire_rested":0,"item_purchase_floors":[3,39],"current_hp_per_floor":[78,75,75,75,80,80,80,80,80,80,80,70,70,54,54,36,69,72,56,56,74,66,66,70,85,85,85,77,85,85,85,85,85,85,85,85,85,85,85,85,85,85,85,73,73,85,85,85,85,81],"gold":27,"neow_bonus":"THREE_ENEMY_KILL","is_prod":false,"is_daily":false,"chose_seed":false,"campfire_upgraded":9,"win_rate":0,"timestamp":1547199737,"path_taken":["M","?","$","?","M","R","E","R","T","M","R","M","R","E","R","BOSS","M","?","?","?","?","R","M","M","T","M","E","?","E","M","R","BOSS","M","M","?","?","?","E","M","M","T","E","$","E","R","M","R","BOSS"],"build_version":"2019-01-10","purchased_purges":0,"victory":true,"max_hp_per_floor":[80,80,80,80,80,80,80,80,80,80,80,80,80,80,80,80,80,80,80,80,80,80,80,80,85,85,85,85,85,85,85,85,85,85,85,85,85,85,85,85,85,85,85,85,85,85,85,85,85,85],"card_choices":[{"not_picked":["Headbutt","Second Wind"],"picked":"Armaments","floor":1},{"not_picked":["Intimidate","Wild Strike","Thunderclap"],"picked":"SKIP","floor":5},{"not_picked":["Fire Breathing","Armaments"],"picked":"Inflame","floor":7},{"not_picked":["Sever Soul","Infernal Blade"],"picked":"Rupture","floor":10},{"not_picked":["Second Wind","Hemokinesis","Headbutt"],"picked":"SKIP","floor":12},{"not_picked":["Headbutt","Inflame"],"picked":"Demon Form","floor":14},{"not_picked":["Dark Embrace","Feed+1"],"picked":"Reaper+1","floor":16},{"not_picked":["Perfected Strike+1","Clash+1"],"picked":"True Grit+1","floor":18},{"not_picked":["Sword Boomerang+1","Fire Breathing+1"],"picked":"Iron Wave+1","floor":21},{"not_picked":["Anger+1","Combust"],"picked":"Thunderclap+1","floor":24},{"not_picked":["Iron Wave+1","Perfected Strike+1"],"picked":"Heavy Blade+1","floor":25},{"not_picked":["Wild Strike+1","Headbutt+1"],"picked":"Impervious","floor":27},{"not_picked":["Body Slam+1","Clothesline+1"],"picked":"Offering","floor":28},{"not_picked":["Dropkick+1","Body Slam+1"],"picked":"Clothesline+1","floor":29},{"not_picked":["Clothesline+1","Reaper+1"],"picked":"Shockwave+1","floor":30},{"not_picked":["Entrench","Rampage+1"],"picked":"Metallicize","floor":31},{"not_picked":["Double Tap","Dark Embrace"],"picked":"Impervious","floor":33},{"not_picked":["Armaments+1","Clash+1","Flex"],"picked":"SKIP","floor":35},{"not_picked":["Rage","Infernal Blade+1"],"picked":"Fire Breathing+1","floor":36},{"not_picked":["Clothesline+1","Havoc","Wild Strike+1"],"picked":"SKIP","floor":38},{"not_picked":["Havoc","Anger+1","Flex"],"picked":"SKIP","floor":40},{"not_picked":["Heavy Blade+1","Inflame"],"picked":"Exhume","floor":41},{"not_picked":["Body Slam+1","Wild Strike+1"],"picked":"Shrug It Off","floor":42},{"not_picked":["Perfected Strike+1","Sentinel","Cleave+1"],"picked":"SKIP","floor":44},{"not_picked":["Clash+1","Flex+1","Warcry"],"picked":"SKIP","floor":46},{"not_picked":["Iron Wave+1","Headbutt+1"],"picked":"Metallicize","floor":48}],"player_experience":275411,"relics_obtained":[{"floor":7,"key":"Ice Cream"},{"floor":9,"key":"Mummified Hand"},{"floor":14,"key":"Molten Egg 2"},{"floor":19,"key":"Enchiridion"},{"floor":26,"key":"Letter Opener"},{"floor":28,"key":"Vajra"},{"floor":30,"key":"Omamori"},{"floor":40,"key":"Lantern"},{"floor":40,"key":"Red Skull"},{"floor":44,"key":"Bronze Scales"},{"floor":44,"key":"Torii"},{"floor":46,"key":"Unceasing Top"},{"floor":46,"key":"Happy Flower"}],"event_choices":[{"damage_healed":0,"gold_gain":0,"player_choice":"Success","damage_taken":3,"relics_obtained":["Orichalcum"],"max_hp_gain":0,"max_hp_loss":0,"event_name":"Scrap Ooze","floor":2,"gold_loss":0},{"cards_removed":["Strike_R"],"damage_healed":0,"gold_gain":0,"player_choice":"Purged","damage_taken":0,"max_hp_gain":0,"max_hp_loss":0,"event_name":"Purifier","floor":4,"gold_loss":0},{"damage_healed":0,"gold_gain":0,"player_choice":"Obtained Book","damage_taken":16,"max_hp_gain":0,"max_hp_loss":0,"event_name":"Cursed Tome","floor":19,"gold_loss":0},{"damage_healed":0,"gold_gain":0,"player_choice":"Simplicity","damage_taken":0,"max_hp_gain":0,"max_hp_loss":0,"event_name":"Back to Basics","floor":20,"gold_loss":0,"cards_upgraded":["Strike_R","Strike_R","Strike_R","Strike_R","Defend_R","Defend_R","Defend_R","Defend_R"]},{"damage_healed":0,"gold_gain":0,"player_choice":"Damaged","damage_taken":8,"max_hp_gain":0,"max_hp_loss":0,"event_name":"Wheel of Change","floor":22,"gold_loss":0},{"cards_removed":["Strike_R"],"damage_healed":0,"gold_gain":0,"player_choice":"Purged","damage_taken":0,"max_hp_gain":0,"max_hp_loss":0,"event_name":"Purifier","floor":37,"gold_loss":0}],"is_beta":false,"boss_relics":[{"not_picked":["Tiny House","Lizard Tail"],"picked":"Ectoplasm"},{"not_picked":["Pandora\u0027s Box","Snecko Eye"],"picked":"Black Star"}],"items_purged_floors":[],"is_endless":false,"potions_floor_spawned":[5,12,16,24,25,27,29,30,31,35,38,41,42],"ascension_level":7}