{"gold_per_floor":[114,39,114,114,129,159,189,204,204,204,204,104,104,119,119,219,219,234,109,109,69,99,99,99,99,99,99,114,114,144,97,97,197,197,212,227,257,107,57,57],"floor_reached":40,"playtime":4489,"items_purged":["Defend_R","Strike_G","Defend_B","Zap+1"],"score":481,"play_id":"ba6e4ebd-4bad-4a0a-8923-f519866a8d13","local_time":"20190127191449","daily_mods":["Chimera","Flight","DeadlyEvents"],"is_ascension_mode":false,"campfire_choices":[{"data":"Shockwave","floor":10,"key":"SMITH"},{"data":"Zap","floor":11,"key":"SMITH"},{"data":"Seeing Red","floor":13,"key":"SMITH"},{"data":"Infernal Blade","floor":15,"key":"SMITH"},{"floor":23,"key":"REST"},{"floor":25,"key":"REST"},{"data":"Dark Embrace","floor":27,"key":"SMITH"},{"data":"True Grit","floor":29,"key":"SMITH"},{"floor":32,"key":"REST"}],"neow_cost":"","seed_source_timestamp":0,"circlet_count":0,"master_deck":["Bash","Survivor","Flex","Impervious","Shockwave+1","True Grit+1","Rampage","Seeing Red+1","Shrug It Off","Flex","Infernal Blade+1","Limit Break+1","Intimidate+1","Feel No Pain+1","Inflame+1","Flex","Dark Embrace+1","Necronomicurse","Carnage","Cleave","Fiend Fire","Armaments+1"],"special_seed":17924,"relics":["Burning Blood","Self Forming Clay","Question Card","Art of War","Paper Frog","Astrolabe","Oddly Smooth Stone","Necronomicon","Kunai","Bottled Lightning","Mark of Pain","Regal Pillow"],"potions_floor_usage":[33,33,33,35,40,40],"damage_taken":[{"damage":0,"enemies":"Cultist","floor":1,"turns":3},{"damage":5,"enemies":"2 Louse","floor":5,"turns":3},{"damage":28,"enemies":"3 Sentries","floor":6,"turns":8},{"damage":11,"enemies":"Lagavulin","floor":7,"turns":7},{"damage":3,"enemies":"Small Slimes","floor":8,"turns":4},{"damage":0,"enemies":"3 Louse","floor":14,"turns":3},{"damage":42,"enemies":"The Guardian","floor":16,"turns":9},{"damage":1,"enemies":"3 Byrds","floor":18,"turns":5},{"damage":42,"enemies":"Book of Stabbing","floor":22,"turns":8},{"damage":8,"enemies":"Shell Parasite","floor":28,"turns":5},{"damage":32,"enemies":"Slavers","floor":30,"turns":5},{"damage":55,"enemies":"Collector","floor":33,"turns":9},{"damage":3,"enemies":"3 Shapes","floor":35,"turns":4},{"damage":11,"enemies":"Orb Walker","floor":36,"turns":3},{"damage":20,"enemies":"Giant Head","floor":37,"turns":7},{"damage":64,"enemies":"Nemesis","floor":40,"turns":7}],"seed_played":"4127696918694319240","potions_obtained":[{"floor":6,"key":"Weak Potion"},{"floor":7,"key":"SpeedPotion"},{"floor":16,"key":"Poison Potion"},{"floor":30,"key":"PowerPotion"},{"floor":33,"key":"Energy Potion"},{"floor":35,"key":"PowerPotion"}],"is_trial":false,"path_per_floor":["M","$","T","?","M","E","E","M","T","R","R","$","R","M","R","B",null,"M","$","?","?","E","R","?","R","T","R","M","R","E","$","R","B",null,"M","M","E","$","$","E"],"character_chosen":"IRONCLAD","items_purchased":["Cleave","Block Potion"],"campfire_rested":3,"item_purchase_floors":[31,39],"current_hp_per_floor":[80,80,80,80,80,58,53,56,56,56,56,56,56,62,62,26,80,80,80,80,80,44,68,52,76,76,76,74,74,48,48,72,23,80,80,75,61,61,61,0],"gold":57,"neow_bonus":"","is_prod":false,"is_daily":true,"chose_seed":false,"campfire_upgraded":6,"win_rate":0,"timestamp":1548645289,"path_taken":["M","?","?","?","?","E","E","M","T","R","R","$","R","M","R","BOSS","M","$","?","?","?","R","?","R","T","R","?","R","?","?","R","BOSS","M","?","?","?","$","E"],"build_version":"2019-01-23","purchased_purges":4,"victory":false,"max_hp_per_floor":[80,80,80,80,80,80,80,80,80,80,80,80,80,80,80,80,80,80,80,80,80,80,80,80,80,80,80,80,80,80,80,80,80,80,80,80,80,80,80,80],"card_choices":[{"not_picked":["Iron Wave","Pommel Strike"],"picked":"Flex","floor":1},{"not_picked":["Perfected Strike","Warcry"],"picked":"Rampage","floor":5},{"not_picked":["Clothesline","Pummel"],"picked":"Seeing Red","floor":6},{"not_picked":["Wild Strike","Sentinel","Perfected Strike"],"picked":"Shrug It Off","floor":7},{"not_picked":["Clash","Headbutt","Uppercut"],"picked":"Flex","floor":8},{"not_picked":["Shrug It Off","Bloodletting","Anger"],"picked":"Infernal Blade","floor":14},{"not_picked":["Brutality","Feed","Dark Embrace"],"picked":"Limit Break","floor":16},{"not_picked":["Havoc","Twin Strike","Shrug It Off"],"picked":"Flex","floor":18},{"not_picked":["Inflame+1","Combust","Hemokinesis"],"picked":"Dark Embrace","floor":22},{"not_picked":["Perfected Strike","Body Slam","Bloodletting","Searing Blow"],"picked":"SKIP","floor":28},{"not_picked":["Flex","Warcry+1","Bloodletting+1"],"picked":"Carnage","floor":30},{"not_picked":["Juggernaut","Immolate","Bludgeon"],"picked":"Fiend Fire","floor":33},{"not_picked":["Pommel Strike+1","Body Slam+1","Havoc","Bloodletting+1"],"picked":"SKIP","floor":35},{"not_picked":["Pommel Strike+1","Body Slam+1","Havoc","Bloodletting+1"],"picked":"SKIP","floor":35},{"not_picked":["Second Wind","Thunderclap+1","Berserk"],"picked":"Armaments+1","floor":36},{"not_picked":["Wild Strike","Body Slam+1","Sword Boomerang","Clash"],"picked":"SKIP","floor":37}],"player_experience":329760,"relics_obtained":[{"floor":3,"key":"Self Forming Clay"},{"floor":6,"key":"Question Card"},{"floor":7,"key":"Art of War"},{"floor":9,"key":"Paper Frog"},{"floor":22,"key":"Oddly Smooth Stone"},{"floor":24,"key":"Necronomicon"},{"floor":26,"key":"Kunai"},{"floor":30,"key":"Bottled Lightning"},{"floor":37,"key":"Regal Pillow"}],"event_choices":[{"damage_healed":0,"gold_gain":0,"player_choice":"3 cards matched","damage_taken":0,"max_hp_gain":0,"max_hp_loss":0,"event_name":"Match and Keep!","floor":4,"gold_loss":0,"cards_obtained":["Impervious","Shockwave","True Grit"]},{"damage_healed":0,"gold_gain":0,"player_choice":"Ignored","damage_taken":0,"max_hp_gain":0,"max_hp_loss":0,"event_name":"The Mausoleum","floor":20,"gold_loss":0},{"damage_healed":0,"gold_gain":0,"player_choice":"Upgrade","damage_taken":0,"max_hp_gain":0,"max_hp_loss":0,"event_name":"Designer","floor":21,"gold_loss":40,"cards_upgraded":["Limit Break"]},{"damage_healed":0,"gold_gain":0,"player_choice":"Obtained Book","damage_taken":16,"max_hp_gain":0,"max_hp_loss":0,"event_name":"Cursed Tome","floor":24,"gold_loss":0}],"is_beta":false,"boss_relics":[{"not_picked":["Runic Pyramid","Black Blood"],"picked":"Astrolabe"},{"not_picked":["Runic Cube","Black Star"],"picked":"Mark of Pain"}],"items_purged_floors":[2,12,19,38],"is_endless":false,"potions_floor_spawned":[6,7,16,30,33,35],"killed_by":"Nemesis","ascension_level":0}