{"gold_per_floor":[211,1,13,13,23,23,40,68,94,94,119,174,4,20,20,20],"floor_reached":16,"playtime":608,"items_purged":[],"score":160,"play_id":"2619ef77-7c26-4302-b263-14ca1507ebfa","local_time":"20190128004959","is_ascension_mode":true,"campfire_choices":[{"data":"Rebound","floor":6,"key":"SMITH"},{"floor":10,"key":"REST"},{"floor":15,"key":"REST"}],"neow_cost":"NONE","seed_source_timestamp":458706679142804,"circlet_count":0,"master_deck":["Strike_B","Strike_B","Strike_B","Strike_B","Defend_B","Defend_B","Defend_B","Defend_B","Zap","Dualcast","Beam Cell","Rebound+1","Steam","Genetic Algorithm","Glacier","Sunder","Fission","Loop","Recycle","Redo","Loop"],"relics":["Cracked Core","OrangePellets","Bag of Marbles","Art of War","Odd Mushroom","Tiny Chest"],"potions_floor_usage":[12,16],"damage_taken":[{"damage":0,"enemies":"2 Louse","floor":1,"turns":1},{"damage":0,"enemies":"Small Slimes","floor":3,"turns":2},{"damage":7,"enemies":"Jaw Worm","floor":5,"turns":3},{"damage":23,"enemies":"Exordium Thugs","floor":7,"turns":5},{"damage":29,"enemies":"Lagavulin","floor":8,"turns":7},{"damage":12,"enemies":"The Mushroom Lair","floor":11,"turns":4},{"damage":15,"enemies":"3 Sentries","floor":12,"turns":8},{"damage":3,"enemies":"Blue Slaver","floor":14,"turns":2},{"damage":28,"enemies":"Slime Boss","floor":16,"turns":3}],"seed_played":"-239631856917716008","potions_obtained":[{"floor":5,"key":"SneckoOil"},{"floor":8,"key":"SkillPotion"},{"floor":11,"key":"GamblersBrew"}],"is_trial":false,"path_per_floor":["M","$","M","?","M","R","M","E","T","R","?","E","$","M","R","B"],"character_chosen":"DEFECT","items_purchased":["OrangePellets","Loop","Recycle","Redo"],"campfire_rested":2,"item_purchase_floors":[2,13,13,13],"current_hp_per_floor":[68,68,68,68,61,61,38,9,9,31,19,4,4,1,23,0],"gold":20,"neow_bonus":"HUNDRED_GOLD","is_prod":false,"is_daily":false,"chose_seed":false,"campfire_upgraded":1,"win_rate":0,"timestamp":1548658199,"path_taken":["M","$","M","?","M","R","M","E","T","R","?","E","?","M","R","BOSS"],"build_version":"2019-01-23","purchased_purges":0,"victory":false,"max_hp_per_floor":[75,75,75,75,75,75,75,75,75,75,75,75,75,75,75,75],"card_choices":[{"not_picked":["Rebound","Redo"],"picked":"Beam Cell","floor":1},{"not_picked":["Coolheaded","Barrage"],"picked":"Rebound","floor":3},{"not_picked":["Streamline","Redo"],"picked":"Steam","floor":5},{"not_picked":["Stack","Barrage"],"picked":"Genetic Algorithm","floor":7},{"not_picked":["Turbo","Ball Lightning"],"picked":"Glacier","floor":8},{"not_picked":["Conserve Battery","FTL"],"picked":"Sunder","floor":11},{"not_picked":["Leap","Steam Power"],"picked":"Fission","floor":12},{"not_picked":["Rebound","Cold Snap"],"picked":"Loop","floor":14}],"player_experience":591335,"relics_obtained":[{"floor":8,"key":"Bag of Marbles"},{"floor":9,"key":"Art of War"},{"floor":11,"key":"Odd Mushroom"},{"floor":12,"key":"Tiny Chest"}],"event_choices":[{"damage_healed":0,"gold_gain":0,"player_choice":"Leave","damage_taken":0,"max_hp_gain":0,"max_hp_loss":0,"event_name":"The Cleric","floor":4,"gold_loss":0},{"damage_healed":0,"gold_gain":0,"player_choice":"Fought Mushrooms","damage_taken":0,"max_hp_gain":0,"max_hp_loss":0,"event_name":"Mushrooms","floor":11,"gold_loss":0}],"is_beta":false,"boss_relics":[],"items_purged_floors":[],"is_endless":false,"potions_floor_spawned":[5,8,11],"killed_by":"Slime Boss","ascension_level":9}