{"gold_per_floor":[119,131,56,56,71,71,84,97,97,97,112,112,138,151,151,222,222,234,0,50,50,65,65,83,55,125,125,44,44],"floor_reached":29,"playtime":605,"items_purged":["Defend_R"],"score":428,"play_id":"733ae2e8-a2a7-418e-8f03-41331554361f","local_time":"20190115184353","is_ascension_mode":true,"campfire_choices":[{"data":"Thunderclap","floor":6,"key":"SMITH"},{"data":"Uppercut","floor":12,"key":"SMITH"},{"floor":15,"key":"REST"},{"data":"Ghostly Armor","floor":23,"key":"SMITH"},{"data":"True Grit","floor":27,"key":"SMITH"}],"neow_cost":"NONE","seed_source_timestamp":2451712202874,"circlet_count":0,"master_deck":["AscendersBane","Strike_R","Strike_R","Strike_R","Defend_R","Defend_R","Defend_R","Bash","Cleave","Thunderclap+1","Ghostly Armor+1","Dropkick","Pummel","Uppercut+1","Shrug It Off","Demon Form","Fire Breathing","Sword Boomerang","Spot Weakness","True Grit+1","Writhe","Feel No Pain"],"relics":["Cursed Key","Pear","Lizard Tail","Paper Frog"],"potions_floor_usage":[13,16],"damage_taken":[{"damage":7,"enemies":"Small Slimes","floor":1,"turns":3},{"damage":0,"enemies":"2 Louse","floor":2,"turns":2},{"damage":1,"enemies":"Cultist","floor":5,"turns":3},{"damage":1,"enemies":"Exordium Wildlife","floor":7,"turns":3},{"damage":11,"enemies":"Looter","floor":8,"turns":2},{"damage":0,"enemies":"Large Slime","floor":11,"turns":4},{"damage":7,"enemies":"3 Sentries","floor":13,"turns":3},{"damage":3,"enemies":"Blue Slaver","floor":14,"turns":3},{"damage":56,"enemies":"Slime Boss","floor":16,"turns":14},{"damage":35,"enemies":"Spheric Guardian","floor":18,"turns":6},{"damage":12,"enemies":"Chosen","floor":22,"turns":4},{"damage":46,"enemies":"Sentry and Sphere","floor":24,"turns":6},{"damage":35,"enemies":"Snecko","floor":29,"turns":5}],"seed_played":"-6175938158317368560","potions_obtained":[{"floor":2,"key":"Block Potion"},{"floor":5,"key":"PowerPotion"},{"floor":16,"key":"Explosive Potion"},{"floor":22,"key":"EssenceOfSteel"}],"is_trial":false,"path_per_floor":["M","M","$","?","M","R","M","M","T","?","M","R","E","M","R","B",null,"M","?","?","?","M","R","M","$","T","R","$","M"],"character_chosen":"IRONCLAD","items_purchased":["True Grit","Feel No Pain"],"campfire_rested":1,"item_purchase_floors":[25,28],"current_hp_per_floor":[61,61,61,61,60,60,59,48,48,37,37,37,40,37,62,6,65,30,30,30,30,18,18,24,24,24,24,24,0],"gold":44,"neow_bonus":"BOSS_RELIC","is_prod":false,"is_daily":false,"chose_seed":false,"campfire_upgraded":4,"win_rate":0,"timestamp":1547577833,"path_taken":["M","M","$","?","M","R","M","M","T","?","?","R","E","M","R","BOSS","M","?","?","?","M","R","M","$","T","R","?","M"],"build_version":"2019-01-10","purchased_purges":1,"victory":false,"max_hp_per_floor":[75,75,75,75,75,75,75,75,75,75,75,75,85,85,85,85,85,85,85,85,85,85,85,85,85,85,85,85,85],"card_choices":[{"not_picked":["Flex","Heavy Blade"],"picked":"Cleave","floor":1},{"not_picked":["Burning Pact","Cleave"],"picked":"Thunderclap","floor":2},{"not_picked":["Rupture","Cleave"],"picked":"Ghostly Armor","floor":5},{"not_picked":["True Grit","Warcry"],"picked":"Dropkick","floor":7},{"not_picked":["Clash","Clothesline"],"picked":"Pummel","floor":8},{"not_picked":["Whirlwind","Reckless Charge"],"picked":"Uppercut","floor":11},{"not_picked":["Clash","Havoc","Flex"],"picked":"SKIP","floor":13},{"not_picked":["Dark Embrace","Iron Wave"],"picked":"Shrug It Off","floor":14},{"not_picked":["Immolate","Berserk"],"picked":"Demon Form","floor":16},{"not_picked":["Searing Blow+1","Sword Boomerang","Heavy Blade"],"picked":"SKIP","floor":18},{"not_picked":["Havoc","Rupture","Wild Strike"],"picked":"SKIP","floor":22},{"not_picked":["Headbutt","Iron Wave"],"picked":"Spot Weakness","floor":24}],"player_experience":392275,"relics_obtained":[{"floor":13,"key":"Pear"},{"floor":26,"key":"Paper Frog"}],"event_choices":[{"damage_healed":0,"gold_gain":0,"player_choice":"Fled","damage_taken":0,"max_hp_gain":0,"max_hp_loss":0,"event_name":"Scrap Ooze","floor":4,"gold_loss":0},{"damage_healed":0,"gold_gain":0,"player_choice":"Damaged","damage_taken":11,"max_hp_gain":0,"max_hp_loss":0,"event_name":"Wheel of Change","floor":10,"gold_loss":0},{"damage_healed":0,"gold_gain":0,"player_choice":"Paid Fearfully","damage_taken":0,"max_hp_gain":0,"max_hp_loss":0,"event_name":"Masked Bandits","floor":19,"gold_loss":234},{"damage_healed":0,"gold_gain":50,"player_choice":"Stole From Cult","damage_taken":0,"max_hp_gain":0,"max_hp_loss":0,"event_name":"Nest","floor":20,"gold_loss":0},{"damage_healed":0,"gold_gain":0,"cards_transformed":["Strike_R","Strike_R"],"player_choice":"Became Test Subject","damage_taken":0,"max_hp_gain":0,"max_hp_loss":0,"event_name":"Drug Dealer","floor":21,"gold_loss":0,"cards_obtained":["Fire Breathing","Sword Boomerang"]}],"is_beta":false,"boss_relics":[{"not_picked":["Black Star","Fusion Hammer"],"picked":"Lizard Tail"}],"items_purged_floors":[3],"is_endless":false,"potions_floor_spawned":[2,5,16,22],"killed_by":"Snecko","ascension_level":18}