{"gold_per_floor":[364,4,20,20,34,34,49,107,107,107,126,126,139,164,164,265,265,284,298,310,310,310,310,330,330],"floor_reached":25,"playtime":1093,"items_purged":["Pain"],"score":333,"play_id":"41f690d0-92c2-491c-87dc-35c080e61df8","local_time":"20180913235340","is_ascension_mode":true,"campfire_choices":[{"data":"Iron Wave","floor":6,"key":"SMITH"},{"floor":10,"key":"REST"},{"data":"Flame Barrier","floor":12,"key":"SMITH"},{"floor":15,"key":"REST"},{"floor":23,"key":"REST"}],"neow_cost":"CURSE","seed_source_timestamp":1298314642519346,"circlet_count":0,"master_deck":["Strike_R+1","Strike_R+1","Strike_R+1","Strike_R+1","Strike_R+1","Defend_R+1","Defend_R+1","Defend_R+1","Defend_R+1","Bash","AscendersBane","Twin Strike","Iron Wave+1","Perfected Strike","Perfected Strike","Flame Barrier+1","Flame Barrier","Iron Wave","Ghostly Armor","Fiend Fire","True Grit","Flame Barrier","Shrug It Off+1","Seeing Red"],"relics":["Burning Blood","Unceasing Top","Paper Frog","Tiny Chest","Letter Opener","Girya","Runic Dome"],"potions_floor_usage":[16,16],"damage_taken":[{"damage":12,"enemies":"Small Slimes","floor":1,"turns":4},{"damage":8,"enemies":"2 Louse","floor":3,"turns":3},{"damage":4,"enemies":"Jaw Worm","floor":5,"turns":4},{"damage":7,"enemies":"Looter","floor":7,"turns":4},{"damage":35,"enemies":"3 Sentries","floor":8,"turns":8},{"damage":11,"enemies":"Blue Slaver","floor":11,"turns":3},{"damage":9,"enemies":"Lots of Slimes","floor":13,"turns":5},{"damage":27,"enemies":"Gremlin Nob","floor":14,"turns":4},{"damage":81,"enemies":"Slime Boss","floor":16,"turns":16},{"damage":14,"enemies":"Chosen","floor":18,"turns":6},{"damage":28,"enemies":"Spheric Guardian","floor":19,"turns":5},{"damage":19,"enemies":"Snake Plant","floor":20,"turns":3},{"damage":0,"enemies":"Centurion and Healer","floor":24,"turns":8},{"damage":40,"enemies":"Gremlin Leader","floor":25,"turns":5}],"seed_played":"7521491088609940745","potions_obtained":[{"floor":5,"key":"Regen Potion"},{"floor":8,"key":"Regen Potion"},{"floor":18,"key":"SmokeBomb"}],"is_trial":false,"path_per_floor":["M","$","M","?","M","R","M","E","T","R","M","R","M","E","R","B",null,"M","M","M","?","?","R","M"],"character_chosen":"IRONCLAD","items_purchased":["Unceasing Top"],"campfire_rested":3,"item_purchase_floors":[2],"current_hp_per_floor":[66,66,64,57,59,59,58,29,29,53,48,48,45,24,48,28,67,59,37,24,9,9,34,40,0],"gold":330,"neow_bonus":"TWO_FIFTY_GOLD","is_prod":false,"is_daily":false,"chose_seed":false,"campfire_upgraded":2,"win_rate":0,"timestamp":1536900820,"path_taken":["M","$","M","?","M","R","M","E","T","R","M","R","M","E","R","BOSS","M","M","M","?","?","R","M","E"],"build_version":"2018-09-06","purchased_purges":1,"victory":false,"max_hp_per_floor":[80,80,80,80,80,80,80,80,80,80,80,80,80,80,80,80,80,80,80,80,85,85,85,85,85],"card_choices":[{"not_picked":["Bloodletting","Anger"],"picked":"Twin Strike","floor":1},{"not_picked":["Dual Wield","Wild Strike"],"picked":"Iron Wave","floor":3},{"not_picked":["Seeing Red","Sword Boomerang"],"picked":"Perfected Strike","floor":5},{"not_picked":["Shrug It Off","Clash"],"picked":"Perfected Strike","floor":7},{"not_picked":["Clothesline","Whirlwind"],"picked":"Flame Barrier","floor":8},{"not_picked":["Evolve","Thunderclap"],"picked":"Flame Barrier","floor":11},{"not_picked":["True Grit","Body Slam"],"picked":"Iron Wave","floor":13},{"not_picked":["Bloodletting","Pummel"],"picked":"Ghostly Armor","floor":14},{"not_picked":["Offering","Immolate"],"picked":"Fiend Fire","floor":16},{"not_picked":["Wild Strike","Armaments"],"picked":"True Grit","floor":18},{"not_picked":["Clothesline","Twin Strike"],"picked":"Flame Barrier","floor":19},{"not_picked":["Wild Strike","Clash+1"],"picked":"Shrug It Off+1","floor":20},{"not_picked":["Wild Strike","Reckless Charge+1"],"picked":"Seeing Red","floor":24}],"player_experience":330078,"relics_obtained":[{"floor":8,"key":"Tiny Chest"},{"floor":9,"key":"Letter Opener"},{"floor":14,"key":"Girya"}],"event_choices":[{"event_name":"Scrap Ooze","player_choice":"success","floor":4,"damage_taken":7},{"event_name":"Forgotten Altar","player_choice":"Shed Blood","floor":21,"damage_taken":0},{"event_name":"Back to Basics","player_choice":"Simplicity","floor":22,"damage_taken":0}],"is_beta":false,"boss_relics":[{"not_picked":["Black Star","Tiny House"],"picked":"Runic Dome"}],"items_purged_floors":[2],"is_endless":false,"potions_floor_spawned":[5,8,11,13,18],"killed_by":"Gremlin Leader","ascension_level":11}