{"gold_per_floor":[111,126,146,2,13,13,39,52,52,17,35,35,35,35,35,130,130,150,166,178,178,191,191],"floor_reached":23,"playtime":2059,"items_purged":[],"score":195,"play_id":"13900df0-7124-4198-9a08-a2b8a15c0e21","local_time":"20180729191337","is_ascension_mode":false,"campfire_choices":[{"floor":6,"key":"REST"},{"data":"1","floor":12,"key":"LIFT"},{"floor":15,"key":"REST"}],"neow_cost":"","seed_source_timestamp":1007026706605751,"circlet_count":0,"master_deck":["Strike_B+1","Strike_B","Strike_B","Strike_B","Defend_B","Defend_B","Defend_B","Defend_B","Zap","Dualcast","Storm","Chaos","Barrage+1","Echo Form","Chill","Loop","Defragment","Machine Learning","Cold Snap","Coolheaded","Storm","Amplify"],"relics":["Cracked Core","Blood Vial","Whetstone","Girya","Nuclear Battery"],"potions_floor_usage":[8,16,16,16,20,22,22],"damage_taken":[{"damage":1,"enemies":"Cultist","floor":1,"turns":3},{"damage":5,"enemies":"Small Slimes","floor":2,"turns":3},{"damage":8,"enemies":"Jaw Worm","floor":3,"turns":4},{"damage":29,"enemies":"Exordium Wildlife","floor":5,"turns":6},{"damage":37,"enemies":"3 Sentries","floor":7,"turns":6},{"damage":2,"enemies":"2 Fungi Beasts","floor":8,"turns":2},{"damage":14,"enemies":"Exordium Thugs","floor":11,"turns":5},{"damage":18,"enemies":"Hexaghost","floor":16,"turns":7},{"damage":27,"enemies":"3 Byrds","floor":18,"turns":6},{"damage":8,"enemies":"Chosen","floor":19,"turns":4},{"damage":25,"enemies":"Slaver and Parasite","floor":20,"turns":5},{"damage":11,"enemies":"Chosen and Byrds","floor":22,"turns":3},{"damage":20,"enemies":"Gremlin Leader","floor":23,"turns":2}],"seed_played":"-7911542238110845091","potions_obtained":[{"floor":1,"key":"Energy Potion"},{"floor":11,"key":"Poison Potion"},{"floor":14,"key":"FearPotion"},{"floor":14,"key":"EssenceOfSteel"},{"floor":14,"key":"FocusPotion"},{"floor":18,"key":"EssenceOfSteel"},{"floor":19,"key":"Fire Potion"},{"floor":20,"key":"LiquidBronze"}],"is_trial":false,"path_per_floor":["M","M","M","$","M","R","E","M","T","?","M","R","$","?","R","B",null,"M","M","M","?","M"],"character_chosen":"DEFECT","items_purchased":["Blood Vial"],"campfire_rested":2,"item_purchase_floors":[4],"current_hp_per_floor":[74,69,61,61,34,56,21,21,21,39,27,27,27,27,49,33,75,48,42,19,19,10,0],"gold":191,"neow_bonus":"","is_prod":false,"is_daily":false,"chose_seed":false,"campfire_upgraded":0,"win_rate":0.0,"timestamp":1532909617,"path_taken":["M","?","M","$","M","R","E","M","T","?","M","R","?","?","R","BOSS","M","M","M","?","M","E"],"build_version":"2018-07-26","purchased_purges":0,"victory":false,"max_hp_per_floor":[75,75,75,75,75,75,75,75,75,75,75,75,75,75,75,75,75,75,75,75,75,75,75],"card_choices":[{"not_picked":["Steam","Leap"],"picked":"Storm","floor":1},{"not_picked":["Stack","Rebound"],"picked":"Chaos","floor":2},{"not_picked":["Hologram","Steam"],"picked":"Barrage","floor":3},{"not_picked":["Go for the Eyes","Leap"],"picked":"Echo Form","floor":5},{"not_picked":["Barrage","Self Repair"],"picked":"Chill","floor":7},{"not_picked":["Coolheaded","Fusion"],"picked":"Loop","floor":8},{"not_picked":["Capacitor","Compile Driver"],"picked":"Defragment","floor":11},{"not_picked":["Seek","All For One"],"picked":"Machine Learning","floor":16},{"not_picked":["Fusion","Sweeping Beam"],"picked":"Cold Snap","floor":18},{"not_picked":["Gash+1","Sweeping Beam+1"],"picked":"Coolheaded","floor":19},{"not_picked":["Turbo+1","Go for the Eyes"],"picked":"Storm","floor":20},{"not_picked":["Leap+1","Conserve Battery"],"picked":"Amplify","floor":22}],"player_experience":45249,"relics_obtained":[{"floor":7,"key":"Whetstone"},{"floor":9,"key":"Girya"}],"event_choices":[{"event_name":"The Cleric","player_choice":"Healed","floor":10,"damage_taken":0},{"event_name":"The Lab","player_choice":"Got Potions","floor":14,"damage_taken":0},{"event_name":"Ghosts","player_choice":"Ignored","floor":21,"damage_taken":0}],"is_beta":false,"boss_relics":[{"not_picked":["Busted Crown","Astrolabe"],"picked":"Nuclear Battery"}],"items_purged_floors":[],"is_endless":false,"potions_floor_spawned":[1,11,18,19,20],"killed_by":"Gremlin Leader","ascension_level":0}