{"gold_per_floor":[118,118,133,208,61,61,79,79,124,179,179,511,511,540,540,636,636,654,674,674,744,757,757,825,825,825,836,847,847,897,947,947,1050,1050,1061,1075,491,510,560,560,588,588,588,614,614],"floor_reached":45,"playtime":2737,"items_purged":["Defend_R"],"score":632,"play_id":"b2abc357-5dd1-40b0-99fb-67ac46e610ce","local_time":"20190204111442","is_ascension_mode":true,"campfire_choices":[{"data":"Spot Weakness","floor":6,"key":"SMITH"},{"data":"Whirlwind","floor":8,"key":"SMITH"},{"floor":11,"key":"REST"},{"floor":13,"key":"REST"},{"floor":15,"key":"REST"},{"floor":23,"key":"REST"},{"floor":25,"key":"REST"},{"floor":29,"key":"REST"},{"data":"Limit Break","floor":32,"key":"SMITH"},{"floor":40,"key":"REST"},{"floor":42,"key":"REST"}],"neow_cost":"NONE","seed_source_timestamp":251694155505642,"circlet_count":0,"master_deck":["Strike_R","Strike_R","Strike_R","Strike_R","Defend_R","Defend_R","Defend_R","Spot Weakness","Brutality","Spot Weakness+1","Whirlwind+1","Battle Trance","Intimidate","Heavy Blade","Limit Break+1","Anger","Rupture","Clothesline","Shrug It Off","Metallicize","Combust","Heavy Blade","Madness","Feed","Hemokinesis","Blood for Blood+1","Dark Shackles","Dark Shackles","The Bomb","Evolve","Rupture+1","Dual Wield+1","Regret","Shrug It Off"],"relics":["Lizard Tail","Red Skull","Ice Cream","Old Coin","Oddly Smooth Stone","Sozu","SsserpentHead","Happy Flower","Cursed Key","DollysMirror","Gremlin Horn","Centennial Puzzle"],"potions_floor_usage":[18,33],"damage_taken":[{"damage":0,"enemies":"Small Slimes","floor":1,"turns":3},{"damage":7,"enemies":"Jaw Worm","floor":3,"turns":3},{"damage":0,"enemies":"2 Louse","floor":7,"turns":1},{"damage":25,"enemies":"3 Sentries","floor":10,"turns":4},{"damage":30,"enemies":"Gremlin Nob","floor":12,"turns":4},{"damage":45,"enemies":"3 Sentries","floor":14,"turns":10},{"damage":17,"enemies":"The Guardian","floor":16,"turns":9},{"damage":22,"enemies":"2 Thieves","floor":18,"turns":3},{"damage":0,"enemies":"3 Byrds","floor":19,"turns":2},{"damage":29,"enemies":"Snecko","floor":21,"turns":4},{"damage":14,"enemies":"Snake Plant","floor":22,"turns":3},{"damage":12,"enemies":"Chosen and Byrds","floor":24,"turns":5},{"damage":10,"enemies":"3 Cultists","floor":27,"turns":3},{"damage":31,"enemies":"Cultist and Chosen","floor":28,"turns":6},{"damage":33,"enemies":"Automaton","floor":33,"turns":6},{"damage":15,"enemies":"3 Darklings","floor":35,"turns":4},{"damage":17,"enemies":"Orb Walker","floor":36,"turns":3},{"damage":66,"enemies":"4 Shapes","floor":38,"turns":6},{"damage":32,"enemies":"Giant Head","floor":41,"turns":6},{"damage":40,"enemies":"Nemesis","floor":44,"turns":7},{"damage":15,"enemies":"Sphere and 2 Shapes","floor":45,"turns":2}],"seed_played":"-7191663129289846964","potions_obtained":[{"floor":1,"key":"Explosive Potion"},{"floor":12,"key":"SteroidPotion"},{"floor":14,"key":"Regen Potion"}],"is_trial":false,"path_per_floor":["M","?","M","?","$","R","M","R","T","?","R","E","R","E","R","B",null,"M","M","?","M","M","R","M","R","T","M","M","R","?","?","R","B",null,"M","M","$","M","?","R","E","R","T","E","M"],"character_chosen":"IRONCLAD","items_purchased":["Whirlwind","BloodPotion","Dark Shackles","DollysMirror","The Bomb","Evolve"],"campfire_rested":8,"item_purchase_floors":[5,5,37,37,37,37],"current_hp_per_floor":[80,80,73,62,62,62,62,62,62,37,61,31,55,10,34,17,80,66,66,66,37,23,47,35,59,59,49,18,42,68,68,68,49,80,65,48,48,30,30,54,25,50,50,10,0],"gold":614,"neow_bonus":"BOSS_RELIC","is_prod":false,"is_daily":false,"chose_seed":false,"campfire_upgraded":3,"win_rate":0,"timestamp":1549275282,"path_taken":["M","?","M","?","?","R","M","R","T","?","R","E","R","E","R","BOSS","M","M","?","?","M","R","?","R","T","M","M","R","?","?","R","BOSS","M","M","$","M","?","R","E","R","T","E","M"],"build_version":"2019-01-23","purchased_purges":1,"victory":false,"max_hp_per_floor":[80,80,80,80,80,80,80,80,80,80,80,80,80,80,80,80,80,80,80,80,80,80,80,80,80,80,80,80,80,80,80,80,80,80,80,80,80,83,83,83,86,86,86,86,86],"card_choices":[{"not_picked":["Disarm","Corruption"],"picked":"Spot Weakness","floor":1},{"not_picked":["Twin Strike","Burning Pact"],"picked":"Spot Weakness","floor":3},{"not_picked":["Power Through","Wild Strike"],"picked":"Battle Trance","floor":7},{"not_picked":["Entrench","Thunderclap"],"picked":"Intimidate","floor":10},{"not_picked":["Fiend Fire","Second Wind","Power Through"],"picked":"SKIP","floor":12},{"not_picked":["Body Slam","Wild Strike"],"picked":"Heavy Blade","floor":14},{"not_picked":["Fiend Fire","Double Tap"],"picked":"Limit Break","floor":16},{"not_picked":["Fire Breathing","Body Slam"],"picked":"Anger","floor":18},{"not_picked":["Thunderclap","Battle Trance+1"],"picked":"Rupture","floor":19},{"not_picked":["Anger","Thunderclap"],"picked":"Clothesline","floor":21},{"not_picked":["Sword Boomerang","Flex+1"],"picked":"Shrug It Off","floor":22},{"not_picked":["Pommel Strike","Twin Strike"],"picked":"Metallicize","floor":24},{"not_picked":["Dual Wield","Headbutt"],"picked":"Combust","floor":27},{"not_picked":["Pommel Strike","Iron Wave"],"picked":"Heavy Blade","floor":28},{"not_picked":["Exhume","Barricade"],"picked":"Feed","floor":33},{"not_picked":["Feel No Pain+1","Sword Boomerang+1"],"picked":"Hemokinesis","floor":35},{"not_picked":["Entrench","Power Through"],"picked":"Blood for Blood+1","floor":36},{"not_picked":["Entrench+1","Bloodletting+1"],"picked":"Rupture+1","floor":38},{"not_picked":["Carnage+1","Berserk"],"picked":"Dual Wield+1","floor":41},{"not_picked":["Entrench+1","Sword Boomerang+1"],"picked":"Shrug It Off","floor":44}],"player_experience":535205,"relics_obtained":[{"floor":9,"key":"Red Skull"},{"floor":10,"key":"Ice Cream"},{"floor":12,"key":"Old Coin"},{"floor":14,"key":"Oddly Smooth Stone"},{"floor":26,"key":"Happy Flower"},{"floor":41,"key":"Gremlin Horn"},{"floor":44,"key":"Centennial Puzzle"}],"event_choices":[{"damage_healed":0,"gold_gain":0,"cards_transformed":["Strike_R"],"player_choice":"Change","damage_taken":0,"max_hp_gain":0,"max_hp_loss":0,"event_name":"Living Wall","floor":2,"gold_loss":0,"cards_obtained":["Brutality"]},{"damage_healed":0,"gold_gain":75,"player_choice":"Gather Gold","damage_taken":11,"max_hp_gain":0,"max_hp_loss":0,"event_name":"World of Goop","floor":4,"gold_loss":0},{"damage_healed":0,"gold_gain":30,"player_choice":"Searched \u00272\u0027 times","damage_taken":0,"max_hp_gain":0,"max_hp_loss":0,"event_name":"Dead Adventurer","floor":10,"gold_loss":0},{"damage_healed":0,"gold_gain":0,"player_choice":"Trade","damage_taken":0,"relics_obtained":["SsserpentHead"],"max_hp_gain":0,"max_hp_loss":0,"event_name":"FaceTrader","floor":20,"gold_loss":0},{"damage_healed":26,"gold_gain":0,"player_choice":"Heal","damage_taken":0,"max_hp_gain":0,"max_hp_loss":0,"event_name":"The Library","floor":30,"gold_loss":0},{"damage_healed":0,"gold_gain":0,"player_choice":"1 cards matched","damage_taken":0,"max_hp_gain":0,"max_hp_loss":0,"event_name":"Match and Keep!","floor":31,"gold_loss":0,"cards_obtained":["Madness"]},{"cards_removed":["Bash"],"damage_healed":0,"gold_gain":0,"player_choice":"Removed Attack","damage_taken":0,"max_hp_gain":0,"max_hp_loss":0,"event_name":"Falling","floor":39,"gold_loss":0}],"is_beta":false,"boss_relics":[{"not_picked":["Orrery","Astrolabe"],"picked":"Sozu"},{"not_picked":["Runic Cube","Busted Crown"],"picked":"Cursed Key"}],"items_purged_floors":[37],"is_endless":false,"potions_floor_spawned":[1,12,14,16,18,21,22,28,35],"killed_by":"Sphere and 2 Shapes","ascension_level":4}