{"gold_per_floor":[118,118,78,98,48,80,5,5,55,66,27,42,52,66,66,139,139,139,139,139,139,139,139,139,139,139,60,60,60,60,60,60,60],"floor_reached":33,"playtime":919,"items_purged":["Strike_R"],"score":470,"play_id":"f9b54603-2f63-41e2-8a80-f38b63984688","local_time":"20181202193303","is_ascension_mode":true,"campfire_choices":[{"data":"Shrug It Off","floor":8,"key":"SMITH"},{"data":"Uppercut","floor":15,"key":"SMITH"},{"data":"Demon Form","floor":24,"key":"SMITH"},{"floor":28,"key":"REST"},{"data":"Metallicize","floor":32,"key":"SMITH"}],"neow_cost":"PERCENT_DAMAGE","seed_source_timestamp":17097823018074,"circlet_count":0,"master_deck":["AscendersBane","Defend_R","Defend_R","Defend_R","Defend_R","Bash","Demon Form+1","Shrug It Off+1","Sword Boomerang","Pommel Strike","Uppercut+1","Pummel","Metallicize","Battle Trance","Cleave","Shrug It Off","Infernal Blade+1","Ghostly Armor","Shrug It Off","Metallicize+1"],"relics":["Burning Blood","Bag of Marbles","Juzu Bracelet","Ectoplasm","Strawberry","Omamori","Red Skull"],"potions_floor_usage":[6,14,23,25,30,33],"damage_taken":[{"damage":1,"enemies":"Cultist","floor":1,"turns":4},{"damage":9,"enemies":"2 Louse","floor":4,"turns":4},{"damage":17,"enemies":"3 Sentries","floor":6,"turns":9},{"damage":0,"enemies":"Jaw Worm","floor":10,"turns":2},{"damage":10,"enemies":"Exordium Wildlife","floor":12,"turns":5},{"damage":0,"enemies":"Blue Slaver","floor":13,"turns":5},{"damage":6,"enemies":"3 Louse","floor":14,"turns":3},{"damage":44,"enemies":"The Guardian","floor":16,"turns":10},{"damage":4,"enemies":"3 Byrds","floor":18,"turns":8},{"damage":11,"enemies":"Spheric Guardian","floor":21,"turns":5},{"damage":21,"enemies":"Book of Stabbing","floor":23,"turns":5},{"damage":49,"enemies":"Gremlin Leader","floor":25,"turns":5},{"damage":5,"enemies":"Snake Plant","floor":29,"turns":4},{"damage":9,"enemies":"Sentry and Sphere","floor":30,"turns":6},{"damage":48,"enemies":"Automaton","floor":33,"turns":4}],"seed_played":"756186412661223568","potions_obtained":[{"floor":3,"key":"Ancient Potion"},{"floor":3,"key":"FairyPotion"},{"floor":4,"key":"PowerPotion"},{"floor":6,"key":"GamblersBrew"},{"floor":10,"key":"PowerPotion"},{"floor":21,"key":"Energy Potion"},{"floor":23,"key":"Dexterity Potion"},{"floor":25,"key":"GamblersBrew"},{"floor":30,"key":"Fire Potion"}],"is_trial":false,"path_per_floor":["M","?","?","M","?","E","$","R","T","M","$","M","M","M","R","B",null,"M","?","?","M","?","E","R","E","T","$","R","M","M","?","R","B"],"character_chosen":"IRONCLAD","items_purchased":["Pummel","Ghostly Armor"],"campfire_rested":1,"item_purchase_floors":[11,27],"current_hp_per_floor":[56,56,56,53,53,42,42,42,42,48,48,44,50,50,50,12,63,65,65,65,60,60,52,52,9,9,9,35,36,33,33,33,0],"gold":60,"neow_bonus":"TRANSFORM_TWO_CARDS","is_prod":false,"is_daily":false,"chose_seed":false,"campfire_upgraded":4,"win_rate":0,"timestamp":1543779183,"path_taken":["M","?","?","?","?","E","$","R","T","M","?","M","M","M","R","BOSS","M","?","?","M","?","E","R","E","T","$","R","M","M","?","R","BOSS"],"build_version":"2018-11-15","purchased_purges":1,"victory":false,"max_hp_per_floor":[80,80,80,80,80,80,80,80,80,80,80,80,80,80,80,80,80,80,80,80,80,80,87,87,87,87,87,87,87,87,87,87,87],"card_choices":[{"not_picked":["Heavy Blade","Corruption"],"picked":"Sword Boomerang","floor":1},{"not_picked":["Headbutt","Perfected Strike"],"picked":"Pommel Strike","floor":4},{"not_picked":["Rampage","Body Slam"],"picked":"Uppercut","floor":6},{"not_picked":["Twin Strike","Cleave","Power Through"],"picked":"SKIP","floor":10},{"not_picked":["Exhume","Pommel Strike"],"picked":"Metallicize","floor":12},{"not_picked":["Thunderclap","Havoc"],"picked":"Battle Trance","floor":13},{"not_picked":["Pommel Strike","Clothesline","Heavy Blade"],"picked":"SKIP","floor":14},{"not_picked":["Corruption","Anger"],"picked":"Cleave","floor":18},{"not_picked":["Body Slam","Sword Boomerang+1"],"picked":"Shrug It Off","floor":21},{"not_picked":["Fire Breathing","Clash+1","Evolve"],"picked":"SKIP","floor":23},{"not_picked":["Disarm","Pommel Strike"],"picked":"Infernal Blade+1","floor":25},{"not_picked":["Sword Boomerang","Brutality","Inflame"],"picked":"SKIP","floor":29},{"not_picked":["Dropkick","Headbutt"],"picked":"Shrug It Off","floor":30}],"player_experience":237995,"relics_obtained":[{"floor":6,"key":"Bag of Marbles"},{"floor":9,"key":"Juzu Bracelet"},{"floor":23,"key":"Strawberry"},{"floor":25,"key":"Omamori"},{"floor":26,"key":"Red Skull"}],"event_choices":[{"damage_healed":0,"gold_gain":0,"player_choice":"Fled","damage_taken":0,"max_hp_gain":0,"max_hp_loss":0,"event_name":"Scrap Ooze","floor":2,"gold_loss":0},{"damage_healed":0,"gold_gain":0,"player_choice":"Bought 3 Potions","damage_taken":0,"max_hp_gain":0,"max_hp_loss":0,"event_name":"The Woman in Blue","floor":3,"gold_loss":0},{"cards_removed":["Strike_R"],"damage_healed":0,"gold_gain":0,"player_choice":"Card Removal","damage_taken":0,"max_hp_gain":0,"max_hp_loss":0,"event_name":"The Cleric","floor":5,"gold_loss":50},{"damage_healed":0,"gold_gain":0,"player_choice":"Ignored","damage_taken":0,"max_hp_gain":0,"max_hp_loss":0,"event_name":"The Mausoleum","floor":19,"gold_loss":0},{"cards_removed":["Strike_R"],"damage_healed":0,"gold_gain":0,"player_choice":"Offered Basic","damage_taken":0,"max_hp_gain":0,"max_hp_loss":0,"event_name":"Bonfire Elementals","floor":20,"gold_loss":0},{"damage_healed":0,"gold_gain":0,"player_choice":"Ignored","damage_taken":0,"max_hp_gain":0,"max_hp_loss":0,"event_name":"Ghosts","floor":22,"gold_loss":0},{"damage_healed":0,"gold_gain":0,"player_choice":"Copied","damage_taken":0,"max_hp_gain":0,"max_hp_loss":0,"event_name":"Duplicator","floor":31,"gold_loss":0,"cards_obtained":["Metallicize"]}],"is_beta":false,"boss_relics":[{"not_picked":["White Beast Statue","Philosopher\u0027s Stone"],"picked":"Ectoplasm"}],"items_purged_floors":[7],"is_endless":false,"potions_floor_spawned":[4,6,10,12,21,23,25,30],"killed_by":"Automaton","ascension_level":13}