{"gold_per_floor":[116,116,127,127,138,138,171,187,187,187,9,20,34,60,60,164,164,180,200,1,20,35,35,35],"floor_reached":24,"playtime":3257,"items_purged":["Defend_G","Defend_G"],"score":210,"play_id":"744370b4-4f95-40cb-8975-b877027975b0","local_time":"20180725043033","is_ascension_mode":false,"campfire_choices":[{"data":"Survivor","floor":6,"key":"SMITH"},{"floor":10,"key":"REST"},{"floor":15,"key":"REST"},{"floor":23,"key":"REST"}],"neow_cost":"","seed_source_timestamp":607247189174130,"circlet_count":0,"master_deck":["Defend_G","Defend_G","Strike_G","Strike_G","Strike_G","Strike_G","Strike_G","Survivor+1","Neutralize","Quick Slash","Slice","Sucker Punch","Riddle With Holes","Flash of Steel","Infinite Blades","Bullet Time","Quick Slash","Night Terror","Doubt","Predator+1","Flying Knee","Bandage Up","Infinite Blades+1","Bullet Time"],"relics":["Ring of the Snake","Omamori","Dodecahedron","Thread and Needle","Calling Bell","Regal Pillow","Frozen Egg 2","Gambling Chip"],"potions_floor_usage":[16,16,16],"damage_taken":[{"damage":5,"enemies":"Small Slimes","floor":1,"turns":5},{"damage":3,"enemies":"2 Louse","floor":3,"turns":3},{"damage":4,"enemies":"Jaw Worm","floor":5,"turns":4},{"damage":23,"enemies":"Lagavulin","floor":7,"turns":7},{"damage":12,"enemies":"3 Louse","floor":8,"turns":3},{"damage":16,"enemies":"Exordium Thugs","floor":12,"turns":4},{"damage":0,"enemies":"Red Slaver","floor":13,"turns":5},{"damage":24,"enemies":"3 Sentries","floor":14,"turns":6},{"damage":3,"enemies":"Slime Boss","floor":16,"turns":8},{"damage":5,"enemies":"Spheric Guardian","floor":18,"turns":3},{"damage":0,"enemies":"3 Byrds","floor":19,"turns":5},{"damage":40,"enemies":"Sentry and Sphere","floor":21,"turns":6},{"damage":9,"enemies":"Snecko","floor":22,"turns":4},{"damage":71,"enemies":"Book of Stabbing","floor":24,"turns":5}],"seed_played":"1073173832602778329","potions_obtained":[{"floor":1,"key":"Swift Potion"},{"floor":5,"key":"LiquidBronze"},{"floor":8,"key":"AttackPotion"},{"floor":13,"key":"Explosive Potion"},{"floor":22,"key":"Explosive Potion"}],"is_trial":false,"path_per_floor":["M","?","M","?","M","R","E","M","T","R","$","M","M","E","R","B",null,"M","M","$","M","M","R"],"character_chosen":"THE_SILENT","items_purchased":["Flash of Steel","Bandage Up"],"campfire_rested":3,"item_purchase_floors":[11,20],"current_hp_per_floor":[65,70,67,67,63,63,40,28,28,50,50,34,34,10,32,29,75,70,70,70,34,29,66,0],"gold":35,"neow_bonus":"","is_prod":false,"is_daily":false,"chose_seed":false,"campfire_upgraded":1,"win_rate":0.0,"timestamp":1532511033,"path_taken":["M","?","M","?","M","R","E","M","T","R","$","?","?","E","R","BOSS","M","M","$","M","M","R","E"],"build_version":"2018-07-19v2","purchased_purges":2,"victory":false,"max_hp_per_floor":[70,75,75,75,75,75,75,75,75,75,75,75,75,75,75,75,75,75,75,75,75,75,75,75],"card_choices":[{"not_picked":["Poisoned Stab","Dagger Throw"],"picked":"Quick Slash","floor":1},{"not_picked":["Poisoned Stab","Dagger Throw"],"picked":"Slice","floor":3},{"not_picked":["Prepared","PiercingWail"],"picked":"Sucker Punch","floor":5},{"not_picked":["PiercingWail","Quick Slash","Well Laid Plans"],"picked":"SKIP","floor":7},{"not_picked":["Leg Sweep","Quick Slash"],"picked":"Riddle With Holes","floor":8},{"not_picked":["Dagger Spray","PiercingWail"],"picked":"Infinite Blades","floor":12},{"not_picked":["Poisoned Stab","PiercingWail"],"picked":"Bullet Time","floor":13},{"not_picked":["Dagger Throw","Predator"],"picked":"Quick Slash","floor":14},{"not_picked":["Bullet Time","Unload"],"picked":"Night Terror","floor":16},{"not_picked":["Caltrops+1","Poisoned Stab"],"picked":"Predator+1","floor":18},{"not_picked":["Skewer","Bouncing Flask+1"],"picked":"Flying Knee","floor":19},{"not_picked":["Crippling Poison+1","Dodge and Roll"],"picked":"Infinite Blades+1","floor":21},{"not_picked":["Dagger Throw","Underhanded Strike+1"],"picked":"Bullet Time","floor":22}],"player_experience":16381,"relics_obtained":[{"floor":7,"key":"Omamori"},{"floor":9,"key":"Dodecahedron"},{"floor":14,"key":"Thread and Needle"},{"floor":17,"key":"Regal Pillow"},{"floor":17,"key":"Frozen Egg 2"},{"floor":17,"key":"Gambling Chip"}],"event_choices":[{"event_name":"Big Fish","player_choice":"Donut","floor":2,"damage_taken":0},{"event_name":"Living Wall","player_choice":"Forget","floor":4,"damage_taken":0}],"is_beta":false,"boss_relics":[{"not_picked":["Coffee Dripper","Cursed Key"],"picked":"Calling Bell"}],"items_purged_floors":[11,20],"is_endless":false,"potions_floor_spawned":[1,5,8,13,22],"killed_by":"Book of Stabbing","ascension_level":0}