{"gold_per_floor":[109,284,67,80,92,92,119,131,154,154,54,54,73,93,93,191,191,204,54,64,64],"floor_reached":21,"playtime":2776,"items_purged":["Doubt","Strike_B","Writhe"],"score":199,"play_id":"ddcf3820-b504-483b-82a2-8ea472bd2820","local_time":"20181219195100","is_ascension_mode":true,"campfire_choices":[{"data":"Double Energy","floor":6.0,"key":"SMITH"},{"data":"Redo","floor":10.0,"key":"SMITH"},{"data":"Hello World","floor":12.0,"key":"SMITH"},{"data":"Zap","floor":15,"key":"SMITH"}],"neow_cost":"TEN_PERCENT_HP_LOSS","seed_source_timestamp":0,"circlet_count":0,"master_deck":["Strike_B","Strike_B","Strike_B","Defend_B","Defend_B","Defend_B+1","Defend_B+1","Zap+1","Dualcast","Thunder Strike","Redo+1","Double Energy+1","Hello World+1","Conserve Battery","Leap","Rebound","Stack","Reboot","Auto Shields","Echo Form","Decay","Writhe","Scrape+1","Leap+1","Stack+1"],"special_seed":0,"relics":["Cracked Core","Anchor","Strawberry","Calling Bell","War Paint","Toxic Egg 2","Torii"],"potions_floor_usage":[16,16,20,21],"damage_taken":[{"damage":0.0,"enemies":"Cultist","floor":1.0,"turns":3.0},{"damage":6.0,"enemies":"Jaw Worm","floor":4.0,"turns":4.0},{"damage":0.0,"enemies":"2 Louse","floor":5.0,"turns":2.0},{"damage":59.0,"enemies":"Gremlin Nob","floor":7.0,"turns":6.0},{"damage":0.0,"enemies":"Red Slaver","floor":8.0,"turns":3.0},{"damage":5.0,"enemies":"Lots of Slimes","floor":13.0,"turns":4.0},{"damage":0,"enemies":"Exordium Thugs","floor":14,"turns":4},{"damage":8,"enemies":"Hexaghost","floor":16,"turns":9},{"damage":38,"enemies":"2 Thieves","floor":18,"turns":5},{"damage":16,"enemies":"Shell Parasite","floor":20,"turns":7},{"damage":12,"enemies":"Colosseum Slavers","floor":21,"turns":5},{"damage":17,"enemies":"Colosseum Nobs","floor":21,"turns":2}],"seed_played":"-6892694980217295253","potions_obtained":[{"floor":4.0,"key":"Fruit Juice"},{"floor":13,"key":"GamblersBrew"},{"floor":14,"key":"AttackPotion"},{"floor":18,"key":"SkillPotion"},{"floor":20,"key":"PowerPotion"}],"is_trial":false,"path_per_floor":["M","?","$","M","M","R","E","M","T","R","$","R","M","M","M","R","B",null,"M","$","M","?"],"character_chosen":"DEFECT","items_purchased":["Double Energy","Hello World","Leap+1"],"campfire_rested":0,"item_purchase_floors":[3,3,19],"current_hp_per_floor":[68,68,68,67,67,67,8,8,15,15,15,15,10,10,10,2,80,42,42,26,0],"gold":64,"neow_bonus":"THREE_RARE_CARDS","is_prod":false,"is_daily":false,"chose_seed":false,"campfire_upgraded":4,"win_rate":0,"timestamp":1545277860,"path_taken":["M","?","$","M","M","R","E","M","T","R","$","R","M","M","R","BOSS","M","$","M","?"],"build_version":"2018-12-13","purchased_purges":3,"victory":false,"max_hp_per_floor":[68,68,68,73,73,73,73,73,80,80,80,80,80,80,80,80,80,80,80,80,80],"card_choices":[{"not_picked":["Fission","Reboot"],"picked":"Thunder Strike","floor":0.0},{"not_picked":["Coolheaded","Streamline"],"picked":"Redo","floor":1.0},{"not_picked":["Leap","Force Field"],"picked":"Conserve Battery","floor":4.0},{"not_picked":["Streamline","Go for the Eyes"],"picked":"Leap","floor":5.0},{"not_picked":["Amplify","Go for the Eyes"],"picked":"Rebound","floor":7.0},{"not_picked":["Turbo","Compile Driver"],"picked":"Stack","floor":8.0},{"not_picked":["Scrape","Turbo"],"picked":"Reboot","floor":13},{"not_picked":["Cold Snap","Glacier"],"picked":"Auto Shields","floor":14},{"not_picked":["Buffer","Biased Cognition"],"picked":"Echo Form","floor":16},{"not_picked":["Leap+1","Stack+1"],"picked":"Scrape+1","floor":18},{"not_picked":["Beam Cell","Gash"],"picked":"Stack+1","floor":20}],"player_experience":136701,"relics_obtained":[{"floor":7.0,"key":"Anchor"},{"floor":9.0,"key":"Strawberry"},{"floor":17,"key":"War Paint"},{"floor":17,"key":"Toxic Egg 2"},{"floor":17,"key":"Torii"}],"event_choices":[{"damage_healed":0.0,"max_hp_gain":0.0,"max_hp_loss":0.0,"gold_gain":175.0,"event_name":"Liars Game","player_choice":"AGREE","floor":2.0,"gold_loss":0.0,"damage_taken":0.0,"cards_obtained":["Doubt"]},{"damage_healed":0,"gold_gain":0,"player_choice":"Fight","damage_taken":0,"max_hp_gain":0,"max_hp_loss":0,"event_name":"Colosseum","floor":21,"gold_loss":0},{"damage_healed":0,"gold_gain":0,"player_choice":"Fought Nobs","damage_taken":0,"max_hp_gain":0,"max_hp_loss":0,"event_name":"Colosseum","floor":21,"gold_loss":0}],"is_beta":false,"boss_relics":[{"not_picked":["Sozu","Tiny House"],"picked":"Calling Bell"}],"items_purged_floors":[3,11,19],"is_endless":false,"potions_floor_spawned":[4,13,14,18,20],"killed_by":"Colosseum Nobs","ascension_level":2}