{"gold_per_floor":[113,113,113,15,28,39,70,20,47,47,47],"floor_reached":11,"playtime":197,"items_purged":["Defend_B"],"score":117,"play_id":"bd14ad00-e24c-488d-ab4d-9c7fa1a7c126","local_time":"20181103132128","is_ascension_mode":true,"campfire_choices":[{"floor":10,"key":"REST"}],"neow_cost":"PERCENT_DAMAGE","seed_source_timestamp":2808077761764,"circlet_count":0,"master_deck":["AscendersBane","Strike_B","Defend_B","Defend_B","Defend_B","Zap","Dualcast","Auto Shields","Stack","Sweeping Beam","Ball Lightning","Storm+1","Sweeping Beam","Sweeping Beam"],"relics":["Cracked Core","Frozen Egg 2","Smiling Mask","Dream Catcher"],"potions_floor_usage":[11],"damage_taken":[{"damage":0,"enemies":"Cultist","floor":1,"turns":4},{"damage":0,"enemies":"Jaw Worm","floor":5,"turns":3},{"damage":0,"enemies":"2 Louse","floor":6,"turns":3},{"damage":48,"enemies":"Gremlin Nob","floor":7,"turns":5},{"damage":34,"enemies":"Lagavulin","floor":11,"turns":3}],"seed_played":"1163206893006015937","potions_obtained":[{"floor":1,"key":"SpeedPotion"},{"floor":7,"key":"FearPotion"}],"is_trial":false,"path_per_floor":["M","?","T","$","M","M","E","?","T","R","E"],"character_chosen":"DEFECT","items_purchased":["Ball Lightning"],"campfire_rested":1,"item_purchase_floors":[4],"current_hp_per_floor":[50,50,50,50,50,50,2,2,2,24,0],"gold":47,"neow_bonus":"TRANSFORM_TWO_CARDS","is_prod":false,"is_daily":false,"chose_seed":false,"campfire_upgraded":0,"win_rate":0,"timestamp":1541251288,"path_taken":["M","?","?","$","M","M","E","?","T","R","E"],"build_version":"2018-11-01","purchased_purges":1,"victory":false,"max_hp_per_floor":[75,75,75,75,75,75,75,75,75,75,75],"card_choices":[{"not_picked":["Undo","BootSequence"],"picked":"Sweeping Beam","floor":1},{"not_picked":["Leap","Hello World+1"],"picked":"Storm+1","floor":5},{"not_picked":["Scrape","Blizzard","Sunder"],"picked":"SKIP","floor":6},{"not_picked":["Lockon","Steam"],"picked":"Sweeping Beam","floor":7},{"not_picked":["Redo","Consume"],"picked":"Sweeping Beam","floor":10}],"player_experience":103738,"relics_obtained":[{"floor":3,"key":"Frozen Egg 2"},{"floor":7,"key":"Smiling Mask"},{"floor":9,"key":"Dream Catcher"}],"event_choices":[{"damage_healed":0,"gold_gain":0,"player_choice":"Ignored","damage_taken":0,"max_hp_gain":0,"max_hp_loss":0,"event_name":"Liars Game","floor":2,"gold_loss":0},{"cards_removed":["Strike_B"],"damage_healed":0,"gold_gain":0,"player_choice":"Card Removal","damage_taken":0,"max_hp_gain":0,"max_hp_loss":0,"event_name":"The Cleric","floor":8,"gold_loss":50}],"is_beta":false,"boss_relics":[],"items_purged_floors":[4],"is_endless":false,"potions_floor_spawned":[1,7],"killed_by":"Lagavulin","ascension_level":13}