{"gold_per_floor":[114,128,128,128,128,160,160,193,193,209,229,132,132,132,132,228,228,228,228,23,23],"floor_reached":21,"playtime":1172,"items_purged":[],"score":299,"play_id":"519f33a8-36ac-4296-8d00-3076ceb1462d","local_time":"20181025012420","is_ascension_mode":true,"campfire_choices":[{"floor":7,"key":"REST"},{"data":"Dark Embrace","floor":13,"key":"SMITH"},{"data":"Flame Barrier","floor":15,"key":"SMITH"}],"neow_cost":"NONE","seed_source_timestamp":2823367235299840,"circlet_count":0,"master_deck":["Strike_R","Strike_R","Strike_R","Strike_R","Strike_R","Defend_R","Defend_R","Defend_R","Defend_R","Bash","AscendersBane","Flame Barrier+1","Thunderclap","Rampage","Dark Embrace+1","Havoc","Havoc","Iron Wave","Dark Embrace","Wild Strike+1"],"relics":["Burning Blood","Happy Flower","Pantograph","Potion Belt","Singing Bowl","Darkstone Periapt","Ectoplasm","HandDrill"],"potions_floor_usage":[16,16,21],"damage_taken":[{"damage":1,"enemies":"Cultist","floor":1,"turns":3},{"damage":3,"enemies":"2 Louse","floor":2,"turns":4},{"damage":61,"enemies":"Gremlin Nob","floor":6,"turns":6},{"damage":43,"enemies":"3 Sentries","floor":8,"turns":9},{"damage":0,"enemies":"Small Slimes","floor":10,"turns":4},{"damage":11,"enemies":"Blue Slaver","floor":11,"turns":4},{"damage":41,"enemies":"Hexaghost","floor":16,"turns":10},{"damage":41,"enemies":"Shell Parasite","floor":18,"turns":7},{"damage":24,"enemies":"Spheric Guardian","floor":19,"turns":6},{"damage":22,"enemies":"3 Cultists","floor":21,"turns":3}],"seed_played":"271848636693519000","potions_obtained":[{"floor":1,"key":"FearPotion"},{"floor":8,"key":"Energy Potion"},{"floor":10,"key":"LiquidBronze"},{"floor":19,"key":"Strength Potion"}],"is_trial":false,"path_per_floor":["M","M","?","?","T","E","R","E","T","M","M","$","R","$","R","B",null,"M","M","$"],"character_chosen":"IRONCLAD","items_purchased":["Havoc","Iron Wave","HandDrill"],"campfire_rested":1,"item_purchase_floors":[12,12,20],"current_hp_per_floor":[77,80,80,85,85,30,55,18,18,26,21,21,21,21,21,11,68,35,17,17,0],"gold":23,"neow_bonus":"RANDOM_COMMON_RELIC","is_prod":false,"is_daily":false,"chose_seed":false,"campfire_upgraded":2,"win_rate":0,"timestamp":1540448660,"path_taken":["M","M","?","?","?","E","R","E","T","M","?","$","R","?","R","BOSS","M","M","$","M"],"build_version":"2018-10-18","purchased_purges":0,"victory":false,"max_hp_per_floor":[80,80,80,85,85,85,85,85,85,87,87,87,87,87,87,87,87,89,89,89,89],"card_choices":[{"not_picked":["Clash","Anger"],"picked":"Flame Barrier","floor":1},{"not_picked":["Dropkick","Clash"],"picked":"Thunderclap","floor":2},{"not_picked":["Armaments","Sever Soul"],"picked":"Rampage","floor":6},{"not_picked":["Cleave","Thunderclap"],"picked":"Dark Embrace","floor":8},{"not_picked":["Warcry","Sword Boomerang","Thunderclap"],"picked":"Singing Bowl","floor":10},{"not_picked":["Pummel","Armaments"],"picked":"Havoc","floor":11},{"not_picked":["Bludgeon","Fiend Fire"],"picked":"Dark Embrace","floor":16},{"not_picked":["Shockwave","Pommel Strike","Rupture+1"],"picked":"Singing Bowl","floor":18},{"not_picked":["Armaments","Double Tap"],"picked":"Wild Strike+1","floor":19}],"player_experience":417137,"relics_obtained":[{"floor":5,"key":"Pantograph"},{"floor":6,"key":"Potion Belt"},{"floor":8,"key":"Singing Bowl"},{"floor":9,"key":"Darkstone Periapt"}],"event_choices":[{"damage_healed":0,"gold_gain":0,"player_choice":"Ignored","damage_taken":0,"max_hp_gain":0,"max_hp_loss":0,"event_name":"Liars Game","floor":3,"gold_loss":0},{"damage_healed":0,"gold_gain":0,"player_choice":"Donut","damage_taken":0,"max_hp_gain":5,"max_hp_loss":0,"event_name":"Big Fish","floor":4,"gold_loss":0}],"is_beta":false,"boss_relics":[{"not_picked":["Coffee Dripper","Sozu"],"picked":"Ectoplasm"}],"items_purged_floors":[],"is_endless":false,"potions_floor_spawned":[1,8,10,19],"killed_by":"3 Cultists","ascension_level":12}