{"gold_per_floor":[115,126,140,65,76,76,95,95,95,113,132,132,282,293,293,371,371,389,389,389],"floor_reached":20,"playtime":1114,"items_purged":[],"score":311,"play_id":"135030b0-a7b8-4353-950a-a5cd73719cdd","local_time":"20190119152233","is_ascension_mode":true,"campfire_choices":[{"data":"Body Slam","floor":6,"key":"SMITH"},{"data":"Whirlwind","floor":8,"key":"SMITH"},{"data":"Bash","floor":12,"key":"SMITH"},{"data":"Iron Wave","floor":15,"key":"SMITH"}],"neow_cost":"PERCENT_DAMAGE","seed_source_timestamp":769284496754042,"circlet_count":0,"master_deck":["AscendersBane","Bash+1","Body Slam+1","Battle Trance","Ghostly Armor","Shrug It Off","Whirlwind+1","Iron Wave+1","Barricade","Thunderclap","Heavy Blade","Cleave","Brutality","Metallicize","Impervious","Entrench","Headbutt","Disarm"],"relics":["Burning Blood","Magic Flower","Singing Bowl","Pandora\u0027s Box"],"potions_floor_usage":[10,16,16],"damage_taken":[{"damage":16,"enemies":"Small Slimes","floor":1,"turns":5},{"damage":4,"enemies":"Jaw Worm","floor":2,"turns":4},{"damage":2,"enemies":"2 Louse","floor":3,"turns":4},{"damage":2,"enemies":"Looter","floor":5,"turns":5},{"damage":0,"enemies":"Blue Slaver","floor":7,"turns":5},{"damage":5,"enemies":"Large Slime","floor":10,"turns":6},{"damage":0,"enemies":"Lots of Slimes","floor":11,"turns":1},{"damage":0,"enemies":"3 Louse","floor":14,"turns":2},{"damage":8,"enemies":"The Guardian","floor":16,"turns":9},{"damage":55,"enemies":"3 Byrds","floor":18,"turns":7},{"damage":44,"enemies":"Masked Bandits","floor":20,"turns":3}],"seed_played":"-9179907024048002685","potions_obtained":[{"floor":2,"key":"LiquidBronze"},{"floor":5,"key":"PowerPotion"},{"floor":7,"key":"Regen Potion"},{"floor":11,"key":"EssenceOfSteel"}],"is_trial":false,"path_per_floor":["M","M","M","?","M","R","M","R","T","M","M","R","?","M","R","B",null,"M","?","?"],"character_chosen":"IRONCLAD","items_purchased":[],"campfire_rested":0,"item_purchase_floors":[],"current_hp_per_floor":[43,48,55,55,62,62,71,71,71,77,77,77,77,79,79,79,79,33,33,0],"gold":389,"neow_bonus":"ONE_RARE_RELIC","is_prod":false,"is_daily":false,"chose_seed":false,"campfire_upgraded":4,"win_rate":0,"timestamp":1547940153,"path_taken":["M","M","M","?","M","R","M","R","T","M","M","R","?","M","R","BOSS","M","?","?"],"build_version":"2019-01-17v2","purchased_purges":0,"victory":false,"max_hp_per_floor":[75,75,75,75,75,75,75,75,75,77,77,77,77,79,79,79,79,79,79,79],"card_choices":[{"not_picked":["Thunderclap","Intimidate"],"picked":"Body Slam","floor":1},{"not_picked":["Bloodletting","Sever Soul"],"picked":"Battle Trance","floor":2},{"not_picked":["Infernal Blade","Bloodletting"],"picked":"Ghostly Armor","floor":3},{"not_picked":["Thunderclap","Pommel Strike"],"picked":"Shrug It Off","floor":5},{"not_picked":["Flex","Entrench"],"picked":"Whirlwind","floor":7},{"not_picked":["Wild Strike","Armaments","Clothesline"],"picked":"Singing Bowl","floor":10},{"not_picked":["Evolve","Rage"],"picked":"Iron Wave","floor":11},{"not_picked":["Perfected Strike","Combust","Bloodletting"],"picked":"Singing Bowl","floor":14},{"not_picked":["Bludgeon","Exhume"],"picked":"Barricade","floor":16},{"not_picked":["Heavy Blade","Intimidate"],"picked":"Disarm","floor":18}],"player_experience":401932,"relics_obtained":[{"floor":9,"key":"Singing Bowl"}],"event_choices":[{"cards_removed":["Strike_R"],"damage_healed":0,"gold_gain":0,"player_choice":"Card Removal","damage_taken":0,"max_hp_gain":0,"max_hp_loss":0,"event_name":"The Cleric","floor":4,"gold_loss":75},{"damage_healed":0,"gold_gain":150,"player_choice":"AGREE","damage_taken":0,"max_hp_gain":0,"max_hp_loss":0,"event_name":"Liars Game","floor":13,"gold_loss":0,"cards_obtained":["Doubt"]},{"cards_removed":["Doubt"],"damage_healed":0,"gold_gain":0,"player_choice":"Elegance","damage_taken":0,"max_hp_gain":0,"max_hp_loss":0,"event_name":"Back to Basics","floor":19,"gold_loss":0},{"damage_healed":0,"gold_gain":0,"player_choice":"Fought Bandits","damage_taken":0,"max_hp_gain":0,"max_hp_loss":0,"event_name":"Masked Bandits","floor":20,"gold_loss":0}],"is_beta":false,"boss_relics":[{"not_picked":["Runic Pyramid","Runic Dome"],"picked":"Pandora\u0027s Box"}],"items_purged_floors":[],"is_endless":false,"potions_floor_spawned":[2,5,7,11],"killed_by":"Masked Bandits","ascension_level":17}