{"gold_per_floor":[112,122,122,137,137,25,63,7,7,45,45,60,60,85,85,205,205,224,69,69,69,93,93,136,161,161,10,10,10,54,74,74,74],"floor_reached":33,"playtime":5022,"items_purged":["Regret"],"score":409,"play_id":"4e98f2f7-538e-4c24-8833-f7dbdcbbbf4a","local_time":"20190123221031","is_ascension_mode":true,"campfire_choices":[{"data":"Defragment","floor":11,"key":"SMITH"},{"data":"Streamline","floor":13,"key":"SMITH"},{"floor":15,"key":"REST"},{"floor":23,"key":"REST"},{"floor":32,"key":"REST"}],"neow_cost":"NONE","seed_source_timestamp":0,"circlet_count":0,"master_deck":["Defend_B","Defend_B","Defend_B","Defend_B","Zap","Dualcast","Go for the Eyes","Streamline+1","Leap","Defragment+1","Tempest+1","Doom and Gloom","Ball Lightning","Coolheaded+1","Echo Form+1","Redo+1","Leap+1","Compile Driver","Conserve Battery+1","Capacitor","Stack+1","Echo Form","Bite","Bite","Bite","Bite","Bite","Turbo+1","Skim+1","Redo+1"],"special_seed":0,"relics":["Cracked Core","Golden Idol","Toxic Egg 2","Ancient Tea Set","Matryoshka","Potion Belt","Bottled Tornado","Happy Flower","Cursed Key","Omamori","PreservedInsect","Prayer Wheel","The Courier"],"potions_floor_usage":[7,7,10,24,24,24,25,29,30,31],"damage_taken":[{"damage":0,"enemies":"Small Slimes","floor":1,"turns":2},{"damage":8,"enemies":"2 Louse","floor":2,"turns":2},{"damage":1,"enemies":"Cultist","floor":4,"turns":3},{"damage":1,"enemies":"3 Sentries","floor":7,"turns":4},{"damage":20,"enemies":"Gremlin Nob","floor":10,"turns":4},{"damage":8,"enemies":"Blue Slaver","floor":12,"turns":2},{"damage":7,"enemies":"Gremlin Gang","floor":14,"turns":3},{"damage":10,"enemies":"The Guardian","floor":16,"turns":10},{"damage":2,"enemies":"Spheric Guardian","floor":18,"turns":3},{"damage":12,"enemies":"Chosen","floor":22,"turns":3},{"damage":24,"enemies":"Slavers","floor":24,"turns":3},{"damage":0,"enemies":"Snake Plant","floor":25,"turns":3},{"damage":0,"enemies":"Cultist and Chosen","floor":29,"turns":1},{"damage":11,"enemies":"Book of Stabbing","floor":30,"turns":4},{"damage":8,"enemies":"Chosen and Byrds","floor":31,"turns":3},{"damage":50,"enemies":"Automaton","floor":33,"turns":6}],"seed_played":"315758422437108571","potions_obtained":[{"floor":0,"key":"AttackPotion"},{"floor":0,"key":"Explosive Potion"},{"floor":0,"key":"Block Potion"},{"floor":14,"key":"FairyPotion"},{"floor":18,"key":"PowerPotion"},{"floor":22,"key":"EntropicBrew"},{"floor":24,"key":"AttackPotion"}],"is_trial":false,"path_per_floor":["M","M","?","M","?","$","E","?","T","E","R","M","R","M","R","B",null,"M","$","T","?","M","R","E","M","T","$","?","M","E","M","R","B"],"character_chosen":"DEFECT","items_purchased":["Defragment","Omamori","Echo Form"],"campfire_rested":3,"item_purchase_floors":[6,19,27],"current_hp_per_floor":[68,60,60,59,59,59,58,58,58,38,38,30,30,23,43,33,60,58,58,58,58,46,66,42,42,42,42,42,42,31,25,39,0],"gold":74,"neow_bonus":"THREE_SMALL_POTIONS","is_prod":false,"is_daily":false,"chose_seed":false,"campfire_upgraded":2,"win_rate":0,"timestamp":1548303031,"path_taken":["M","M","?","M","?","$","E","?","T","E","R","M","R","M","R","BOSS","M","$","?","?","?","R","E","M","T","$","?","M","E","M","R","BOSS"],"build_version":"2019-01-23","purchased_purges":1,"victory":false,"max_hp_per_floor":[75,75,69,69,69,69,69,69,69,69,69,69,69,69,69,69,69,69,69,69,69,69,69,69,69,69,69,48,48,48,48,48,48],"card_choices":[{"not_picked":["Lockon","Turbo"],"picked":"Go for the Eyes","floor":1},{"not_picked":["Undo","Hologram"],"picked":"Streamline","floor":2},{"not_picked":["Hologram","Beam Cell"],"picked":"Leap","floor":4},{"not_picked":["Defragment","Leap+1"],"picked":"Tempest+1","floor":7},{"not_picked":["Ball Lightning","Sweeping Beam"],"picked":"Doom and Gloom","floor":10},{"not_picked":["All For One","Barrage"],"picked":"Ball Lightning","floor":12},{"not_picked":["Leap+1","Barrage"],"picked":"Coolheaded+1","floor":14},{"not_picked":["Reboot+1","Creative AI"],"picked":"Echo Form","floor":16},{"not_picked":["Ball Lightning+1","Cold Snap"],"picked":"Redo+1","floor":18},{"not_picked":["Consume+1","Hologram+1"],"picked":"Leap+1","floor":22},{"not_picked":["Scrape","Ball Lightning"],"picked":"Compile Driver","floor":22},{"not_picked":["Rip and Tear","Gash+1"],"picked":"Conserve Battery+1","floor":24},{"not_picked":["Leap+1","Consume+1"],"picked":"Capacitor","floor":25},{"not_picked":["Cold Snap+1","Blizzard"],"picked":"Stack+1","floor":25},{"not_picked":["Streamline","Echo Form"],"picked":"Turbo+1","floor":30},{"not_picked":["Gash","Beam Cell"],"picked":"Skim+1","floor":31},{"not_picked":["Streamline+1","Beam Cell"],"picked":"Redo+1","floor":31}],"player_experience":525621,"relics_obtained":[{"floor":7,"key":"Ancient Tea Set"},{"floor":9,"key":"Potion Belt"},{"floor":9,"key":"Bottled Tornado"},{"floor":10,"key":"Happy Flower"},{"floor":20,"key":"PreservedInsect"},{"floor":20,"key":"Prayer Wheel"},{"floor":30,"key":"The Courier"}],"event_choices":[{"damage_healed":0,"gold_gain":0,"player_choice":"Lose Max HP","damage_taken":0,"relics_obtained":["Golden Idol"],"max_hp_gain":0,"max_hp_loss":6,"event_name":"Golden Idol","floor":3,"gold_loss":0},{"damage_healed":0,"gold_gain":0,"player_choice":"Box","damage_taken":0,"relics_obtained":["Toxic Egg 2"],"max_hp_gain":0,"max_hp_loss":0,"event_name":"Big Fish","floor":5,"gold_loss":0,"cards_obtained":["Regret"]},{"damage_healed":0,"gold_gain":0,"player_choice":"Paid Gold","damage_taken":0,"relics_obtained":["Matryoshka"],"max_hp_gain":0,"max_hp_loss":0,"event_name":"WeMeetAgain","floor":8,"gold_loss":56},{"damage_healed":0,"gold_gain":0,"player_choice":"Upgraded","damage_taken":0,"max_hp_gain":0,"max_hp_loss":0,"event_name":"Upgrade Shrine","floor":21,"gold_loss":0,"cards_upgraded":["Echo Form"]},{"damage_healed":0,"gold_gain":0,"player_choice":"Became a vampire","damage_taken":0,"max_hp_gain":0,"max_hp_loss":21,"event_name":"Vampires","floor":28,"gold_loss":0,"cards_obtained":["Bite","Bite","Bite","Bite","Bite"]}],"is_beta":false,"boss_relics":[{"not_picked":["Inserter","Nuclear Battery"],"picked":"Cursed Key"}],"items_purged_floors":[6],"is_endless":false,"potions_floor_spawned":[1,4,14,18,22,24],"killed_by":"Automaton","ascension_level":6}