{"gold_per_floor":[112,123,138,9,19,51,51,126,203,213,213,213,44,54,54,154,154,167,185,60,80,92,92,15,15,15,15,26,26,37,53,53,153,153,168,188,205,205,217,217],"floor_reached":40,"playtime":1656,"items_purged":["Strike_G","Strike_G","Outmaneuver"],"score":591,"play_id":"08dbcb26-68d0-4f96-b1fd-433ff5d281e1","local_time":"20181204005114","is_ascension_mode":true,"campfire_choices":[{"data":"Deadly Poison","floor":7,"key":"SMITH"},{"data":"Poisoned Stab","floor":12,"key":"SMITH"},{"data":"Caltrops","floor":15,"key":"SMITH"},{"data":"Neutralize","floor":23,"key":"SMITH"},{"data":"Malaise","floor":25,"key":"SMITH"},{"data":"After Image","floor":27,"key":"SMITH"},{"data":"Deadly Poison","floor":32,"key":"SMITH"}],"neow_cost":"NONE","seed_source_timestamp":20994890226969,"circlet_count":0,"master_deck":["AscendersBane","Survivor","Neutralize+1","PiercingWail","Deflect","Adrenaline","Poisoned Stab+1","Deadly Poison+1","Escape Plan","Caltrops+1","Backflip","After Image+1","Deflect","Deadly Poison+1","Endless Agony","Calculated Gamble","Footwork","Caltrops","Malaise+1","Doppelganger","Crippling Poison"],"relics":["Ring of the Snake","Blood Vial","Incense Burner","Meat on the Bone","Pandora\u0027s Box","Anchor","GremlinMask","Empty Cage","Bird Faced Urn"],"potions_floor_usage":[3,6,16,33,40],"damage_taken":[{"damage":7,"enemies":"Small Slimes","floor":1,"turns":6},{"damage":0,"enemies":"2 Louse","floor":2,"turns":5},{"damage":0,"enemies":"Cultist","floor":3,"turns":4},{"damage":0,"enemies":"Blue Slaver","floor":5,"turns":4},{"damage":14,"enemies":"3 Sentries","floor":6,"turns":12},{"damage":12,"enemies":"Lots of Slimes","floor":10,"turns":4},{"damage":0,"enemies":"Red Slaver","floor":14,"turns":3},{"damage":43,"enemies":"Slime Boss","floor":16,"turns":15},{"damage":0,"enemies":"3 Byrds","floor":18,"turns":4},{"damage":0,"enemies":"Spheric Guardian","floor":19,"turns":3},{"damage":0,"enemies":"Snake Plant","floor":21,"turns":3},{"damage":0,"enemies":"Chosen and Byrds","floor":22,"turns":4},{"damage":8,"enemies":"Cultist and Chosen","floor":28,"turns":7},{"damage":0,"enemies":"Snecko","floor":30,"turns":6},{"damage":3,"enemies":"Chosen and Byrds","floor":31,"turns":5},{"damage":46,"enemies":"Automaton","floor":33,"turns":10},{"damage":21,"enemies":"3 Shapes","floor":35,"turns":5},{"damage":15,"enemies":"3 Darklings","floor":36,"turns":6},{"damage":2,"enemies":"Sphere and 2 Shapes","floor":37,"turns":7},{"damage":26,"enemies":"Maw","floor":39,"turns":8},{"damage":49,"enemies":"Reptomancer","floor":40,"turns":5}],"seed_played":"-8497171891537514196","potions_obtained":[{"floor":2,"key":"Energy Potion"},{"floor":5,"key":"Block Potion"},{"floor":14,"key":"Explosive Potion"},{"floor":18,"key":"FearPotion"},{"floor":22,"key":"Ancient Potion"},{"floor":28,"key":"Ancient Potion"},{"floor":30,"key":"PowerPotion"},{"floor":36,"key":"Explosive Potion"}],"is_trial":false,"path_per_floor":["M","M","M","$","M","E","R","?","T","M","?","R","$","M","R","B",null,"M","M","$","M","M","R","$","R","T","R","M","?","M","M","R","B",null,"M","M","M","T","M","E"],"character_chosen":"THE_SILENT","items_purchased":["Poisoned Stab","Caltrops","Malaise"],"campfire_rested":0,"item_purchase_floors":[4,13,24],"current_hp_per_floor":[58,60,62,62,64,52,52,41,41,43,43,43,43,45,45,16,57,59,61,61,63,65,65,65,65,65,65,59,59,61,60,60,28,60,41,40,40,40,36,0],"gold":217,"neow_bonus":"RANDOM_COMMON_RELIC","is_prod":false,"is_daily":false,"chose_seed":false,"campfire_upgraded":7,"win_rate":0,"timestamp":1543884674,"path_taken":["M","M","M","$","M","E","R","?","T","M","?","R","$","M","R","BOSS","M","M","$","M","M","R","?","R","T","R","M","?","M","?","R","BOSS","M","M","M","?","M","E"],"build_version":"2018-11-15","purchased_purges":3,"victory":false,"max_hp_per_floor":[70,70,70,70,70,70,70,70,70,70,70,70,70,70,70,70,70,70,70,70,70,70,70,70,70,70,70,70,70,70,70,70,70,70,70,70,70,70,70,70],"card_choices":[{"not_picked":["Dagger Spray","Crippling Poison"],"picked":"PiercingWail","floor":1},{"not_picked":["Eviscerate","Acrobatics"],"picked":"Deflect","floor":2},{"not_picked":["Flying Knee","Poisoned Stab"],"picked":"Adrenaline","floor":3},{"not_picked":["Cloak And Dagger","Flying Knee"],"picked":"Deadly Poison","floor":5},{"not_picked":["Expertise","Bane"],"picked":"Escape Plan","floor":6},{"not_picked":["Cloak And Dagger","Dagger Spray","Deadly Poison"],"picked":"SKIP","floor":10},{"not_picked":["Blade Dance","Heel Hook"],"picked":"Backflip","floor":14},{"not_picked":["Unload","Storm of Steel"],"picked":"After Image","floor":16},{"not_picked":["Endless Agony","Quick Slash+1"],"picked":"Footwork","floor":18},{"not_picked":["Deflect","Acrobatics","Deadly Poison+1"],"picked":"SKIP","floor":19},{"not_picked":["Skewer","Quick Slash"],"picked":"Caltrops","floor":21},{"not_picked":["Quick Slash","Bane+1","Dodge and Roll"],"picked":"SKIP","floor":22},{"not_picked":["Dodge and Roll","Deflect","Acrobatics"],"picked":"SKIP","floor":28},{"not_picked":["Night Terror","Underhanded Strike","Deadly Poison"],"picked":"SKIP","floor":30},{"not_picked":["Dodge and Roll","Quick Slash","Prepared"],"picked":"SKIP","floor":31},{"not_picked":["Bullet Time","Burst"],"picked":"Doppelganger","floor":33},{"not_picked":["Bane+1","Outmaneuver","Underhanded Strike"],"picked":"SKIP","floor":35},{"not_picked":["Quick Slash","Dash+1"],"picked":"Crippling Poison","floor":36},{"not_picked":["Caltrops","Dodge and Roll+1","Leg Sweep"],"picked":"SKIP","floor":37},{"not_picked":["Poisoned Stab","Outmaneuver","Underhanded Strike"],"picked":"SKIP","floor":39}],"player_experience":242990,"relics_obtained":[{"floor":6,"key":"Incense Burner"},{"floor":9,"key":"Meat on the Bone"},{"floor":26,"key":"Anchor"},{"floor":38,"key":"Bird Faced Urn"}],"event_choices":[{"damage_healed":0,"gold_gain":75,"player_choice":"Gather Gold","damage_taken":11,"max_hp_gain":0,"max_hp_loss":0,"event_name":"World of Goop","floor":8,"gold_loss":0},{"cards_removed":["Strike_G"],"damage_healed":0,"gold_gain":0,"player_choice":"Purged","damage_taken":0,"max_hp_gain":0,"max_hp_loss":0,"event_name":"Purifier","floor":11,"gold_loss":0},{"damage_healed":0,"gold_gain":0,"player_choice":"Trade","damage_taken":0,"relics_obtained":["GremlinMask"],"max_hp_gain":0,"max_hp_loss":0,"event_name":"FaceTrader","floor":29,"gold_loss":0}],"is_beta":false,"boss_relics":[{"not_picked":["Calling Bell","Eternal Feather"],"picked":"Pandora\u0027s Box"},{"not_picked":["Fusion Hammer","Coffee Dripper"],"picked":"Empty Cage"}],"items_purged_floors":[4,13,20],"is_endless":false,"potions_floor_spawned":[2,5,14,18,22,28,30,36,37],"killed_by":"Reptomancer","ascension_level":10}