{"gold_per_floor":[110,129,54,66,66,96,96,108,108,127,127,127,56,79,79,202,202,218,237,237,237,162,162,27,27,53,87,87,103,103,118,118,214,214,230,230,247,247,266,294,294,319,368,368,0,15,29,53,53,53],"floor_reached":50,"playtime":2793,"items_purged":["Normality"],"score":700,"play_id":"bbbde71d-932f-4264-a3a4-2d87cdbc76fe","local_time":"20180826215941","is_ascension_mode":true,"campfire_choices":[{"data":"Infinite Blades","floor":7,"key":"SMITH"},{"floor":12,"key":"REST"},{"data":"Accuracy","floor":15,"key":"SMITH"},{"floor":23,"key":"REST"},{"floor":30,"key":"REST"},{"floor":32,"key":"REST"},{"floor":41,"key":"REST"},{"floor":44,"key":"REST"},{"floor":49,"key":"REST"}],"neow_cost":"","seed_source_timestamp":416976558250951,"circlet_count":0,"master_deck":["Defend_G","Defend_G","Defend_G","Defend_G","Defend_G","Strike_G","Strike_G","Strike_G","Strike_G","Strike_G","Survivor","Neutralize","Dagger Spray","Blade Dance","Infinite Blades+1","Backstab","Malaise","PiercingWail","Terror","Accuracy+1","Blade Dance","Night Terror","Infinite Blades","Infinite Blades","Infinite Blades","Flash of Steel","Leg Sweep+1","Blade Dance","Backstab","Quick Slash+1","Cloak And Dagger+1","Blade Dance","Dagger Throw+1"],"relics":["Ring of the Snake","Mercury Hourglass","Gambling Chip","Bloody Idol","Fusion Hammer","Nunchaku","Orichalcum","Dodecahedron","Sozu","Omamori","Bag of Marbles","Anchor","Oddly Smooth Stone","Red Mask","Potion Belt"],"potions_floor_usage":[27,33,40,50,50],"damage_taken":[{"damage":7,"enemies":"2 Louse","floor":1,"turns":3},{"damage":4,"enemies":"Small Slimes","floor":2,"turns":3},{"damage":6,"enemies":"Jaw Worm","floor":4,"turns":4},{"damage":25,"enemies":"3 Sentries","floor":6,"turns":7},{"damage":6,"enemies":"Looter","floor":8,"turns":3},{"damage":4,"enemies":"Red Slaver","floor":10,"turns":3},{"damage":8,"enemies":"Large Slime","floor":14,"turns":4},{"damage":7,"enemies":"Hexaghost","floor":16,"turns":6},{"damage":33,"enemies":"2 Thieves","floor":18,"turns":3},{"damage":0,"enemies":"Chosen","floor":19,"turns":5},{"damage":14,"enemies":"Book of Stabbing","floor":27,"turns":4},{"damage":10,"enemies":"Shelled Parasite and Fungi","floor":29,"turns":3},{"damage":0,"enemies":"Snake Plant","floor":31,"turns":3},{"damage":33,"enemies":"Automaton","floor":33,"turns":7},{"damage":0,"enemies":"Flame Bruiser 1 Orb","floor":35,"turns":4},{"damage":1,"enemies":"Orb Walker","floor":37,"turns":3},{"damage":22,"enemies":"3 Darklings","floor":39,"turns":5},{"damage":10,"enemies":"Giant Head","floor":40,"turns":6},{"damage":50,"enemies":"2 Orb Walkers","floor":42,"turns":4},{"damage":10,"enemies":"Maw","floor":46,"turns":6},{"damage":12,"enemies":"Flame Bruiser 2 Orb","floor":47,"turns":5},{"damage":86,"enemies":"Time Eater","floor":50,"turns":7}],"seed_played":"3112327848863128784","potions_obtained":[{"floor":1,"key":"FearPotion"},{"floor":2,"key":"Swift Potion"},{"floor":6,"key":"SpeedPotion"},{"floor":29,"key":"Fire Potion"},{"floor":33,"key":"SteroidPotion"}],"is_trial":false,"path_per_floor":["M","M","$","M","?","E","R","M","T","M","?","R","$","M","R","B",null,"M","M","?","?","$","R","$","?","T","E","?","M","R","M","R","B",null,"M","?","M","T","M","E","R","E","T","R","?","M","M","T","R"],"character_chosen":"THE_SILENT","items_purchased":["Infinite Blades","Accuracy","Infinite Blades","Flash of Steel"],"campfire_rested":7,"item_purchase_floors":[3,13,24,24],"current_hp_per_floor":[63,59,59,53,70,45,45,39,39,35,18,39,39,31,31,24,59,26,26,26,26,26,47,47,47,47,33,33,28,49,54,70,42,63,68,80,80,80,63,58,80,35,40,64,64,59,52,57,80,0],"gold":53,"neow_bonus":"","is_prod":false,"is_daily":false,"chose_seed":false,"campfire_upgraded":2,"win_rate":0,"timestamp":1535338781,"path_taken":["M","M","$","M","?","E","R","M","T","M","?","R","$","M","R","BOSS","M","M","?","?","$","R","$","?","T","E","?","M","R","M","R","BOSS","M","?","M","?","M","E","R","E","T","R","?","M","?","?","R","BOSS"],"build_version":"2018-08-23v2","purchased_purges":1,"victory":false,"max_hp_per_floor":[70,70,70,70,70,70,70,70,70,70,70,70,70,70,70,70,70,70,70,70,70,70,70,70,70,70,70,70,70,70,70,70,70,70,70,80,80,80,80,80,80,80,80,80,80,80,80,80,80,80],"card_choices":[{"not_picked":["Choke","Sucker Punch"],"picked":"Dagger Spray","floor":1},{"not_picked":["Masterful Stab","Expertise"],"picked":"Blade Dance","floor":2},{"not_picked":["Dodge and Roll","Bane"],"picked":"Backstab","floor":4},{"not_picked":["Slice","Prepared"],"picked":"Malaise","floor":6},{"not_picked":["Dagger Spray","Deflect"],"picked":"PiercingWail","floor":8},{"not_picked":["Dagger Throw","Dash"],"picked":"Terror","floor":10},{"not_picked":["Dodge and Roll","Heel Hook"],"picked":"Blade Dance","floor":14},{"not_picked":["Unload","Doppelganger"],"picked":"Night Terror","floor":16},{"not_picked":["Outmaneuver","Bane","Reflex"],"picked":"SKIP","floor":18},{"not_picked":["Dodge and Roll","Masterful Stab"],"picked":"Infinite Blades","floor":19},{"not_picked":["Dodge and Roll","Dagger Throw+1"],"picked":"Leg Sweep+1","floor":27},{"not_picked":["Poisoned Stab","Doppelganger"],"picked":"Blade Dance","floor":29},{"not_picked":["Deflect","Crippling Poison"],"picked":"Backstab","floor":31},{"not_picked":["Corpse Explosion","Tools of the Trade"],"picked":"Night Terror","floor":33},{"not_picked":["Underhanded Strike+1","Dagger Spray","Deadly Poison"],"picked":"SKIP","floor":35},{"not_picked":["Acrobatics+1","Dagger Spray"],"picked":"Quick Slash+1","floor":37},{"not_picked":["PiercingWail","Blade Dance"],"picked":"Cloak And Dagger+1","floor":39},{"not_picked":["Predator","Dodge and Roll+1","Skewer"],"picked":"SKIP","floor":40},{"not_picked":["Backstab+1","Dodge and Roll+1"],"picked":"Blade Dance","floor":42},{"not_picked":["Prepared","Bullet Time"],"picked":"Dagger Throw+1","floor":46},{"not_picked":["Dodge and Roll+1","Heel Hook+1","Choke+1"],"picked":"SKIP","floor":47}],"player_experience":251121,"relics_obtained":[{"floor":6,"key":"Mercury Hourglass"},{"floor":9,"key":"Gambling Chip"},{"floor":26,"key":"Orichalcum"},{"floor":27,"key":"Dodecahedron"},{"floor":38,"key":"Omamori"},{"floor":40,"key":"Bag of Marbles"},{"floor":42,"key":"Anchor"},{"floor":43,"key":"Oddly Smooth Stone"},{"floor":48,"key":"Potion Belt"}],"event_choices":[{"event_name":"Big Fish","player_choice":"Banana","floor":5,"damage_taken":0},{"event_name":"Golden Idol","player_choice":"Take Damage","floor":11,"damage_taken":0},{"event_name":"Accursed Blacksmith","player_choice":"Rummage","floor":20,"damage_taken":0},{"event_name":"The Library","player_choice":"Read","floor":21,"damage_taken":0},{"event_name":"Vampires","player_choice":"Ignored","floor":25,"damage_taken":0},{"event_name":"Forgotten Altar","player_choice":"Gave Idol","floor":28,"damage_taken":0},{"event_name":"Bonfire Elementals","player_choice":"RARE","floor":36,"damage_taken":0},{"event_name":"Tomb of Lord Red Mask","player_choice":"Paid","floor":45,"damage_taken":0}],"is_beta":false,"boss_relics":[{"not_picked":["Ring of the Serpent","Astrolabe"],"picked":"Fusion Hammer"},{"not_picked":["Coffee Dripper","HoveringKite"],"picked":"Sozu"}],"items_purged_floors":[22],"is_endless":false,"potions_floor_spawned":[1,2,6,29,31,33,35,39,42],"killed_by":"Time Eater","ascension_level":5}