{"gold_per_floor":[119,136,136,147,164,164,164,190,190,203,52,63,88,105,105,208,258,242,258,5,21,39,39,71,71,98,112,125,125,139,174,174,278,278,297,345,356,367,10,10,40,40,40,140,170,181,209,209,209,209],"floor_reached":50,"playtime":3673,"items_purged":["Strike_G","Strike_G"],"score":791,"play_id":"e0f28bea-d880-4dfa-9959-f796f9dfb11b","local_time":"20190201114735","is_ascension_mode":true,"campfire_choices":[{"data":"Neutralize","floor":6.0,"key":"SMITH"},{"floor":15.0,"key":"REST"},{"floor":23.0,"key":"REST"},{"data":"Footwork","floor":25.0,"key":"SMITH"},{"floor":32.0,"key":"REST"},{"floor":40,"key":"RECALL"},{"floor":42,"key":"REST"},{"floor":49,"key":"REST"}],"neow_cost":"NONE","seed_source_timestamp":0,"circlet_count":0,"master_deck":["Defend_G","Defend_G","Defend_G","Defend_G","Defend_G","Strike_G","Strike_G+1","Strike_G","Survivor","Neutralize+1","Footwork+1","Dagger Throw+1","Cloak And Dagger","PiercingWail","Dash","PiercingWail","Infinite Blades+1","Backflip","Crippling Poison","Malaise+1","Noxious Fumes+1","Die Die Die","Skewer","Masterful Stab","Dodge and Roll","Cloak And Dagger","Well Laid Plans+1","A Thousand Cuts+1","Endless Agony","PiercingWail+1","Terror+1","Infinite Blades+1","Cloak And Dagger+1"],"special_seed":0,"relics":["Ring of the Snake","NeowsBlessing","Frozen Egg 2","Pen Nib","Mercury Hourglass","Ninja Scroll","Mummified Hand","Tiny House","Whetstone","PreservedInsect","Question Card","Fusion Hammer","Calipers","Bronze Scales","TwistedFunnel","Tough Bandages","Bottled Tornado","Turnip","Potion Belt","Darkstone Periapt"],"potions_floor_usage":[35,50,50,50,50],"damage_taken":[{"damage":0.0,"enemies":"Small Slimes","floor":1.0,"turns":1.0},{"damage":0.0,"enemies":"Jaw Worm","floor":2.0,"turns":1.0},{"damage":0.0,"enemies":"Cultist","floor":4.0,"turns":1.0},{"damage":0.0,"enemies":"3 Louse","floor":5.0,"turns":7.0},{"damage":23.0,"enemies":"3 Sentries","floor":8.0,"turns":11.0},{"damage":1.0,"enemies":"Looter","floor":10.0,"turns":3.0},{"damage":0.0,"enemies":"Blue Slaver","floor":12.0,"turns":3.0},{"damage":15.0,"enemies":"Lagavulin","floor":13.0,"turns":7.0},{"damage":0.0,"enemies":"Lots of Slimes","floor":14.0,"turns":2.0},{"damage":4.0,"enemies":"The Guardian","floor":16.0,"turns":11.0},{"damage":5.0,"enemies":"2 Thieves","floor":18.0,"turns":4.0},{"damage":1.0,"enemies":"Shell Parasite","floor":19.0,"turns":6.0},{"damage":22.0,"enemies":"Snake Plant","floor":21.0,"turns":7.0},{"damage":3.0,"enemies":"Centurion and Healer","floor":22.0,"turns":5.0},{"damage":6.0,"enemies":"Gremlin Leader","floor":24.0,"turns":9.0},{"damage":1.0,"enemies":"Cultist and Chosen","floor":27.0,"turns":4.0},{"damage":0.0,"enemies":"Chosen and Byrds","floor":28.0,"turns":6.0},{"damage":1.0,"enemies":"Shelled Parasite and Fungi","floor":30.0,"turns":5.0},{"damage":12.0,"enemies":"Book of Stabbing","floor":31.0,"turns":5.0},{"damage":36.0,"enemies":"Automaton","floor":33.0,"turns":11.0},{"damage":3,"enemies":"3 Darklings","floor":35,"turns":5},{"damage":9,"enemies":"2 Orb Walkers","floor":36,"turns":4},{"damage":0,"enemies":"Orb Walker","floor":37,"turns":3},{"damage":3,"enemies":"Writhing Mass","floor":38,"turns":9},{"damage":21,"enemies":"Giant Head","floor":41,"turns":8},{"damage":0,"enemies":"Mind Bloom Boss Battle","floor":44,"turns":6},{"damage":16,"enemies":"Reptomancer","floor":45,"turns":4},{"damage":18,"enemies":"Spire Growth","floor":46,"turns":4},{"damage":7,"enemies":"Giant Head","floor":47,"turns":6},{"damage":45,"enemies":"Time Eater","floor":50,"turns":10}],"seed_played":"2037884389669637777","potions_obtained":[{"floor":1.0,"key":"SkillPotion"},{"floor":4.0,"key":"GamblersBrew"},{"floor":10.0,"key":"Energy Potion"},{"floor":12.0,"key":"Ancient Potion"},{"floor":13.0,"key":"AttackPotion"},{"floor":14.0,"key":"Block Potion"},{"floor":17.0,"key":"Explosive Potion"},{"floor":27.0,"key":"SpeedPotion"},{"floor":30.0,"key":"Fire Potion"},{"floor":33.0,"key":"FearPotion"},{"floor":35,"key":"Fruit Juice"},{"floor":36,"key":"GhostInAJar"},{"floor":46,"key":"Dexterity Potion"}],"is_trial":false,"path_per_floor":["M","M","?","M","M","R","T","E","T","M","$","M","E","M","R","B",null,"M","M","$","M","M","R","E","R","T","M","M","?","M","E","R","B",null,"M","?","M","M","$","R","E","R","T","?","E","M","E","T","R","B"],"character_chosen":"THE_SILENT","items_purchased":["Infinite Blades+1","Die Die Die","Bronze Scales","TwistedFunnel"],"campfire_rested":5,"item_purchase_floors":[11,20,39,39],"current_hp_per_floor":[63,63,56,56,56,56,56,33,33,32,32,32,17,17,38,34,66,61,60,60,38,35,57,51,51,51,50,50,50,49,37,59,23,62,64,55,55,52,52,52,31,55,55,55,39,21,14,14,38,0],"gold":209,"neow_bonus":"THREE_ENEMY_KILL","is_prod":false,"is_daily":false,"chose_seed":false,"campfire_upgraded":2,"win_rate":0,"timestamp":1549039655,"path_taken":["M","M","?","M","M","R","?","E","T","M","$","M","E","M","R","BOSS","M","M","$","M","M","R","E","R","T","M","M","?","M","E","R","BOSS","M","?","M","M","$","R","E","R","T","?","E","M","E","?","R","BOSS"],"build_version":"2019-01-23","purchased_purges":2,"victory":false,"max_hp_per_floor":[70,70,70,70,70,70,70,70,70,70,70,70,70,70,70,70,75,75,75,75,75,75,75,75,75,75,75,75,75,75,75,75,75,75,80,80,80,80,80,80,80,80,80,80,80,80,80,80,80,80],"card_choices":[{"not_picked":["Prepared","Catalyst"],"picked":"Footwork","floor":1.0},{"not_picked":["Bane","Blade Dance"],"picked":"Dagger Throw","floor":2.0},{"not_picked":["Expertise","Sucker Punch"],"picked":"Cloak And Dagger","floor":4.0},{"not_picked":["Flechettes","Bane"],"picked":"PiercingWail","floor":5.0},{"not_picked":["Envenom+1","Endless Agony"],"picked":"Dash","floor":8.0},{"not_picked":["Dagger Spray","Dagger Throw"],"picked":"PiercingWail","floor":10.0},{"not_picked":["Blade Dance","Accuracy+1"],"picked":"Backflip","floor":12.0},{"not_picked":["Calculated Gamble","Outmaneuver"],"picked":"Crippling Poison","floor":13.0},{"not_picked":["Slice","Reflex","Backflip"],"picked":"SKIP","floor":14.0},{"not_picked":["Wraith Form v2+1","Storm of Steel"],"picked":"Malaise","floor":16.0},{"not_picked":["Underhanded Strike","All Out Attack"],"picked":"Noxious Fumes+1","floor":18.0},{"not_picked":["Expertise","Outmaneuver","PiercingWail"],"picked":"SKIP","floor":19.0},{"not_picked":["Deadly Poison+1","Choke"],"picked":"Skewer","floor":21.0},{"not_picked":["Storm of Steel","PiercingWail"],"picked":"Masterful Stab","floor":22.0},{"not_picked":["Choke","Deadly Poison"],"picked":"Dodge and Roll","floor":24.0},{"not_picked":["Bane","Slice","Blade Dance"],"picked":"SKIP","floor":27.0},{"not_picked":["Prepared","Quick Slash","Deadly Poison"],"picked":"SKIP","floor":28.0},{"not_picked":["Masterful Stab","Endless Agony"],"picked":"Cloak And Dagger","floor":30.0},{"not_picked":["Dagger Spray","Dagger Throw"],"picked":"Well Laid Plans+1","floor":31.0},{"not_picked":["Storm of Steel","Phantasmal Killer","Die Die Die"],"picked":"A Thousand Cuts+1","floor":33.0},{"not_picked":["Backflip","Outmaneuver+1","Flying Knee+1","Dodge and Roll+1"],"picked":"SKIP","floor":35},{"not_picked":["Underhanded Strike","Caltrops+1","Die Die Die"],"picked":"Endless Agony","floor":37},{"not_picked":["Heel Hook+1","Accuracy+1","Cloak And Dagger+1"],"picked":"PiercingWail+1","floor":38},{"not_picked":["Die Die Die","Bullet Time","Riddle With Holes"],"picked":"Terror+1","floor":41},{"not_picked":["Poisoned Stab","Terror+1","Well Laid Plans+1"],"picked":"Infinite Blades+1","floor":44},{"not_picked":["Sucker Punch","Slice","Poisoned Stab+1","Bane+1"],"picked":"SKIP","floor":45},{"not_picked":["Distraction+1","Quick Slash+1","Outmaneuver+1","Deadly Poison"],"picked":"SKIP","floor":46},{"not_picked":["Quick Slash+1","Storm of Steel","Outmaneuver+1"],"picked":"Cloak And Dagger+1","floor":47}],"player_experience":425050,"relics_obtained":[{"floor":7.0,"key":"Pen Nib"},{"floor":8.0,"key":"Mercury Hourglass"},{"floor":9.0,"key":"Ninja Scroll"},{"floor":13.0,"key":"Mummified Hand"},{"floor":24.0,"key":"Whetstone"},{"floor":26.0,"key":"PreservedInsect"},{"floor":31.0,"key":"Question Card"},{"floor":36,"key":"Calipers"},{"floor":41,"key":"Tough Bandages"},{"floor":43,"key":"Bottled Tornado"},{"floor":44,"key":"Turnip"},{"floor":45,"key":"Potion Belt"},{"floor":47,"key":"Darkstone Periapt"}],"event_choices":[{"damage_healed":0.0,"max_hp_gain":0.0,"max_hp_loss":0.0,"gold_gain":0.0,"event_name":"Scrap Ooze","player_choice":"Success","floor":3.0,"gold_loss":0.0,"damage_taken":7.0,"relics_obtained":["Frozen Egg 2"]},{"damage_healed":0.0,"max_hp_gain":0.0,"max_hp_loss":0.0,"gold_gain":0.0,"event_name":"Vampires","player_choice":"Ignored","floor":29.0,"gold_loss":0.0,"damage_taken":0.0},{"damage_healed":0,"gold_gain":0,"player_choice":"Fight","damage_taken":0,"max_hp_gain":0,"max_hp_loss":0,"event_name":"Mysterious Sphere","floor":36,"gold_loss":0},{"damage_healed":0,"gold_gain":0,"player_choice":"Fight","damage_taken":0,"max_hp_gain":0,"max_hp_loss":0,"event_name":"MindBloom","floor":44,"gold_loss":0}],"is_beta":false,"boss_relics":[{"not_picked":["HoveringKite","Snecko Eye"],"picked":"Tiny House"},{"not_picked":["Orrery","Cursed Key"],"picked":"Fusion Hammer"}],"items_purged_floors":[11,20],"is_endless":false,"potions_floor_spawned":[1,4,10,12,13,14,27,30,31,33,35,36,44,46],"killed_by":"Time Eater","ascension_level":7}