{"gold_per_floor":[114,114,132,145,156,190,202,243,255,267],"floor_reached":10,"playtime":1016,"items_purged":[],"score":105,"play_id":"90820e87-273f-42e1-80b9-18553a13dc9f","local_time":"20190110235818","is_ascension_mode":true,"campfire_choices":[{"data":"Evolve","floor":7,"key":"SMITH"}],"neow_cost":"CURSE","seed_source_timestamp":22727822391233,"circlet_count":0,"master_deck":["Strike_R","Strike_R","Strike_R","Strike_R","Strike_R","Defend_R","Defend_R","Defend_R","Defend_R","Bash","Jack Of All Trades","Enlightenment","Evolve+1","Wild Strike","Disarm","Headbutt"],"relics":["Burning Blood","MawBank","Prayer Wheel","Singing Bowl"],"potions_floor_usage":[5,8,8],"damage_taken":[{"damage":0,"enemies":"Small Slimes","floor":1,"turns":4},{"damage":6,"enemies":"Cultist","floor":3,"turns":4},{"damage":2,"enemies":"Jaw Worm","floor":4,"turns":4},{"damage":14,"enemies":"Blue Slaver","floor":5,"turns":5},{"damage":36,"enemies":"Gremlin Nob","floor":6,"turns":5},{"damage":44,"enemies":"Lagavulin","floor":8,"turns":8},{"damage":15,"enemies":"3 Louse","floor":10,"turns":1}],"seed_played":"174783837256788384","potions_obtained":[{"floor":4,"key":"Strength Potion"},{"floor":5,"key":"BloodPotion"},{"floor":6,"key":"Ancient Potion"}],"is_trial":false,"path_per_floor":["M","?","M","M","M","E","R","E","T","M"],"character_chosen":"IRONCLAD","items_purchased":[],"campfire_rested":0,"item_purchase_floors":[],"current_hp_per_floor":[78,78,78,80,72,42,42,12,12,0],"gold":267,"neow_bonus":"RANDOM_COLORLESS_2","is_prod":false,"is_daily":false,"chose_seed":false,"campfire_upgraded":1,"win_rate":0,"timestamp":1547193498,"path_taken":["M","?","?","M","M","E","R","E","T","M"],"build_version":"2019-01-10","purchased_purges":0,"victory":false,"max_hp_per_floor":[80,80,80,80,80,80,80,80,80,80],"card_choices":[{"not_picked":["Cleave","Rupture"],"picked":"Evolve","floor":1},{"not_picked":["Pommel Strike","Warcry"],"picked":"Wild Strike","floor":3},{"not_picked":["Heavy Blade","Sever Soul","Rage"],"picked":"SKIP","floor":4},{"not_picked":["Wild Strike","Anger"],"picked":"Disarm","floor":5},{"not_picked":["Clash","Berserk","Pommel Strike"],"picked":"SKIP","floor":6},{"not_picked":["Bloodletting","Body Slam"],"picked":"Headbutt","floor":8}],"player_experience":274395,"relics_obtained":[{"floor":6,"key":"MawBank"},{"floor":8,"key":"Prayer Wheel"},{"floor":9,"key":"Singing Bowl"}],"event_choices":[{"cards_removed":["Decay"],"damage_healed":0,"gold_gain":0,"player_choice":"Removed Curses","damage_taken":0,"max_hp_gain":0,"max_hp_loss":0,"event_name":"Fountain of Cleansing","floor":2,"gold_loss":0}],"is_beta":false,"boss_relics":[],"items_purged_floors":[],"is_endless":false,"potions_floor_spawned":[4,5,6],"killed_by":"3 Louse","ascension_level":7}