{"gold_per_floor":[116,116,116,116,134,147,147,129,153,175,207,219,241,253],"floor_reached":14,"playtime":1368,"items_purged":[],"score":84,"play_id":"0306705d-2333-4ee3-97e0-dabbe8a01970","local_time":"20180724233602","is_ascension_mode":false,"campfire_choices":[{"data":"Deadly Poison","floor":7,"key":"SMITH"}],"neow_cost":"","seed_source_timestamp":591469199381252,"circlet_count":0,"master_deck":["Defend_G","Defend_G","Defend_G","Defend_G","Defend_G","Strike_G","Strike_G","Strike_G","Strike_G","Strike_G","Survivor","Neutralize","Dagger Spray","Deadly Poison+1","Sucker Punch","Caltrops","Wraith Form v2","Outmaneuver"],"relics":["Ring of the Snake","MawBank"],"potions_floor_usage":[14],"damage_taken":[{"damage":4,"enemies":"Jaw Worm","floor":1,"turns":6},{"damage":0,"enemies":"Small Slimes","floor":5,"turns":3},{"damage":6,"enemies":"2 Louse","floor":6,"turns":2},{"damage":16,"enemies":"Exordium Thugs","floor":8,"turns":4},{"damage":22,"enemies":"Exordium Wildlife","floor":10,"turns":5},{"damage":3,"enemies":"2 Fungi Beasts","floor":11,"turns":4},{"damage":12,"enemies":"Red Slaver","floor":13,"turns":5},{"damage":10,"enemies":"Exordium Thugs","floor":14,"turns":4}],"seed_played":"5940379659617248943","potions_obtained":[{"floor":6,"key":"LiquidBronze"},{"floor":8,"key":"Fire Potion"}],"is_trial":false,"path_per_floor":["M","?","$","$","M","M","R","M","T","M","M","$","M"],"character_chosen":"THE_SILENT","items_purchased":[],"campfire_rested":0,"item_purchase_floors":[],"current_hp_per_floor":[66,66,66,66,66,60,60,44,44,22,19,19,7,0],"gold":253,"neow_bonus":"","is_prod":false,"is_daily":false,"chose_seed":false,"campfire_upgraded":1,"win_rate":0.0,"timestamp":1532493362,"path_taken":["M","?","?","$","M","M","R","M","T","M","M","?","M","?"],"build_version":"2018-07-19v2","purchased_purges":0,"victory":false,"max_hp_per_floor":[70,70,70,70,70,70,70,70,70,70,70,70,70,70],"card_choices":[{"not_picked":["Caltrops","Escape Plan"],"picked":"Dagger Spray","floor":1},{"not_picked":["Slice","Blur"],"picked":"Deadly Poison","floor":5},{"not_picked":["Expertise","Dodge and Roll"],"picked":"Sucker Punch","floor":6},{"not_picked":["Predator","Dodge and Roll"],"picked":"Caltrops","floor":8},{"not_picked":["Heel Hook","Choke"],"picked":"Wraith Form v2","floor":10},{"not_picked":["Dodge and Roll","Crippling Poison"],"picked":"Outmaneuver","floor":11},{"not_picked":["Dagger Spray","Dodge and Roll","Distraction"],"picked":"SKIP","floor":13}],"player_experience":1001,"relics_obtained":[{"floor":9,"key":"MawBank"}],"event_choices":[{"event_name":"Shining Light","player_choice":"Ignored","floor":2,"damage_taken":0}],"is_beta":false,"boss_relics":[],"items_purged_floors":[],"is_endless":false,"potions_floor_spawned":[6,8],"killed_by":"Exordium Thugs","ascension_level":0}