{"gold_per_floor":[110,130,130,130,146,189,203,203,203,203,43,43,43,63,63,63],"floor_reached":16,"playtime":1054,"items_purged":["Defend_R"],"score":100,"play_id":"2f1f29e5-881d-4acb-bd15-1194cd0093c9","local_time":"20181227124747","is_ascension_mode":false,"campfire_choices":[{"data":"Shockwave","floor":10,"key":"SMITH"},{"data":"Finesse","floor":15,"key":"SMITH"}],"neow_cost":"NONE","seed_source_timestamp":506580789001836,"circlet_count":0,"master_deck":["Strike_R+1","Strike_R","Defend_R+1","Defend_R","Defend_R","Bash","Headbutt","Shockwave+1","Shrug It Off","Iron Wave","Finesse+1","Berserk","Thunderclap"],"relics":["Burning Blood","Lantern","Golden Idol","Juzu Bracelet","Orichalcum"],"potions_floor_usage":[6,6,6,6],"damage_taken":[{"damage":2,"enemies":"2 Louse","floor":1,"turns":3},{"damage":11,"enemies":"Jaw Worm","floor":2,"turns":2},{"damage":0,"enemies":"Small Slimes","floor":5,"turns":4},{"damage":18,"enemies":"Gremlin Nob","floor":6,"turns":5},{"damage":4,"enemies":"Blue Slaver","floor":7,"turns":4},{"damage":3,"enemies":"Large Slime","floor":14,"turns":6},{"damage":43,"enemies":"Slime Boss","floor":16,"turns":7}],"seed_played":"4847802742463627846","potions_obtained":[{"floor":1,"key":"EntropicBrew"},{"floor":5,"key":"Block Potion"}],"is_trial":false,"path_per_floor":["M","M","?","?","M","E","M","?","T","R","$","?","?","M","R","B"],"character_chosen":"IRONCLAD","items_purchased":["Finesse"],"campfire_rested":0,"item_purchase_floors":[11],"current_hp_per_floor":[80,75,55,48,54,42,44,28,28,28,28,28,28,31,31,0],"gold":63,"neow_bonus":"RANDOM_COMMON_RELIC","is_prod":false,"is_daily":false,"chose_seed":false,"campfire_upgraded":2,"win_rate":0.0,"timestamp":1545943667,"path_taken":["M","M","?","?","M","E","M","?","T","R","?","?","?","M","R","BOSS"],"build_version":"2018-12-20","purchased_purges":1,"victory":false,"max_hp_per_floor":[80,80,80,80,80,80,80,80,80,80,80,80,80,80,80,80],"card_choices":[{"not_picked":["Dropkick","Feel No Pain"],"picked":"Headbutt","floor":1},{"not_picked":["Anger","Infernal Blade"],"picked":"Shockwave","floor":2},{"not_picked":["Body Slam","Corruption"],"picked":"Shrug It Off","floor":5},{"not_picked":["Twin Strike","Intimidate","Combust"],"picked":"SKIP","floor":6},{"not_picked":["Feed","Shrug It Off"],"picked":"Iron Wave","floor":7},{"not_picked":["Body Slam","Anger"],"picked":"Thunderclap","floor":14}],"player_experience":10687,"relics_obtained":[{"floor":6,"key":"Juzu Bracelet"},{"floor":9,"key":"Orichalcum"}],"event_choices":[{"damage_healed":0,"gold_gain":0,"player_choice":"Take Damage","damage_taken":20,"relics_obtained":["Golden Idol"],"max_hp_gain":0,"max_hp_loss":0,"event_name":"Golden Idol","floor":3,"gold_loss":0},{"cards_removed":["Strike_R"],"damage_healed":0,"gold_gain":0,"player_choice":"Card Removal","damage_taken":7,"max_hp_gain":0,"max_hp_loss":0,"event_name":"Golden Wing","floor":4,"gold_loss":0},{"damage_healed":0,"gold_gain":0,"player_choice":"Entered Light","damage_taken":16,"max_hp_gain":0,"max_hp_loss":0,"event_name":"Shining Light","floor":8,"gold_loss":0,"cards_upgraded":["Strike_R","Defend_R"]},{"cards_removed":["Strike_R"],"damage_healed":0,"gold_gain":0,"player_choice":"Purged","damage_taken":0,"max_hp_gain":0,"max_hp_loss":0,"event_name":"Purifier","floor":12,"gold_loss":0},{"damage_healed":0,"gold_gain":0,"cards_transformed":["Strike_R"],"player_choice":"Change","damage_taken":0,"max_hp_gain":0,"max_hp_loss":0,"event_name":"Living Wall","floor":13,"gold_loss":0,"cards_obtained":["Berserk"]}],"is_beta":false,"boss_relics":[],"items_purged_floors":[11],"is_endless":false,"potions_floor_spawned":[1,5],"killed_by":"Slime Boss","ascension_level":0}