{"gold_per_floor":[116,130,10,10,10,39,39,39,39,109,129,141,141,172,172,246,246,260,64,77,90,103,103,113,16,16,16,34,34,46,46,46,46],"floor_reached":33,"playtime":970,"items_purged":["Strike_B","Defend_B"],"score":479,"play_id":"e9a8763a-42fa-4799-aabd-e6afbc644148","local_time":"20181103140930","is_ascension_mode":true,"campfire_choices":[{"data":"Gash","floor":8,"key":"SMITH"},{"floor":15,"key":"REST"},{"floor":23,"key":"DIG"},{"data":"Deep Breath","floor":32,"key":"SMITH"}],"neow_cost":"NONE","seed_source_timestamp":4917202015343,"circlet_count":0,"master_deck":["AscendersBane","Defend_B+1","Defend_B+1","Zap+1","Dualcast","Gash","Ball Lightning","Gash+1","Cold Snap","Electrodynamics","Skim","Steam","Biased Cognition","Self Repair+1","Lockon+1","Doom and Gloom+1","Coolheaded+1","Impatience","Chill","Coolheaded","Deep Breath+1"],"relics":["Cracked Core","FossilizedHelix","Shovel","Mummified Hand","PreservedInsect","Astrolabe","Regal Pillow","Blue Candle"],"potions_floor_usage":[6,14,18,27,33,33],"damage_taken":[{"damage":5,"enemies":"Cultist","floor":1,"turns":4},{"damage":2,"enemies":"Jaw Worm","floor":2,"turns":3},{"damage":14,"enemies":"Lagavulin","floor":6,"turns":6},{"damage":1,"enemies":"Small Slimes","floor":11,"turns":3},{"damage":0,"enemies":"Blue Slaver","floor":12,"turns":3},{"damage":0,"enemies":"Gremlin Nob","floor":14,"turns":3},{"damage":29,"enemies":"Hexaghost","floor":16,"turns":12},{"damage":1,"enemies":"Shell Parasite","floor":18,"turns":4},{"damage":11,"enemies":"2 Thieves","floor":20,"turns":2},{"damage":0,"enemies":"Centurion and Healer","floor":21,"turns":5},{"damage":0,"enemies":"Shelled Parasite and Fungi","floor":22,"turns":3},{"damage":0,"enemies":"Sentry and Sphere","floor":24,"turns":6},{"damage":0,"enemies":"Colosseum Slavers","floor":27,"turns":3},{"damage":0,"enemies":"Snake Plant","floor":28,"turns":2},{"damage":0,"enemies":"Cultist and Chosen","floor":30,"turns":6},{"damage":85,"enemies":"Champ","floor":33,"turns":8}],"seed_played":"2954088404420955020","potions_obtained":[{"floor":2,"key":"Swift Potion"},{"floor":12,"key":"Explosive Potion"},{"floor":16,"key":"GamblersBrew"},{"floor":21,"key":"Poison Potion"},{"floor":24,"key":"SkillPotion"},{"floor":28,"key":"SkillPotion"},{"floor":30,"key":"FocusPotion"}],"is_trial":false,"path_per_floor":["M","M","$","?","?","E","$","R","T","T","M","M","?","E","R","B",null,"M","$","M","M","M","R","M","$","T","?","M","?","M","$","R","B"],"character_chosen":"DEFECT","items_purchased":["Gash","Impatience","Deep Breath"],"campfire_rested":1,"item_purchase_floors":[3,19,25],"current_hp_per_floor":[59,57,57,43,43,29,29,29,29,29,28,28,21,21,42,13,57,66,66,55,65,71,71,71,71,71,71,71,71,71,71,71,0],"gold":46,"neow_bonus":"UPGRADE_CARD","is_prod":false,"is_daily":false,"chose_seed":false,"campfire_upgraded":2,"win_rate":0,"timestamp":1541254170,"path_taken":["M","?","$","?","?","E","?","R","T","?","M","?","?","E","R","BOSS","M","$","M","M","M","R","M","$","T","?","M","?","M","$","R","BOSS"],"build_version":"2018-11-01","purchased_purges":2,"victory":false,"max_hp_per_floor":[71,71,71,71,71,71,71,71,71,71,71,71,71,71,71,71,71,71,71,71,71,71,71,71,71,71,71,71,71,71,71,71,71],"card_choices":[{"not_picked":["Rebound","Heatsinks"],"picked":"Gash","floor":1},{"not_picked":["Rip and Tear","Undo"],"picked":"Ball Lightning","floor":2},{"not_picked":["Conserve Battery","Auto Shields"],"picked":"Cold Snap","floor":6},{"not_picked":["Reprogram","Sweeping Beam"],"picked":"Electrodynamics","floor":11},{"not_picked":["Capacitor","Conserve Battery"],"picked":"Skim","floor":12},{"not_picked":["Undo","Genetic Algorithm"],"picked":"Steam","floor":14},{"not_picked":["Thunder Strike","Electrodynamics"],"picked":"Biased Cognition","floor":16},{"not_picked":["Beam Cell","Compile Driver"],"picked":"Coolheaded+1","floor":18},{"not_picked":["Beam Cell","Double Energy"],"picked":"Chill","floor":20},{"not_picked":["Steam","Compile Driver"],"picked":"Coolheaded","floor":21},{"not_picked":["Self Repair","Loop","Consume"],"picked":"SKIP","floor":22},{"not_picked":["Blizzard+1","Turbo","Beam Cell"],"picked":"SKIP","floor":24},{"not_picked":["Steam","BootSequence","Lockon"],"picked":"SKIP","floor":28},{"not_picked":["Steam+1","Cold Snap","Sweeping Beam"],"picked":"SKIP","floor":30}],"player_experience":105798,"relics_obtained":[{"floor":6,"key":"FossilizedHelix"},{"floor":9,"key":"Shovel"},{"floor":10,"key":"Mummified Hand"},{"floor":14,"key":"PreservedInsect"},{"floor":23,"key":"Regal Pillow"},{"floor":26,"key":"Blue Candle"}],"event_choices":[{"damage_healed":0,"gold_gain":0,"player_choice":"Entered Light","damage_taken":14,"max_hp_gain":0,"max_hp_loss":0,"event_name":"Shining Light","floor":4,"gold_loss":0,"cards_upgraded":["Defend_B","Defend_B"]},{"damage_healed":0,"gold_gain":0,"player_choice":"Fled","damage_taken":0,"max_hp_gain":0,"max_hp_loss":0,"event_name":"Scrap Ooze","floor":5,"gold_loss":0},{"damage_healed":0,"gold_gain":0,"player_choice":"Damaged","damage_taken":7,"max_hp_gain":0,"max_hp_loss":0,"event_name":"Wheel of Change","floor":13,"gold_loss":0},{"damage_healed":0,"gold_gain":0,"player_choice":"Fight","damage_taken":0,"max_hp_gain":0,"max_hp_loss":0,"event_name":"Colosseum","floor":27,"gold_loss":0},{"damage_healed":0,"gold_gain":0,"player_choice":"Fled From Nobs","damage_taken":0,"max_hp_gain":0,"max_hp_loss":0,"event_name":"Colosseum","floor":27,"gold_loss":0},{"cards_removed":["Defend_B"],"damage_healed":0,"gold_gain":0,"player_choice":"Elegance","damage_taken":0,"max_hp_gain":0,"max_hp_loss":0,"event_name":"Back to Basics","floor":29,"gold_loss":0}],"is_beta":false,"boss_relics":[{"not_picked":["Philosopher\u0027s Stone","Nuclear Battery"],"picked":"Astrolabe"}],"items_purged_floors":[3,19],"is_endless":false,"potions_floor_spawned":[2,12,16,21,24,27,28,30],"killed_by":"Champ","ascension_level":14}