{"gold_per_floor":[115,126,16,16,30,30,361,326,326,326,338,119,133,164,164,260,260,275,121,131,6,6,6,36,36,60,60,73,73,93,103,103,103],"floor_reached":33,"playtime":951,"items_purged":["Strike_B","Strike_B","Strike_B"],"score":319,"play_id":"326ad093-561b-4e2e-99c3-79d4bc1bef79","local_time":"20180925192119","is_ascension_mode":true,"campfire_choices":[{"data":"Darkness","floor":6,"key":"SMITH"},{"floor":10,"key":"REST"},{"floor":15,"key":"REST"},{"data":"Chill","floor":23,"key":"SMITH"},{"floor":25,"key":"REST"},{"floor":27,"key":"REST"},{"floor":32,"key":"REST"}],"neow_cost":"","seed_source_timestamp":21178352901628,"circlet_count":0,"master_deck":["Defend_B","Defend_B","Defend_B","Defend_B","Zap","Dualcast","Chill+1","Darkness+1","Coolheaded","Auto Shields","Hologram","Machine Learning","Reboot","Cold Snap+1","Conserve Battery"],"relics":["FrozenCore","Kunai","Old Coin","Emotion Chip","Omamori","DataDisk","Turnip","Orichalcum"],"potions_floor_usage":[2,24,24,30,33],"damage_taken":[{"damage":0,"enemies":"Jaw Worm","floor":1,"turns":3},{"damage":6,"enemies":"2 Louse","floor":2,"turns":2},{"damage":3,"enemies":"Cultist","floor":5,"turns":4},{"damage":28,"enemies":"Gremlin Nob","floor":7,"turns":4},{"damage":14,"enemies":"Exordium Thugs","floor":8,"turns":5},{"damage":11,"enemies":"Blue Slaver","floor":11,"turns":3},{"damage":2,"enemies":"Large Slime","floor":13,"turns":5},{"damage":3,"enemies":"Lagavulin","floor":14,"turns":5},{"damage":34,"enemies":"Hexaghost","floor":16,"turns":10},{"damage":19,"enemies":"3 Byrds","floor":18,"turns":5},{"damage":1,"enemies":"Spheric Guardian","floor":20,"turns":6},{"damage":48,"enemies":"Slavers","floor":24,"turns":8},{"damage":8,"enemies":"Snake Plant","floor":28,"turns":4},{"damage":11,"enemies":"Snecko","floor":30,"turns":8},{"damage":3,"enemies":"Shelled Parasite and Fungi","floor":31,"turns":10},{"damage":60,"enemies":"Collector","floor":33,"turns":7}],"seed_played":"-4389164398396953968","potions_obtained":[{"floor":1,"key":"FocusPotion"},{"floor":7,"key":"FocusPotion"},{"floor":11,"key":"SpeedPotion"},{"floor":14,"key":"FocusPotion"},{"floor":28,"key":"SteroidPotion"},{"floor":31,"key":"SkillPotion"}],"is_trial":false,"path_per_floor":["M","M","$","?","M","R","E","M","T","R","M","$","M","E","R","B",null,"M","$","M","$","?","R","E","R","T","R","M","?","M","M","R"],"character_chosen":"DEFECT","items_purchased":["Darkness","Auto Shields","Hologram","DataDisk"],"campfire_rested":5,"item_purchase_floors":[3,12,12,19],"current_hp_per_floor":[75,69,69,57,54,54,26,12,12,34,23,23,21,18,40,6,75,56,56,55,55,55,55,7,29,29,51,43,43,32,29,51,0],"gold":103,"neow_bonus":"","is_prod":false,"is_daily":false,"chose_seed":false,"campfire_upgraded":2,"win_rate":0,"timestamp":1537899679,"path_taken":["M","M","$","?","M","R","E","M","T","R","M","$","M","E","R","BOSS","M","$","M","$","?","R","E","R","T","R","M","?","M","?","R","BOSS"],"build_version":"2018-09-20","purchased_purges":3,"victory":false,"max_hp_per_floor":[75,75,75,75,75,75,75,75,75,75,75,75,75,75,75,75,75,75,75,75,75,75,75,75,75,75,75,75,75,75,75,75,75],"card_choices":[{"not_picked":["Aggregate","Reinforced Body"],"picked":"Chill","floor":1},{"not_picked":["Streamline","Stack","Force Field"],"picked":"SKIP","floor":2},{"not_picked":["Go for the Eyes","Steam","Heatsinks"],"picked":"SKIP","floor":5},{"not_picked":["Self Repair","Aggregate"],"picked":"Coolheaded","floor":7},{"not_picked":["Stack","Aggregate","Turbo"],"picked":"SKIP","floor":8},{"not_picked":["Streamline","Compile Driver","Redo"],"picked":"SKIP","floor":11},{"not_picked":["Recycle","Sweeping Beam","Steam Power"],"picked":"SKIP","floor":13},{"not_picked":["Doom and Gloom","Fusion"],"picked":"Machine Learning","floor":14},{"not_picked":["Thunder Strike","Seek"],"picked":"Reboot","floor":16},{"not_picked":["Doom and Gloom","Hologram","Sweeping Beam"],"picked":"SKIP","floor":18},{"not_picked":["Compile Driver+1","Go for the Eyes"],"picked":"Cold Snap+1","floor":20},{"not_picked":["Chaos","Steam Power"],"picked":"Conserve Battery","floor":24},{"not_picked":["Sweeping Beam+1","Redo","Storm"],"picked":"SKIP","floor":28},{"not_picked":["Beam Cell","Rainbow","Leap"],"picked":"SKIP","floor":30},{"not_picked":["Barrage+1","Hello World","Reinforced Body"],"picked":"SKIP","floor":31}],"player_experience":47508,"relics_obtained":[{"floor":7,"key":"Old Coin"},{"floor":9,"key":"Emotion Chip"},{"floor":14,"key":"Omamori"},{"floor":24,"key":"Turnip"},{"floor":26,"key":"Orichalcum"}],"event_choices":[{"event_name":"Scrap Ooze","player_choice":"success","floor":4,"damage_taken":12},{"event_name":"Vampires","player_choice":"Ignored","floor":22,"damage_taken":0},{"event_name":"Purifier","player_choice":"One Purge","floor":29,"damage_taken":0}],"is_beta":false,"boss_relics":[{"not_picked":["Philosopher\u0027s Stone","Lizard Tail"],"picked":"FrozenCore"}],"items_purged_floors":[3,12,21],"is_endless":false,"potions_floor_spawned":[1,7,11,14,18,28,31],"killed_by":"Collector","ascension_level":3}