{"gold_per_floor":[109,127,127,145,145,156,175,203,203,203,203,32,45,71,71,149,149,160,170,90,90,100,100,100,100,100,111,111],"floor_reached":28,"playtime":658,"items_purged":["Strike_G"],"score":426,"play_id":"70f5cc71-954f-4691-9aa6-a27fe0530226","local_time":"20190112202525","is_ascension_mode":true,"campfire_choices":[{"data":"Cloak And Dagger","floor":11,"key":"SMITH"},{"data":"Deadly Poison","floor":15,"key":"SMITH"},{"data":"Deadly Poison","floor":23,"key":"SMITH"},{"floor":25,"key":"REST"}],"neow_cost":"NONE","seed_source_timestamp":74448068718097,"circlet_count":0,"master_deck":["AscendersBane","Defend_G","Defend_G","Defend_G","Defend_G","Defend_G","Strike_G","Strike_G","Strike_G","Strike_G","Survivor","Neutralize","Backstab","Crippling Poison+1","Footwork","Cloak And Dagger+1","Terror","Quick Slash","Parasite","Deadly Poison+1","Crippling Poison","Footwork","Adrenaline","Adrenaline","Backflip","PiercingWail+1","Escape Plan","Deadly Poison+1"],"relics":["Ring of the Snake","NeowsBlessing","Mercury Hourglass","Art of War","Juzu Bracelet","Runic Dome","PreservedInsect"],"potions_floor_usage":[7],"damage_taken":[{"damage":0,"enemies":"Jaw Worm","floor":1,"turns":1},{"damage":0,"enemies":"Cultist","floor":2,"turns":1},{"damage":0,"enemies":"2 Louse","floor":4,"turns":1},{"damage":1,"enemies":"Blue Slaver","floor":6,"turns":4},{"damage":7,"enemies":"2 Fungi Beasts","floor":7,"turns":4},{"damage":8,"enemies":"Lagavulin","floor":8,"turns":9},{"damage":0,"enemies":"3 Louse","floor":13,"turns":2},{"damage":25,"enemies":"3 Sentries","floor":14,"turns":6},{"damage":15,"enemies":"The Guardian","floor":16,"turns":10},{"damage":0,"enemies":"3 Byrds","floor":18,"turns":2},{"damage":21,"enemies":"Chosen","floor":19,"turns":5},{"damage":4,"enemies":"Centurion and Healer","floor":22,"turns":6},{"damage":0,"enemies":"Snecko","floor":27,"turns":5},{"damage":34,"enemies":"Chosen and Byrds","floor":28,"turns":5}],"seed_played":"4848701971751348359","potions_obtained":[{"floor":2,"key":"SkillPotion"},{"floor":7,"key":"Dexterity Potion"},{"floor":16,"key":"Dexterity Potion"}],"is_trial":false,"path_per_floor":["M","M","?","M","?","M","M","E","T","?","R","$","M","E","R","B",null,"M","M","$","?","M","R","?","R","T","M","M"],"character_chosen":"THE_SILENT","items_purchased":["Deadly Poison","Crippling Poison","Escape Plan"],"campfire_rested":1,"item_purchase_floors":[12,12,20],"current_hp_per_floor":[59,59,59,59,59,58,51,43,43,59,59,59,59,34,34,19,54,54,33,33,33,29,29,11,32,32,32,0],"gold":111,"neow_bonus":"THREE_ENEMY_KILL","is_prod":false,"is_daily":false,"chose_seed":false,"campfire_upgraded":3,"win_rate":0,"timestamp":1547324725,"path_taken":["M","M","?","?","?","M","M","E","T","?","R","$","M","E","R","BOSS","M","M","$","?","M","R","?","R","T","M","M"],"build_version":"2019-01-10","purchased_purges":1,"victory":false,"max_hp_per_floor":[66,66,66,66,66,66,66,66,66,66,66,66,66,66,66,66,66,66,66,66,66,66,66,71,71,71,71,71],"card_choices":[{"not_picked":["Dagger Throw","Tactician"],"picked":"Backstab","floor":1},{"not_picked":["Outmaneuver","Dodge and Roll"],"picked":"Crippling Poison","floor":2},{"not_picked":["Finisher","Flying Knee"],"picked":"Footwork","floor":4},{"not_picked":["Phantasmal Killer","Setup"],"picked":"Cloak And Dagger","floor":6},{"not_picked":["Reflex","Tactician"],"picked":"Terror","floor":7},{"not_picked":["Finisher","Concentrate"],"picked":"Quick Slash","floor":8},{"not_picked":["Flying Knee","Backstab"],"picked":"Footwork","floor":13},{"not_picked":["Slice","Dash"],"picked":"Adrenaline","floor":14},{"not_picked":["Doppelganger","Tools of the Trade"],"picked":"Adrenaline","floor":16},{"not_picked":["All Out Attack","Tactician"],"picked":"Backflip","floor":18},{"not_picked":["Dodge and Roll","Poisoned Stab"],"picked":"PiercingWail+1","floor":19},{"not_picked":["Dagger Spray","Distraction"],"picked":"Deadly Poison","floor":22},{"not_picked":["Endless Agony+1","Underhanded Strike","Die Die Die"],"picked":"SKIP","floor":27}],"player_experience":372142,"relics_obtained":[{"floor":8,"key":"Mercury Hourglass"},{"floor":9,"key":"Art of War"},{"floor":14,"key":"Juzu Bracelet"},{"floor":26,"key":"PreservedInsect"}],"event_choices":[{"damage_healed":0,"gold_gain":0,"player_choice":"Forge","damage_taken":0,"max_hp_gain":0,"max_hp_loss":0,"event_name":"Accursed Blacksmith","floor":3,"gold_loss":0,"cards_upgraded":["Crippling Poison"]},{"damage_healed":0,"gold_gain":0,"player_choice":"Ignored","damage_taken":0,"max_hp_gain":0,"max_hp_loss":0,"event_name":"Liars Game","floor":5,"gold_loss":0},{"damage_healed":16,"gold_gain":0,"player_choice":"Healed and dodged fight","damage_taken":0,"max_hp_gain":0,"max_hp_loss":0,"event_name":"Mushrooms","floor":10,"gold_loss":0,"cards_obtained":["Parasite"]},{"damage_healed":0,"gold_gain":0,"player_choice":"Ignored","damage_taken":0,"max_hp_gain":0,"max_hp_loss":0,"event_name":"Cursed Tome","floor":21,"gold_loss":0},{"damage_healed":0,"gold_gain":0,"player_choice":"Shed Blood","damage_taken":23,"max_hp_gain":5,"max_hp_loss":0,"event_name":"Forgotten Altar","floor":24,"gold_loss":0}],"is_beta":false,"boss_relics":[{"not_picked":["Philosopher\u0027s Stone","Ectoplasm"],"picked":"Runic Dome"}],"items_purged_floors":[12],"is_endless":false,"potions_floor_spawned":[2,7,16,19,22,27],"killed_by":"Chosen and Byrds","ascension_level":17}