{"gold_per_floor":[99,99,99,99,99,99,79,79,79,79,79,27,27,27,27,27,27,27,27,27,27,27,27,27,27,27,27,27,27,27,27,27,27,27,27,27,27,27,0,0,0],"floor_reached":41,"playtime":1514,"items_purged":[],"score":882,"play_id":"f7202025-fb7b-4720-b056-842510fc0084","local_time":"20190119002525","is_ascension_mode":true,"campfire_choices":[{"floor":10.0,"key":"REST"},{"floor":15.0,"key":"REST"},{"floor":24,"key":"REST"},{"floor":32,"key":"REST"},{"floor":40,"key":"REST"}],"neow_cost":"NONE","seed_source_timestamp":0,"circlet_count":0,"master_deck":["AscendersBane","Survivor+1","Neutralize","Dash+1","Masterful Stab","Masterful Stab","Cloak And Dagger","Terror","Slice","Deflect+1","Acrobatics+1","Footwork","Adrenaline+1","Cloak And Dagger+1","Acrobatics+1","Concentrate+1","Blur+1","PiercingWail+1","Cloak And Dagger+1","Acrobatics+1","Choke","Leg Sweep+1","Noxious Fumes","Tools of the Trade","Dash","Terror+1","Noxious Fumes","Tools of the Trade","Envenom","Expertise+1","Catalyst+1","Predator","Well Laid Plans","Bullet Time+1","Escape Plan+1","Catalyst+1"],"special_seed":0,"relics":["Ectoplasm","The Specimen","Pear","Toxic Egg 2","Bronze Scales","Pen Nib","Orrery","Centennial Puzzle","Pantograph","Omamori","Orichalcum","Pandora\u0027s Box","Red Mask"],"potions_floor_usage":[33,33],"damage_taken":[{"damage":10.0,"enemies":"2 Louse","floor":1.0,"turns":3.0},{"damage":0.0,"enemies":"Cultist","floor":3.0,"turns":4.0},{"damage":0.0,"enemies":"Small Slimes","floor":5.0,"turns":3.0},{"damage":20.0,"enemies":"3 Sentries","floor":6.0,"turns":9.0},{"damage":0.0,"enemies":"Looter","floor":7.0,"turns":2.0},{"damage":4.0,"enemies":"Large Slime","floor":8.0,"turns":6.0},{"damage":14.0,"enemies":"Lagavulin","floor":11.0,"turns":6.0},{"damage":5.0,"enemies":"3 Sentries","floor":13.0,"turns":8.0},{"damage":0.0,"enemies":"Blue Slaver","floor":14.0,"turns":3.0},{"damage":20.0,"enemies":"Slime Boss","floor":16.0,"turns":12.0},{"damage":0.0,"enemies":"3 Byrds","floor":18.0,"turns":3.0},{"damage":15.0,"enemies":"Colosseum Slavers","floor":19.0,"turns":6.0},{"damage":26,"enemies":"Slavers","floor":23,"turns":10},{"damage":11,"enemies":"Book of Stabbing","floor":25,"turns":6},{"damage":3,"enemies":"Shell Parasite","floor":27,"turns":4},{"damage":6,"enemies":"Centurion and Healer","floor":28,"turns":5},{"damage":0,"enemies":"Shelled Parasite and Fungi","floor":30,"turns":6},{"damage":54,"enemies":"Automaton","floor":33,"turns":12},{"damage":14,"enemies":"3 Darklings","floor":35,"turns":6},{"damage":3,"enemies":"Orb Walker","floor":36,"turns":3},{"damage":19,"enemies":"3 Darklings","floor":38,"turns":4},{"damage":63,"enemies":"Jaw Worm Horde","floor":41,"turns":4}],"seed_played":"-5456338923936359701","potions_obtained":[{"floor":1.0,"key":"Fire Potion"},{"floor":6.0,"key":"Swift Potion"},{"floor":11.0,"key":"SpeedPotion"},{"floor":14.0,"key":"Block Potion"},{"floor":27,"key":"PowerPotion"},{"floor":30,"key":"Swift Potion"},{"floor":33,"key":"LiquidBronze"},{"floor":36,"key":"EssenceOfSteel"}],"is_trial":false,"path_per_floor":["M","?","M","?","M","E","M","M","T","R","E","$","E","M","R","B",null,"M","?","?","?","?","E","R","E","T","M","M","T","M","$","R","B",null,"M","M","?","M","?","R","M"],"character_chosen":"THE_SILENT","items_purchased":["Deflect+1"],"campfire_rested":5,"item_purchase_floors":[12],"current_hp_per_floor":[49,29,29,29,29,19,19,15,15,37,23,23,18,18,40,20,62,62,47,47,47,47,21,43,32,32,29,23,23,23,23,45,16,61,47,44,44,25,25,47,0],"gold":0,"neow_bonus":"BOSS_RELIC","is_prod":false,"is_daily":false,"chose_seed":false,"campfire_upgraded":0,"win_rate":0,"timestamp":1547857525,"path_taken":["M","?","M","?","?","E","M","M","T","R","E","$","E","M","R","BOSS","M","?","?","?","?","E","R","E","T","?","?","?","M","$","R","BOSS","M","M","?","M","?","R","M"],"build_version":"2019-01-17v2","purchased_purges":0,"victory":false,"max_hp_per_floor":[66,66,66,66,66,76,76,76,76,76,76,76,76,76,76,76,76,76,76,76,76,76,76,76,76,76,76,76,76,76,76,76,76,76,76,76,76,76,76,76,76],"card_choices":[{"not_picked":["Distraction","Underhanded Strike"],"picked":"Dash","floor":1.0},{"not_picked":["Outmaneuver","Bane"],"picked":"Masterful Stab","floor":3.0},{"not_picked":["Calculated Gamble","Tactician"],"picked":"Masterful Stab","floor":5.0},{"not_picked":["Setup","Predator"],"picked":"Cloak And Dagger","floor":6.0},{"not_picked":["Calculated Gamble","Flying Knee"],"picked":"Terror","floor":7.0},{"not_picked":["Outmaneuver","All Out Attack","Flechettes"],"picked":"SKIP","floor":8.0},{"not_picked":["Distraction+1","Flying Knee"],"picked":"Slice","floor":11.0},{"not_picked":["Flying Knee","Phantasmal Killer+1"],"picked":"Acrobatics+1","floor":13.0},{"not_picked":["Prepared+1","Backstab"],"picked":"Footwork","floor":14.0},{"not_picked":["A Thousand Cuts","Envenom"],"picked":"Adrenaline+1","floor":16.0},{"not_picked":["Prepared+1","Flying Knee"],"picked":"Cloak And Dagger+1","floor":17.0},{"not_picked":["Masterful Stab","Blade Dance+1"],"picked":"Acrobatics+1","floor":17.0},{"not_picked":["Cloak And Dagger+1","Outmaneuver+1"],"picked":"Concentrate+1","floor":17.0},{"not_picked":["All Out Attack","Grand Finale"],"picked":"Blur+1","floor":17.0},{"not_picked":["Concentrate+1","Leg Sweep+1"],"picked":"PiercingWail+1","floor":18.0},{"not_picked":["Dodge and Roll+1","Underhanded Strike+1"],"picked":"Cloak And Dagger+1","floor":23},{"not_picked":["Bane","Dagger Spray"],"picked":"Acrobatics+1","floor":25},{"not_picked":["Eviscerate","Blade Dance+1"],"picked":"Choke","floor":27},{"not_picked":["PiercingWail+1","Dagger Spray"],"picked":"Leg Sweep+1","floor":28},{"not_picked":["Crippling Poison+1","Unload"],"picked":"Noxious Fumes","floor":30},{"not_picked":["Burst+1","Wraith Form v2"],"picked":"Tools of the Trade","floor":33},{"not_picked":["Blur+1","Bane"],"picked":"Escape Plan+1","floor":35},{"not_picked":["Crippling Poison+1","Heel Hook+1"],"picked":"Catalyst+1","floor":36},{"not_picked":["Dagger Spray+1","Acrobatics+1","Bane"],"picked":"SKIP","floor":38}],"player_experience":400752,"relics_obtained":[{"floor":6.0,"key":"Pear"},{"floor":9.0,"key":"Toxic Egg 2"},{"floor":11.0,"key":"Bronze Scales"},{"floor":13.0,"key":"Pen Nib"},{"floor":23,"key":"Centennial Puzzle"},{"floor":25,"key":"Pantograph"},{"floor":26,"key":"Omamori"},{"floor":29,"key":"Orichalcum"}],"event_choices":[{"damage_healed":0.0,"max_hp_gain":0.0,"max_hp_loss":0.0,"gold_gain":0.0,"event_name":"Shining Light","player_choice":"Entered Light","floor":2.0,"gold_loss":0.0,"damage_taken":20.0,"cards_upgraded":["Dash","Survivor"]},{"damage_healed":0.0,"max_hp_gain":0.0,"max_hp_loss":0.0,"gold_gain":0.0,"event_name":"WeMeetAgain","player_choice":"Gave Potion","floor":4.0,"gold_loss":0.0,"damage_taken":0.0,"relics_obtained":["The Specimen"]},{"damage_healed":0.0,"max_hp_gain":0.0,"max_hp_loss":0.0,"gold_gain":0.0,"event_name":"Colosseum","player_choice":"Fight","floor":19.0,"gold_loss":0.0,"damage_taken":0.0},{"damage_healed":0.0,"max_hp_gain":0.0,"max_hp_loss":0.0,"gold_gain":0.0,"event_name":"Colosseum","player_choice":"Fled From Nobs","floor":19.0,"gold_loss":0.0,"damage_taken":0.0},{"damage_healed":0.0,"max_hp_gain":0.0,"max_hp_loss":0.0,"gold_gain":0.0,"event_name":"Beggar","player_choice":"Ignored","floor":20.0,"gold_loss":0.0,"damage_taken":0.0},{"damage_healed":0.0,"max_hp_gain":0.0,"max_hp_loss":0.0,"gold_gain":0.0,"event_name":"The Mausoleum","player_choice":"Ignored","floor":21.0,"gold_loss":0.0,"damage_taken":0.0},{"damage_healed":0,"gold_gain":0,"player_choice":"Memory 1","damage_taken":0,"max_hp_gain":0,"max_hp_loss":0,"event_name":"SensoryStone","floor":37,"gold_loss":0},{"damage_healed":0,"gold_gain":0,"player_choice":"Paid","damage_taken":0,"relics_obtained":["Red Mask"],"max_hp_gain":0,"max_hp_loss":0,"event_name":"Tomb of Lord Red Mask","floor":39,"gold_loss":27}],"is_beta":false,"boss_relics":[{"not_picked":["Sozu","Lizard Tail"],"picked":"Orrery"},{"not_picked":["HoveringKite","Cursed Key"],"picked":"Pandora\u0027s Box"}],"items_purged_floors":[],"is_endless":false,"potions_floor_spawned":[1,6,11,14,19,27,30,33,36],"killed_by":"Jaw Worm Horde","ascension_level":18}