{"gold_per_floor":[114,114,4,4,27,27,40,40,111,111,134,134,134,209,209,333,333,347,92,92,111,126,164,164,164,164,164,195,220,236,250,250,378,378,392,392,411,88,104,104,117,117,142,142,142,157,157,498,498,498],"floor_reached":51,"playtime":783,"items_purged":["Strike_R","Strike_R","Corruption"],"score":730,"play_id":"a7a2927a-a548-43de-9cb1-f0f8a708ec57","local_time":"20180909204044","is_ascension_mode":false,"campfire_choices":[{"data":"Uppercut","floor":6,"key":"SMITH"},{"data":"Evolve","floor":8,"key":"SMITH"},{"data":"Second Wind","floor":10,"key":"SMITH"},{"data":"Double Tap","floor":12,"key":"SMITH"},{"data":"Bash","floor":15,"key":"SMITH"},{"data":"Sentinel","floor":24,"key":"SMITH"},{"floor":32,"key":"REST"},{"data":"Shrug It Off","floor":40,"key":"SMITH"},{"floor":44,"key":"REST"},{"floor":49,"key":"REST"}],"neow_cost":"NONE","seed_source_timestamp":9853184649943,"circlet_count":0,"master_deck":["Defend_R+1","Defend_R","Defend_R+1","Bash+1","Second Wind+1","Evolve+1","Whirlwind+1","Double Tap+1","Immolate+1","Sentinel+1","Pommel Strike+1","Disarm+1","Necronomicurse","Dropkick+1","Thunderclap+1","Immolate+1","Immolate+1","Shrug It Off+1","Feel No Pain+1"],"relics":["Burning Blood","Golden Idol","Molten Egg 2","Letter Opener","Empty Cage","Vajra","Nunchaku","Necronomicon","Frozen Egg 2","War Paint","Mark of Pain","Sundial","Happy Flower","Old Coin"],"potions_floor_usage":[16,18,48,50,50],"damage_taken":[{"damage":6,"enemies":"Jaw Worm","floor":1,"turns":3},{"damage":0,"enemies":"Small Slimes","floor":5,"turns":3},{"damage":0,"enemies":"Cultist","floor":7,"turns":3},{"damage":10,"enemies":"Exordium Thugs","floor":11,"turns":3},{"damage":42,"enemies":"Slime Boss","floor":16,"turns":7},{"damage":20,"enemies":"2 Thieves","floor":18,"turns":2},{"damage":5,"enemies":"Shell Parasite","floor":21,"turns":3},{"damage":16,"enemies":"Snake Plant","floor":22,"turns":4},{"damage":7,"enemies":"Slavers","floor":23,"turns":2},{"damage":15,"enemies":"Book of Stabbing","floor":28,"turns":5},{"damage":7,"enemies":"Centurion and Healer","floor":29,"turns":2},{"damage":0,"enemies":"3 Cultists","floor":30,"turns":1},{"damage":10,"enemies":"Cultist and Chosen","floor":31,"turns":3},{"damage":42,"enemies":"Champ","floor":33,"turns":7},{"damage":0,"enemies":"3 Darklings","floor":35,"turns":1},{"damage":11,"enemies":"Orb Walker","floor":37,"turns":3},{"damage":9,"enemies":"Reptomancer","floor":39,"turns":3},{"damage":12,"enemies":"Maw","floor":41,"turns":4},{"damage":22,"enemies":"4 Shapes","floor":46,"turns":2},{"damage":7,"enemies":"2 Orb Walkers","floor":48,"turns":2},{"damage":39,"enemies":"Donu and Deca","floor":50,"turns":4}],"seed_played":"-5350803266656467293","potions_obtained":[{"floor":5,"key":"BloodPotion"},{"floor":11,"key":"Swift Potion"},{"floor":21,"key":"Strength Potion"},{"floor":22,"key":"Poison Potion"},{"floor":23,"key":"LiquidBronze"}],"is_trial":false,"path_per_floor":["M","?","$","T","M","R","M","R","T","R","M","R","$","?","R","B",null,"M","$","?","M","M","E","R","?","T","?","E","M","M","M","R","B",null,"M","T","M","$","M","R","M","$","T","R","?","M","?","E","R","B"],"character_chosen":"IRONCLAD","items_purchased":["Evolve","Vajra","Immolate+1","Shrug It Off"],"campfire_rested":3,"item_purchase_floors":[3,19,38,38],"current_hp_per_floor":[80,74,74,74,74,74,74,74,74,74,70,70,70,59,59,23,74,67,67,67,68,58,57,57,41,41,41,32,31,37,33,55,19,74,74,74,69,69,66,66,60,60,60,74,70,54,54,53,70,37],"gold":498,"neow_bonus":"TRANSFORM_CARD","is_prod":false,"is_daily":false,"chose_seed":false,"campfire_upgraded":7,"win_rate":0,"timestamp":1536522044,"path_taken":["M","?","$","?","M","R","M","R","T","R","?","R","$","?","R","BOSS","M","$","?","M","M","E","R","?","T","?","E","M","?","M","R","BOSS","M","?","M","$","M","R","M","$","T","R","?","M","?","E","R","BOSS"],"build_version":"2018-09-06","purchased_purges":3,"victory":true,"max_hp_per_floor":[80,74,74,74,74,74,74,74,74,74,74,74,74,74,74,74,74,74,74,74,74,74,74,74,74,74,74,74,74,74,74,74,74,74,74,74,74,74,74,74,74,74,74,74,70,70,70,70,70,70],"card_choices":[{"not_picked":["Cleave","Sword Boomerang"],"picked":"Uppercut","floor":1},{"not_picked":["Cleave+1","Iron Wave+1"],"picked":"Whirlwind+1","floor":5},{"not_picked":["Headbutt+1","Sword Boomerang+1","Infernal Blade"],"picked":"SKIP","floor":7},{"not_picked":["Evolve","Heavy Blade+1"],"picked":"Double Tap","floor":11},{"not_picked":["Bludgeon+1","Impervious"],"picked":"Immolate+1","floor":16},{"not_picked":["Iron Wave+1","Fire Breathing"],"picked":"Sentinel","floor":18},{"not_picked":["Shockwave","Hemokinesis+1"],"picked":"Pommel Strike+1","floor":21},{"not_picked":["Perfected Strike+1","Entrench","Cleave+1"],"picked":"SKIP","floor":22},{"not_picked":["Heavy Blade+1","Headbutt+1"],"picked":"Disarm+1","floor":23},{"not_picked":["Disarm","Burning Pact","Thunderclap+1"],"picked":"SKIP","floor":28},{"not_picked":["Rampage+1","Twin Strike+1","Blood for Blood+1"],"picked":"SKIP","floor":29},{"not_picked":["Iron Wave+1","Warcry"],"picked":"Dropkick+1","floor":30},{"not_picked":["Iron Wave+1","Body Slam+1"],"picked":"Thunderclap+1","floor":31},{"not_picked":["Exhume","Limit Break"],"picked":"Immolate+1","floor":33},{"not_picked":["Combust+1","Sentinel+1","Shockwave+1"],"picked":"SKIP","floor":35},{"not_picked":["Combust+1","Sword Boomerang+1","Flame Barrier"],"picked":"SKIP","floor":37},{"not_picked":["Havoc+1","Perfected Strike+1","Iron Wave+1"],"picked":"SKIP","floor":39},{"not_picked":["Ghostly Armor+1","Anger+1","Havoc"],"picked":"SKIP","floor":41},{"not_picked":["Iron Wave+1","Sentinel+1","Uppercut+1"],"picked":"SKIP","floor":46},{"not_picked":["Entrench","Impervious"],"picked":"Feel No Pain+1","floor":48}],"player_experience":31455,"relics_obtained":[{"floor":4,"key":"Molten Egg 2"},{"floor":9,"key":"Letter Opener"},{"floor":23,"key":"Nunchaku"},{"floor":25,"key":"Necronomicon"},{"floor":26,"key":"Frozen Egg 2"},{"floor":28,"key":"War Paint"},{"floor":36,"key":"Sundial"},{"floor":43,"key":"Happy Flower"},{"floor":48,"key":"Old Coin"}],"event_choices":[{"event_name":"Golden Idol","player_choice":"Lose Max HP","floor":2,"damage_taken":0},{"event_name":"World of Goop","player_choice":"Gather Gold","floor":14,"damage_taken":0},{"event_name":"Transmorgrifier","player_choice":"Transform","floor":20,"damage_taken":0},{"event_name":"Cursed Tome","player_choice":"Obtained Book","floor":25,"damage_taken":0},{"event_name":"N\u0027loth","player_choice":"Ignored","floor":27,"damage_taken":0},{"event_name":"Winding Halls","player_choice":"Max HP","floor":45,"damage_taken":0},{"event_name":"Falling","player_choice":"Removed Attack","floor":47,"damage_taken":0}],"is_beta":false,"boss_relics":[{"not_picked":["Black Blood","Philosopher\u0027s Stone"],"picked":"Empty Cage"},{"not_picked":["Black Star","Fusion Hammer"],"picked":"Mark of Pain"}],"items_purged_floors":[3,19,38],"is_endless":false,"potions_floor_spawned":[5,11,21,22,23,29,33,39,41],"ascension_level":0}