{"gold_per_floor":[110,121,136,153,44,74,74,103,103,120,120,120,134,134,134,231,231,245,7,17,17,17,17,42,52,100,100,19,19,46,58,70,184,196,220,1231,1243,802,812,824,824,824,872,872,890,890,345,364,364,364],"floor_reached":51,"playtime":3263,"items_purged":["Doubt","Strike_G","Dagger Spray","Dagger Spray"],"score":1122,"play_id":"1bdd3fb6-3b73-40e0-ab3f-4b4628d0594d","local_time":"20190125222152","is_ascension_mode":true,"campfire_choices":[{"floor":7.0,"key":"REST"},{"floor":11.0,"key":"REST"},{"data":"Footwork","floor":15.0,"key":"SMITH"},{"data":"Neutralize","floor":23.0,"key":"SMITH"},{"floor":27.0,"key":"REST"},{"floor":32.0,"key":"REST"},{"floor":41.0,"key":"REST"},{"floor":49.0,"key":"REST"}],"neow_cost":"CURSE","seed_source_timestamp":0,"circlet_count":0,"master_deck":["AscendersBane","Defend_G+1","Defend_G+1","Defend_G+1","Defend_G+1","Defend_G+1","Strike_G+1","Survivor","Neutralize+1","Unload","Dagger Throw","Footwork+1","Skewer","Backstab","Caltrops","Dodge and Roll","Deflect","Bullet Time","Blur","Backstab","Caltrops","Cloak And Dagger","Well Laid Plans","Backstab","Cloak And Dagger+1","Footwork","Cloak And Dagger+1","Night Terror+1","Crippling Poison+1","Footwork","Noxious Fumes+1","PiercingWail","Panache","Cloak And Dagger+1","Dodge and Roll","Master of Strategy","Deflect+1"],"special_seed":0,"relics":["Ring of the Snake","Bronze Scales","Blood Vial","Darkstone Periapt","Sozu","StoneCalendar","Oddly Smooth Stone","MawBank","Omamori","Philosopher\u0027s Stone","Turnip","Bag of Marbles","Membership Card","Ice Cream"],"potions_floor_usage":[],"damage_taken":[{"damage":5.0,"enemies":"Cultist","floor":1.0,"turns":6.0},{"damage":0.0,"enemies":"Jaw Worm","floor":2.0,"turns":4.0},{"damage":0.0,"enemies":"2 Louse","floor":3.0,"turns":3.0},{"damage":5.0,"enemies":"2 Fungi Beasts","floor":4.0,"turns":3.0},{"damage":32.0,"enemies":"3 Sentries","floor":6.0,"turns":7.0},{"damage":11.0,"enemies":"Gremlin Nob","floor":8.0,"turns":4.0},{"damage":8.0,"enemies":"Exordium Thugs","floor":10.0,"turns":4.0},{"damage":7.0,"enemies":"Red Slaver","floor":13.0,"turns":3.0},{"damage":25.0,"enemies":"Hexaghost","floor":16.0,"turns":9.0},{"damage":7.0,"enemies":"Shell Parasite","floor":18.0,"turns":6.0},{"damage":6.0,"enemies":"2 Thieves","floor":20.0,"turns":2.0},{"damage":8.0,"enemies":"Book of Stabbing","floor":24.0,"turns":5.0},{"damage":17.0,"enemies":"3 Cultists","floor":25.0,"turns":7.0},{"damage":26.0,"enemies":"Gremlin Leader","floor":30.0,"turns":7.0},{"damage":34.0,"enemies":"Collector","floor":33.0,"turns":15.0},{"damage":0.0,"enemies":"3 Darklings","floor":35.0,"turns":6.0},{"damage":14.0,"enemies":"3 Shapes","floor":39.0,"turns":6.0},{"damage":19.0,"enemies":"Writhing Mass","floor":40.0,"turns":6.0},{"damage":8.0,"enemies":"Sphere and 2 Shapes","floor":45.0,"turns":7.0},{"damage":19.0,"enemies":"Spire Growth","floor":48.0,"turns":6.0},{"damage":22,"enemies":"Donu and Deca","floor":50,"turns":11}],"seed_played":"-8475344419578158131","potions_obtained":[{"floor":6.0,"key":"Block Potion"},{"floor":10.0,"key":"Explosive Potion"},{"floor":13.0,"key":"Strength Potion"},{"floor":16.0,"key":"GhostInAJar"}],"is_trial":false,"path_per_floor":["M","M","M","M","$","E","R","E","T","M","R","?","M","?","R","B",null,"M","$","M","?","?","R","E","M","T","R","$","?","E","T","R","B",null,"M","?","?","$","M","M","R","?","T","?","M","?","$","M","R","B",null],"character_chosen":"THE_SILENT","items_purchased":["Skewer","Backstab","Caltrops","Footwork","Footwork","Turnip","Membership Card","Dodge and Roll","Ice Cream","Master of Strategy"],"campfire_rested":6,"item_purchase_floors":[5,19,19,28,38,38,47,47,47,47],"current_hp_per_floor":[58,58,58,53,53,21,42,31,31,25,46,46,41,41,41,18,57,52,52,48,48,48,48,42,27,27,48,48,48,24,24,45,13,56,58,58,58,58,46,29,50,50,50,50,44,44,44,27,48,28],"gold":364,"neow_bonus":"THREE_RARE_CARDS","is_prod":false,"is_daily":false,"chose_seed":false,"campfire_upgraded":2,"win_rate":0,"timestamp":1548472912,"path_taken":["M","M","?","M","$","E","R","E","T","M","R","?","M","?","R","BOSS","M","$","M","?","?","R","E","?","T","R","?","?","E","?","R","BOSS","M","?","?","$","?","M","R","?","T","?","?","?","$","M","R","BOSS"],"build_version":"2019-01-23","purchased_purges":4,"victory":true,"max_hp_per_floor":[70,70,70,70,70,70,70,70,70,70,70,70,70,70,70,70,70,70,70,70,70,70,70,70,70,70,70,70,70,70,70,70,70,70,70,70,70,70,70,70,70,70,70,70,70,70,70,70,70,70],"card_choices":[{"not_picked":["Envenom","Grand Finale"],"picked":"Unload","floor":0.0},{"not_picked":["Underhanded Strike","Terror"],"picked":"Flying Knee","floor":1.0},{"not_picked":["Acrobatics","Dodge and Roll"],"picked":"Dagger Throw","floor":2.0},{"not_picked":["Acrobatics","Catalyst"],"picked":"Dagger Spray","floor":3.0},{"not_picked":["Choke","Well Laid Plans"],"picked":"Footwork","floor":4.0},{"not_picked":["Dagger Spray","Cloak And Dagger"],"picked":"Backstab","floor":6.0},{"not_picked":["Venomology","Flying Knee"],"picked":"Caltrops","floor":8.0},{"not_picked":["Sucker Punch","Outmaneuver","Slice"],"picked":"SKIP","floor":10.0},{"not_picked":["Finisher","Concentrate"],"picked":"Deflect","floor":13.0},{"not_picked":["Envenom","Phantasmal Killer"],"picked":"Bullet Time","floor":16.0},{"not_picked":["Distraction","Sucker Punch+1"],"picked":"Blur","floor":18.0},{"not_picked":["Underhanded Strike","Bane","Expertise"],"picked":"SKIP","floor":20.0},{"not_picked":["Quick Slash+1","Unload"],"picked":"Cloak And Dagger+1","floor":24.0},{"not_picked":["Sucker Punch","Dagger Spray","Bane"],"picked":"SKIP","floor":25.0},{"not_picked":["Bouncing Flask","Envenom"],"picked":"Cloak And Dagger+1","floor":30.0},{"not_picked":["Die Die Die","Grand Finale"],"picked":"Night Terror","floor":33.0},{"not_picked":["Terror","Sucker Punch+1"],"picked":"Crippling Poison+1","floor":35.0},{"not_picked":["Blade Dance","Dagger Spray"],"picked":"Noxious Fumes+1","floor":39.0},{"not_picked":["Finisher+1","Doppelganger"],"picked":"PiercingWail","floor":40.0},{"not_picked":["Enlightenment","Dramatic Entrance"],"picked":"Panache","floor":42.0},{"not_picked":["Masterful Stab","PiercingWail+1"],"picked":"Cloak And Dagger+1","floor":45.0},{"not_picked":["Terror+1","Infinite Blades"],"picked":"Deflect+1","floor":48.0}],"player_experience":379194,"relics_obtained":[{"floor":6.0,"key":"Bronze Scales"},{"floor":8.0,"key":"Blood Vial"},{"floor":9.0,"key":"Darkstone Periapt"},{"floor":24.0,"key":"StoneCalendar"},{"floor":26.0,"key":"Oddly Smooth Stone"},{"floor":30.0,"key":"MawBank"},{"floor":31.0,"key":"Omamori"},{"floor":43.0,"key":"Bag of Marbles"}],"event_choices":[{"damage_healed":0.0,"max_hp_gain":0.0,"max_hp_loss":0.0,"gold_gain":0.0,"cards_transformed":["Strike_G"],"event_name":"Living Wall","player_choice":"Change","floor":12.0,"gold_loss":0.0,"damage_taken":0.0,"cards_obtained":["Dodge and Roll"]},{"damage_healed":0.0,"max_hp_gain":0.0,"max_hp_loss":0.0,"gold_gain":0.0,"event_name":"Scrap Ooze","player_choice":"Fled","floor":14.0,"gold_loss":0.0,"damage_taken":0.0},{"damage_healed":0.0,"max_hp_gain":0.0,"max_hp_loss":0.0,"gold_gain":0.0,"cards_transformed":["Strike_G","Strike_G"],"event_name":"Drug Dealer","player_choice":"Became Test Subject","floor":21.0,"gold_loss":0.0,"damage_taken":0.0,"cards_obtained":["Cloak And Dagger","Well Laid Plans"]},{"damage_healed":0.0,"max_hp_gain":0.0,"max_hp_loss":0.0,"gold_gain":0.0,"event_name":"Match and Keep!","player_choice":"2 cards matched","floor":22.0,"gold_loss":0.0,"damage_taken":0.0,"cards_obtained":["Dagger Spray","Backstab"]},{"damage_healed":0.0,"max_hp_gain":0.0,"max_hp_loss":0.0,"gold_gain":0.0,"event_name":"Back to Basics","player_choice":"Simplicity","floor":29.0,"gold_loss":0.0,"damage_taken":0.0,"cards_upgraded":["Defend_G","Defend_G","Defend_G","Defend_G","Defend_G","Strike_G"]},{"damage_healed":0.0,"max_hp_gain":0.0,"max_hp_loss":0.0,"gold_gain":999.0,"event_name":"MindBloom","player_choice":"Gold","floor":36.0,"gold_loss":0.0,"damage_taken":0.0,"cards_obtained":["Normality","Normality"]},{"damage_healed":0.0,"max_hp_gain":0.0,"max_hp_loss":0.0,"gold_gain":0.0,"event_name":"Accursed Blacksmith","player_choice":"Forge","floor":37.0,"gold_loss":0.0,"damage_taken":0.0,"cards_upgraded":["Night Terror"]},{"damage_healed":0.0,"max_hp_gain":0.0,"max_hp_loss":0.0,"gold_gain":0.0,"event_name":"SensoryStone","player_choice":"Memory 1","floor":42.0,"gold_loss":0.0,"damage_taken":0.0},{"cards_removed":["Flying Knee"],"damage_healed":0.0,"max_hp_gain":0.0,"max_hp_loss":0.0,"gold_gain":0.0,"event_name":"Falling","player_choice":"Removed Attack","floor":44.0,"gold_loss":0.0,"damage_taken":0.0},{"damage_healed":0.0,"max_hp_gain":0.0,"max_hp_loss":0.0,"gold_gain":0.0,"event_name":"Tomb of Lord Red Mask","player_choice":"Ignored","floor":46.0,"gold_loss":0.0,"damage_taken":0.0}],"is_beta":false,"boss_relics":[{"not_picked":["WristBlade","Eternal Feather"],"picked":"Sozu"},{"not_picked":["White Beast Statue","Coffee Dripper"],"picked":"Philosopher\u0027s Stone"}],"items_purged_floors":[5,19,38,47],"is_endless":false,"potions_floor_spawned":[6,10,13,16,20,24,30,40,48],"ascension_level":11}