{"gold_per_floor":[119,129,142,142,67,67,67,67,67,80,100,129,29,29,29,132,132,144,19,34,45,45,45,110,110,110,110,110,133,177,189,201,316,328,352,374,405,172,188,188,13,13,13,0,0,0,0,19,19,19],"floor_reached":51,"playtime":1271,"items_purged":["Strike_B","Strike_B","Defend_B","Defend_B","Defend_B"],"score":965,"play_id":"68a2f834-8340-4c47-b02c-0bc2f99c1a3a","local_time":"20181030170623","is_ascension_mode":true,"campfire_choices":[{"data":"Apotheosis","floor":6,"key":"SMITH"},{"data":"Bandage Up","floor":8,"key":"SMITH"},{"floor":15,"key":"REST"},{"floor":23,"key":"REST"},{"floor":25,"key":"REST"},{"floor":27,"key":"REST"},{"floor":32,"key":"REST"},{"floor":40,"key":"REST"},{"floor":42,"key":"REST"},{"floor":45,"key":"REST"},{"floor":47,"key":"REST"},{"floor":49,"key":"REST"}],"neow_cost":"PERCENT_DAMAGE","seed_source_timestamp":3491684388144,"circlet_count":0,"master_deck":["Apotheosis+1","Bandage Up+1","Hologram","Rip and Tear","Sweeping Beam","Cold Snap","Streamline","Echo Form","Coolheaded+1","Cold Snap+1","Jack Of All Trades","Fission","FTL+1","Defragment+1","All For One+1","BootSequence+1","Flash of Steel+1","Capacitor","Impatience","Flash of Steel+1"],"relics":["Cracked Core","Happy Flower","Shuriken","Fusion Hammer","Tiny Chest","Matryoshka","MawBank","DataDisk","Molten Egg 2","Astrolabe","Bronze Scales","Oddly Smooth Stone","Red Mask"],"potions_floor_usage":[10,12,18,21,21,50,50,50],"damage_taken":[{"damage":0,"enemies":"Cultist","floor":1,"turns":3},{"damage":20,"enemies":"Small Slimes","floor":2,"turns":4},{"damage":2,"enemies":"Jaw Worm","floor":3,"turns":3},{"damage":3,"enemies":"Lots of Slimes","floor":10,"turns":2},{"damage":8,"enemies":"3 Louse","floor":11,"turns":3},{"damage":18,"enemies":"Gremlin Nob","floor":12,"turns":3},{"damage":16,"enemies":"Slime Boss","floor":16,"turns":6},{"damage":3,"enemies":"Chosen","floor":18,"turns":4},{"damage":19,"enemies":"Shell Parasite","floor":20,"turns":4},{"damage":20,"enemies":"Snake Plant","floor":21,"turns":3},{"damage":30,"enemies":"Book of Stabbing","floor":24,"turns":5},{"damage":7,"enemies":"Gremlin Leader","floor":30,"turns":6},{"damage":56,"enemies":"Collector","floor":33,"turns":8},{"damage":29,"enemies":"3 Shapes","floor":35,"turns":4},{"damage":6,"enemies":"Orb Walker","floor":36,"turns":3},{"damage":0,"enemies":"Transient","floor":37,"turns":5},{"damage":29,"enemies":"4 Shapes","floor":39,"turns":6},{"damage":20,"enemies":"Spire Growth","floor":48,"turns":3},{"damage":53,"enemies":"Donu and Deca","floor":50,"turns":6}],"seed_played":"4007417454468330409","potions_obtained":[{"floor":1,"key":"SkillPotion"},{"floor":2,"key":"Explosive Potion"},{"floor":10,"key":"SneckoOil"},{"floor":16,"key":"Weak Potion"},{"floor":18,"key":"PowerPotion"},{"floor":24,"key":"Dexterity Potion"},{"floor":33,"key":"FearPotion"},{"floor":37,"key":"FearPotion"},{"floor":39,"key":"Block Potion"},{"floor":48,"key":"PowerPotion"}],"is_trial":false,"path_per_floor":["M","M","M","?","$","R","?","R","T","M","M","E","$","$","R","B",null,"M","$","M","M","?","R","E","R","T","R","?","T","E","?","R","B",null,"M","M","M","$","M","R","$","R","T","?","R","?","R","M","R","B"],"character_chosen":"DEFECT","items_purchased":["Flash of Steel+1"],"campfire_rested":10,"item_purchase_floors":[38],"current_hp_per_floor":[56,40,42,42,42,42,42,42,42,45,43,31,31,31,53,43,67,70,70,56,48,34,58,34,58,58,80,80,80,73,57,80,30,68,51,51,57,57,34,58,58,80,80,80,80,70,80,60,80,27],"gold":19,"neow_bonus":"RANDOM_COLORLESS_2","is_prod":false,"is_daily":false,"chose_seed":false,"campfire_upgraded":2,"win_rate":0,"timestamp":1540919183,"path_taken":["M","M","?","?","$","R","?","R","T","M","M","E","?","$","R","BOSS","M","$","M","M","?","R","E","R","T","R","?","?","E","?","R","BOSS","M","M","M","$","M","R","$","R","T","?","R","?","R","?","R","BOSS"],"build_version":"2018-10-25v2","purchased_purges":5,"victory":true,"max_hp_per_floor":[75,75,75,75,75,75,75,75,75,75,75,75,75,75,75,75,75,75,75,75,75,80,80,80,80,80,80,80,80,80,80,80,80,80,80,80,80,80,80,80,80,80,80,80,80,80,80,80,80,80],"card_choices":[{"not_picked":["Steam","Stack"],"picked":"Hologram","floor":1},{"not_picked":["Recycle","Melter"],"picked":"Rip and Tear","floor":2},{"not_picked":["Streamline","Gash"],"picked":"Sweeping Beam","floor":3},{"not_picked":["Barrage","Meteor Strike","Redo"],"picked":"SKIP","floor":10},{"not_picked":["Undo","Barrage"],"picked":"Cold Snap","floor":11},{"not_picked":["Heatsinks","Darkness"],"picked":"Streamline","floor":12},{"not_picked":["Seek","Creative AI"],"picked":"Echo Form","floor":16},{"not_picked":["Ball Lightning","Hologram","Undo"],"picked":"SKIP","floor":18},{"not_picked":["Storm","Ball Lightning"],"picked":"Coolheaded+1","floor":20},{"not_picked":["Rebound","Sweeping Beam","Blizzard+1"],"picked":"SKIP","floor":21},{"not_picked":["Reinforced Body","Echo Form"],"picked":"Cold Snap+1","floor":24},{"not_picked":["Turbo","Barrage","Undo+1"],"picked":"SKIP","floor":30},{"not_picked":["Amplify","Echo Form"],"picked":"Fission","floor":33},{"not_picked":["Storm","BootSequence+1","Compile Driver+1"],"picked":"SKIP","floor":35},{"not_picked":["Storm","Compile Driver+1"],"picked":"BootSequence+1","floor":35},{"not_picked":["Aggregate","Steam","Leap"],"picked":"SKIP","floor":36},{"not_picked":["Lockon+1","Stack+1","Conserve Battery"],"picked":"SKIP","floor":37},{"not_picked":["Conserve Battery+1","Sunder+1"],"picked":"Capacitor","floor":39},{"not_picked":["Swift Strike+1","The Bomb"],"picked":"Impatience","floor":46},{"not_picked":["Master of Strategy","The Bomb"],"picked":"Flash of Steel+1","floor":46},{"not_picked":["Self Repair+1","Coolheaded","Leap"],"picked":"SKIP","floor":48}],"player_experience":90819,"relics_obtained":[{"floor":9,"key":"Happy Flower"},{"floor":12,"key":"Shuriken"},{"floor":24,"key":"Tiny Chest"},{"floor":26,"key":"Matryoshka"},{"floor":29,"key":"MawBank"},{"floor":29,"key":"DataDisk"},{"floor":30,"key":"Molten Egg 2"},{"floor":43,"key":"Bronze Scales"},{"floor":43,"key":"Oddly Smooth Stone"}],"event_choices":[{"cards_removed":["Strike_B"],"damage_healed":0,"gold_gain":0,"player_choice":"Forget","damage_taken":0,"max_hp_gain":0,"max_hp_loss":0,"event_name":"Living Wall","floor":4,"gold_loss":0},{"damage_healed":0,"gold_gain":0,"player_choice":"Fled","damage_taken":0,"max_hp_gain":0,"max_hp_loss":0,"event_name":"Scrap Ooze","floor":7,"gold_loss":0},{"damage_healed":0,"gold_gain":0,"player_choice":"Shed Blood","damage_taken":19,"max_hp_gain":5,"max_hp_loss":0,"event_name":"Forgotten Altar","floor":22,"gold_loss":0},{"cards_removed":["Strike_B"],"damage_healed":0,"gold_gain":0,"player_choice":"Purged","damage_taken":0,"max_hp_gain":0,"max_hp_loss":0,"event_name":"Purifier","floor":28,"gold_loss":0},{"damage_healed":0,"gold_gain":0,"player_choice":"CARD ","damage_taken":16,"max_hp_gain":0,"max_hp_loss":0,"event_name":"Knowing Skull","floor":31,"potions_obtained":[],"gold_loss":0,"cards_obtained":["Jack Of All Trades"]},{"damage_healed":0,"gold_gain":0,"player_choice":"Paid","damage_taken":0,"relics_obtained":["Red Mask"],"max_hp_gain":0,"max_hp_loss":0,"event_name":"Tomb of Lord Red Mask","floor":44,"gold_loss":13},{"damage_healed":0,"gold_gain":0,"player_choice":"Memory 3","damage_taken":10,"max_hp_gain":0,"max_hp_loss":0,"event_name":"SensoryStone","floor":46,"gold_loss":0}],"is_beta":false,"boss_relics":[{"not_picked":["Velvet Choker","Philosopher\u0027s Stone"],"picked":"Fusion Hammer"},{"not_picked":["Orrery","Lizard Tail"],"picked":"Astrolabe"}],"items_purged_floors":[5,13,19,38,41],"is_endless":false,"potions_floor_spawned":[1,2,10,16,18,24,33,37,39,48],"ascension_level":9}