{"gold_per_floor":[115,129,142,160,160,160,85,85,166,185,218,218,239,239,239,362,362,376,390,218,239,239,239,254,254,254,295,318,318,343,356,356,486,486,507,69,69,1068,1068,1068,1094,1110,1183,1197,1197,1197,1210,38,38,38],"floor_reached":51,"playtime":3819,"items_purged":["Injury","Strike_B","Decay"],"score":962,"play_id":"9ff19dac-399b-4dae-af14-afa2241a55b0","local_time":"20190129182043","is_ascension_mode":true,"campfire_choices":[{"data":"Zap","floor":6,"key":"SMITH"},{"data":"Tempest","floor":12,"key":"SMITH"},{"data":"White Noise","floor":15,"key":"SMITH"},{"data":"Buffer","floor":23,"key":"SMITH"},{"data":"Capacitor","floor":25,"key":"SMITH"},{"data":"Loop","floor":29,"key":"SMITH"},{"data":"Rainbow","floor":32,"key":"SMITH"},{"data":"Defragment","floor":40,"key":"SMITH"},{"data":"Defragment","floor":45,"key":"SMITH"},{"floor":49,"key":"REST"}],"neow_cost":"NONE","seed_source_timestamp":1641259053285727,"circlet_count":0,"master_deck":["Defend_B","Defend_B","Defend_B","Defend_B","Zap+1","Dualcast+1","Rainbow+1","Streamline","Steam","Coolheaded","Cold Snap","Capacitor+1","Tempest+1","White Noise+1","Buffer+1","Rebound+1","Echo Form","Conserve Battery","Genetic Algorithm","Loop+1","Biased Cognition","Sunder+1","Creative AI","Hologram+1","Defragment+1","White Noise","Panache","Panacea","Impatience","Defragment+1","Reinforced Body","Defragment+1","Panacea","White Noise"],"relics":["FrozenCore","Golden Idol","Meat on the Bone","Bronze Scales","Mercury Hourglass","Potion Belt","Inserter","DataDisk","Omamori","Pen Nib","Blue Candle","Thread and Needle","Letter Opener","DollysMirror"],"potions_floor_usage":[4,10,11,16,27,28,31,33,50,50],"damage_taken":[{"damage":3,"enemies":"Cultist","floor":1,"turns":4},{"damage":5,"enemies":"Small Slimes","floor":2,"turns":3},{"damage":0,"enemies":"2 Louse","floor":3,"turns":1},{"damage":0,"enemies":"2 Fungi Beasts","floor":4,"turns":2},{"damage":0,"enemies":"Large Slime","floor":10,"turns":2},{"damage":13,"enemies":"Lagavulin","floor":11,"turns":5},{"damage":4,"enemies":"3 Louse","floor":13,"turns":2},{"damage":38,"enemies":"Slime Boss","floor":16,"turns":9},{"damage":0,"enemies":"Spheric Guardian","floor":18,"turns":5},{"damage":7,"enemies":"Shell Parasite","floor":19,"turns":6},{"damage":10,"enemies":"Snecko","floor":21,"turns":6},{"damage":10,"enemies":"Cultist and Chosen","floor":24,"turns":6},{"damage":22,"enemies":"Book of Stabbing","floor":27,"turns":6},{"damage":8,"enemies":"Snake Plant","floor":28,"turns":4},{"damage":0,"enemies":"3 Cultists","floor":30,"turns":4},{"damage":10,"enemies":"Chosen and Byrds","floor":31,"turns":5},{"damage":0,"enemies":"Collector","floor":33,"turns":10},{"damage":34,"enemies":"3 Darklings","floor":35,"turns":6},{"damage":2,"enemies":"3 Shapes","floor":42,"turns":6},{"damage":1,"enemies":"Sphere and 2 Shapes","floor":44,"turns":4},{"damage":0,"enemies":"Writhing Mass","floor":47,"turns":7},{"damage":22,"enemies":"Awakened One","floor":50,"turns":10}],"seed_played":"-6553263395139340415","potions_obtained":[{"floor":2,"key":"AttackPotion"},{"floor":3,"key":"Fire Potion"},{"floor":4,"key":"Strength Potion"},{"floor":11,"key":"FearPotion"},{"floor":19,"key":"FairyPotion"},{"floor":21,"key":"Fire Potion"},{"floor":27,"key":"Weak Potion"},{"floor":30,"key":"LiquidBronze"},{"floor":31,"key":"EssenceOfSteel"},{"floor":42,"key":"FearPotion"},{"floor":47,"key":"Regen Potion"}],"is_trial":false,"path_per_floor":["M","M","M","M","?","R","$","?","T","M","E","R","M","?","R","B",null,"M","M","$","M","?","R","M","R","T","E","M","R","M","M","R","B",null,"M","$","?","?","?","R","T","M","T","M","R","?","M","$","R","B",null],"character_chosen":"DEFECT","items_purchased":["Echo Form","DataDisk","Defragment","White Noise","Omamori","Thread and Needle","Letter Opener","DollysMirror","Panacea","EssenceOfSteel","GamblersBrew","White Noise"],"campfire_rested":1,"item_purchase_floors":[20,36,36,36,36,48,48,48,48,48,48,48],"current_hp_per_floor":[65,60,60,60,60,60,60,60,60,60,47,47,43,43,43,17,61,61,54,54,44,44,44,46,46,46,36,40,40,40,42,42,42,67,45,45,35,35,35,35,35,45,45,44,44,44,44,44,66,59],"gold":38,"neow_bonus":"TRANSFORM_CARD","is_prod":false,"is_daily":false,"chose_seed":false,"campfire_upgraded":9,"win_rate":0,"timestamp":1548814843,"path_taken":["M","M","M","M","?","R","$","?","T","?","E","R","M","?","R","BOSS","M","M","$","M","?","R","M","R","T","E","M","R","M","M","R","BOSS","M","$","?","?","?","R","?","M","T","M","R","?","M","?","R","BOSS"],"build_version":"2019-01-23","purchased_purges":3,"victory":true,"max_hp_per_floor":[75,75,75,75,75,75,75,75,75,75,75,75,75,75,75,75,75,75,75,75,75,75,75,75,75,75,75,75,75,75,75,75,75,75,75,75,75,75,75,75,75,75,75,75,75,75,75,75,75,75],"card_choices":[{"not_picked":["Sweeping Beam","Static Discharge"],"picked":"Streamline","floor":1},{"not_picked":["Scrape","Static Discharge"],"picked":"Steam","floor":2},{"not_picked":["Darkness","Fusion"],"picked":"Coolheaded","floor":3},{"not_picked":["Leap","Turbo"],"picked":"Cold Snap","floor":4},{"not_picked":["Static Discharge","Blizzard"],"picked":"Capacitor","floor":10},{"not_picked":["Cold Snap","All For One"],"picked":"Tempest","floor":11},{"not_picked":["Coolheaded","Go for the Eyes"],"picked":"White Noise","floor":13},{"not_picked":["Thunder Strike","Core Surge"],"picked":"Buffer","floor":16},{"not_picked":["Cold Snap","Turbo"],"picked":"Rebound+1","floor":18},{"not_picked":["Ball Lightning","Cold Snap","Double Energy"],"picked":"SKIP","floor":19},{"not_picked":["Chill","Sweeping Beam"],"picked":"Conserve Battery","floor":21},{"not_picked":["Reprogram","Melter"],"picked":"Genetic Algorithm","floor":24},{"not_picked":["Gash","Steam+1"],"picked":"Loop","floor":27},{"not_picked":["Go for the Eyes","Streamline","Leap"],"picked":"SKIP","floor":28},{"not_picked":["Steam","Hologram"],"picked":"Biased Cognition","floor":30},{"not_picked":["FTL","Melter+1"],"picked":"Sunder+1","floor":31},{"not_picked":["Machine Learning","Rainbow"],"picked":"Creative AI","floor":33},{"not_picked":["Chaos","Barrage"],"picked":"Hologram+1","floor":35},{"not_picked":["Impatience","Discovery"],"picked":"Panache","floor":37},{"not_picked":["Trip","Magnetism"],"picked":"Panacea","floor":37},{"not_picked":["HandOfGreed","Violence"],"picked":"Impatience","floor":37},{"not_picked":["White Noise+1","Storm+1"],"picked":"Defragment","floor":42},{"not_picked":["Doom and Gloom+1","Beam Cell+1"],"picked":"Reinforced Body","floor":44},{"not_picked":["Compile Driver+1","Conserve Battery","Ball Lightning"],"picked":"SKIP","floor":47}],"player_experience":530994,"relics_obtained":[{"floor":9,"key":"Meat on the Bone"},{"floor":11,"key":"Bronze Scales"},{"floor":26,"key":"Mercury Hourglass"},{"floor":27,"key":"Potion Belt"},{"floor":41,"key":"Pen Nib"},{"floor":43,"key":"Blue Candle"}],"event_choices":[{"damage_healed":0,"gold_gain":0,"player_choice":"Take Wound","damage_taken":0,"relics_obtained":["Golden Idol"],"max_hp_gain":0,"max_hp_loss":0,"event_name":"Golden Idol","floor":5,"gold_loss":0,"cards_obtained":["Injury"]},{"damage_healed":0,"gold_gain":0,"player_choice":"Upgraded","damage_taken":0,"max_hp_gain":0,"max_hp_loss":0,"event_name":"Upgrade Shrine","floor":8,"gold_loss":0,"cards_upgraded":["Dualcast"]},{"cards_removed":["Strike_B"],"damage_healed":0,"gold_gain":0,"player_choice":"Offered Basic","damage_taken":0,"max_hp_gain":0,"max_hp_loss":0,"event_name":"Bonfire Elementals","floor":14,"gold_loss":0},{"damage_healed":0,"gold_gain":0,"player_choice":"Cursed","damage_taken":0,"max_hp_gain":0,"max_hp_loss":0,"event_name":"Wheel of Change","floor":22,"gold_loss":0,"cards_obtained":["Decay"]},{"damage_healed":0,"gold_gain":0,"player_choice":"Memory 3","damage_taken":10,"max_hp_gain":0,"max_hp_loss":0,"event_name":"SensoryStone","floor":37,"gold_loss":0},{"damage_healed":0,"gold_gain":999,"player_choice":"Gold","damage_taken":0,"max_hp_gain":0,"max_hp_loss":0,"event_name":"MindBloom","floor":38,"gold_loss":0,"cards_obtained":["Normality","Normality"]},{"damage_healed":0,"gold_gain":0,"player_choice":"Ignored","damage_taken":0,"max_hp_gain":0,"max_hp_loss":0,"event_name":"Tomb of Lord Red Mask","floor":39,"gold_loss":0},{"cards_removed":["Strike_B"],"damage_healed":0,"gold_gain":0,"player_choice":"Removed Attack","damage_taken":0,"max_hp_gain":0,"max_hp_loss":0,"event_name":"Falling","floor":46,"gold_loss":0}],"is_beta":false,"boss_relics":[{"not_picked":["Ectoplasm","Snecko Eye"],"picked":"FrozenCore"},{"not_picked":["Fusion Hammer","Velvet Choker"],"picked":"Inserter"}],"items_purged_floors":[7,20,48],"is_endless":false,"potions_floor_spawned":[2,3,4,11,19,21,27,30,31,42,47],"ascension_level":8}