{"gold_per_floor":[119,194,194,208,208,233,233,244,318,618,618,638,650,234,234,338,338,357,369,468,480,118,147,165,165,165,165,185,199,74,94,94,197,197,216,236,236,249,264,264,297,317,389,329,363,383,383,401,401,401,401,401,94,127,127],"floor_reached":55,"playtime":7716,"items_purged":["Defend_B","Strike_B","Strike_B","Parasite"],"score":803,"play_id":"0eb4c0ff-1861-400b-8f17-a9d68769244c","local_time":"20190125152340","is_ascension_mode":false,"campfire_choices":[{"floor":7.0,"key":"RECALL"},{"data":"Auto Shields","floor":11.0,"key":"SMITH"},{"data":"Defragment","floor":15.0,"key":"SMITH"},{"data":"Glacier","floor":25.0,"key":"SMITH"},{"data":"Defragment","floor":32.0,"key":"SMITH"},{"data":"Conserve Battery","floor":40.0,"key":"SMITH"},{"floor":47.0,"key":"REST"},{"floor":49.0,"key":"REST"},{"data":"Echo Form","floor":52.0,"key":"SMITH"}],"neow_cost":"NONE","seed_source_timestamp":0,"circlet_count":0,"master_deck":["Defend_B","Defend_B","Zap","Dualcast","Coolheaded","Auto Shields+1","Conserve Battery+1","Cold Snap","Creative AI","Defragment+1","Cold Snap","Electrodynamics","Conserve Battery+1","Defragment+1","Capacitor","Glacier+1","Apotheosis","White Noise","Ball Lightning","All For One","Hologram+1","Undo+1","Chill+1","Echo Form+1"],"special_seed":0,"relics":["Cracked Core","NeowsBlessing","Art of War","Singing Bowl","Old Coin","Meat on the Bone","Snecko Eye","Kunai","Eternal Feather","Unceasing Top","Question Card","Ice Cream","Strawberry","Torii"],"potions_floor_usage":[],"damage_taken":[{"damage":0.0,"enemies":"Small Slimes","floor":1.0,"turns":1.0},{"damage":0.0,"enemies":"2 Louse","floor":4.0,"turns":1.0},{"damage":0.0,"enemies":"3 Sentries","floor":6.0,"turns":1.0},{"damage":2.0,"enemies":"Cultist","floor":8.0,"turns":4.0},{"damage":0.0,"enemies":"Exordium Wildlife","floor":12.0,"turns":3.0},{"damage":8.0,"enemies":"Looter","floor":13.0,"turns":3.0},{"damage":22.0,"enemies":"The Guardian","floor":16.0,"turns":14.0},{"damage":16.0,"enemies":"3 Byrds","floor":18.0,"turns":3.0},{"damage":0.0,"enemies":"Spheric Guardian","floor":19.0,"turns":4.0},{"damage":0.0,"enemies":"Shelled Parasite and Fungi","floor":21.0,"turns":6.0},{"damage":2.0,"enemies":"Book of Stabbing","floor":23.0,"turns":9.0},{"damage":0.0,"enemies":"Centurion and Healer","floor":24.0,"turns":6.0},{"damage":2.0,"enemies":"Snake Plant","floor":28.0,"turns":3.0},{"damage":0.0,"enemies":"Snecko","floor":29.0,"turns":6.0},{"damage":0.0,"enemies":"Cultist and Chosen","floor":31.0,"turns":7.0},{"damage":1.0,"enemies":"Collector","floor":33.0,"turns":10.0},{"damage":0.0,"enemies":"3 Darklings","floor":35.0,"turns":4.0},{"damage":12.0,"enemies":"Orb Walker","floor":36.0,"turns":4.0},{"damage":4.0,"enemies":"Writhing Mass","floor":38.0,"turns":10.0},{"damage":2.0,"enemies":"Transient","floor":39.0,"turns":5.0},{"damage":67.0,"enemies":"Nemesis","floor":41.0,"turns":9.0},{"damage":5.0,"enemies":"Spire Growth","floor":42.0,"turns":6.0},{"damage":0.0,"enemies":"Giant Head","floor":45.0,"turns":9.0},{"damage":13.0,"enemies":"Writhing Mass","floor":46.0,"turns":6.0},{"damage":36.0,"enemies":"Transient","floor":48.0,"turns":5.0},{"damage":9.0,"enemies":"Donu and Deca","floor":50.0,"turns":9.0},{"damage":26.0,"enemies":"Shield and Spear","floor":54.0,"turns":7.0},{"damage":72,"enemies":"The Heart","floor":55,"turns":8}],"seed_played":"2032973830513444290","potions_obtained":[{"floor":4.0,"key":"Swift Potion"},{"floor":8.0,"key":"Weak Potion"},{"floor":19.0,"key":"SpeedPotion"},{"floor":24.0,"key":"EssenceOfSteel"},{"floor":28.0,"key":"Poison Potion"},{"floor":31.0,"key":"Energy Potion"},{"floor":33.0,"key":"SkillPotion"},{"floor":36.0,"key":"Dexterity Potion"},{"floor":41.0,"key":"AttackPotion"},{"floor":45.0,"key":"Poison Potion"}],"is_trial":false,"path_per_floor":["M","?","?","M","?","E","R","M","T","T","R","M","M","$","R","B",null,"M","M","?","M","$","E","M","R","T","?","M","M","$","M","R","B",null,"M","M","?","M","M","R","E","M","T","?","E","M","R","M","R","B",null,"R","$","E","B"],"character_chosen":"DEFECT","items_purchased":["Defragment","Cold Snap","Meat on the Bone","Glacier","Apotheosis","Strawberry"],"campfire_rested":2,"item_purchase_floors":[14,14,14,22,22,53],"current_hp_per_floor":[75,64,69,69,62,62,62,60,60,60,60,60,52,52,52,42,75,59,59,59,59,59,57,57,57,57,57,57,59,59,61,61,60,81,81,69,69,65,65,80,25,34,34,34,48,49,89,55,91,82,91,91,95,71,0],"gold":127,"neow_bonus":"THREE_ENEMY_KILL","is_prod":false,"is_daily":false,"chose_seed":false,"campfire_upgraded":6,"win_rate":0,"timestamp":1548458620,"path_taken":["M","?","?","?","?","E","R","M","T","?","R","M","M","$","R","BOSS","M","M","?","M","$","E","M","R","T","?","M","M","$","M","R","BOSS","M","M","?","M","?","R","E","M","T","?","E","M","R","M","R","BOSS","R","$","E","BOSS"],"build_version":"2019-01-23","purchased_purges":4,"victory":false,"max_hp_per_floor":[75,75,75,75,75,75,75,75,75,75,75,75,75,75,75,75,75,75,75,75,75,75,75,75,75,75,75,77,79,79,81,81,81,81,81,81,81,81,83,83,83,85,85,85,87,89,89,91,91,91,91,91,95,97,97],"card_choices":[{"not_picked":["Fusion","Steam"],"picked":"Hologram","floor":1.0},{"not_picked":["Redo","Melter"],"picked":"Coolheaded","floor":4.0},{"not_picked":["Lockon","Redo"],"picked":"Auto Shields","floor":6.0},{"not_picked":["Rebound","Streamline"],"picked":"Conserve Battery","floor":8.0},{"not_picked":["Genetic Algorithm","Conserve Battery"],"picked":"Cold Snap","floor":12.0},{"not_picked":["Storm","Barrage"],"picked":"Creative AI","floor":13.0},{"not_picked":["Machine Learning","Buffer"],"picked":"Electrodynamics","floor":16.0},{"not_picked":["Ball Lightning","Hello World"],"picked":"Conserve Battery+1","floor":18.0},{"not_picked":["Rebound","Turbo"],"picked":"Defragment","floor":19.0},{"not_picked":["Streamline","Go for the Eyes+1"],"picked":"Capacitor","floor":21.0},{"not_picked":["Rainbow","Streamline"],"picked":"White Noise","floor":23.0},{"not_picked":["Barrage","Melter"],"picked":"Ball Lightning","floor":24.0},{"not_picked":["Conserve Battery","Ball Lightning","Gash+1"],"picked":"Singing Bowl","floor":28.0},{"not_picked":["Beam Cell","Force Field","Conserve Battery"],"picked":"Singing Bowl","floor":29.0},{"not_picked":["Gash","Core Surge","Chill"],"picked":"Singing Bowl","floor":31.0},{"not_picked":["Hyperbeam","Biased Cognition"],"picked":"All For One","floor":33.0},{"not_picked":["Compile Driver","Blizzard+1"],"picked":"Hologram+1","floor":35.0},{"not_picked":["Sweeping Beam+1","Loop+1"],"picked":"Undo+1","floor":36.0},{"not_picked":["Self Repair","Consume"],"picked":"Chill+1","floor":38.0},{"not_picked":["Steam+1","Capacitor","Cold Snap"],"picked":"Singing Bowl","floor":39.0},{"not_picked":["Streamline","Rip and Tear+1"],"picked":"Echo Form","floor":41.0},{"not_picked":["Go for the Eyes","Force Field+1","Cold Snap+1"],"picked":"Singing Bowl","floor":42.0},{"not_picked":["Hologram+1","Streamline+1","Turbo","Core Surge"],"picked":"Singing Bowl","floor":45.0},{"not_picked":["Redo+1","Go for the Eyes","Chill","Coolheaded"],"picked":"Singing Bowl","floor":46.0},{"not_picked":["Rebound","Gash+1","Steam+1","Streamline+1"],"picked":"Singing Bowl","floor":48.0},{"not_picked":["Hyperbeam","Beam Cell","Double Energy","Compile Driver+1"],"picked":"Singing Bowl","floor":54}],"player_experience":136101,"relics_obtained":[{"floor":6.0,"key":"Art of War"},{"floor":9.0,"key":"Singing Bowl"},{"floor":10.0,"key":"Old Coin"},{"floor":23.0,"key":"Kunai"},{"floor":41.0,"key":"Unceasing Top"},{"floor":43.0,"key":"Question Card"},{"floor":45.0,"key":"Ice Cream"},{"floor":54,"key":"Torii"}],"event_choices":[{"damage_healed":0.0,"max_hp_gain":0.0,"max_hp_loss":0.0,"gold_gain":75.0,"event_name":"World of Goop","player_choice":"Gather Gold","floor":2.0,"gold_loss":0.0,"damage_taken":11.0},{"cards_removed":["Hologram"],"damage_healed":5.0,"max_hp_gain":0.0,"max_hp_loss":0.0,"gold_gain":0.0,"event_name":"Bonfire Elementals","player_choice":"Offered Common","floor":3.0,"gold_loss":0.0,"damage_taken":0.0},{"cards_removed":["Hologram"],"damage_healed":5.0,"max_hp_gain":0.0,"max_hp_loss":0.0,"gold_gain":0.0,"event_name":"Bonfire Elementals","player_choice":"Offered Special","floor":3.0,"gold_loss":0.0,"damage_taken":0.0},{"cards_removed":["Defend_B"],"damage_healed":0.0,"max_hp_gain":0.0,"max_hp_loss":0.0,"gold_gain":0.0,"event_name":"Golden Wing","player_choice":"Card Removal","floor":5.0,"gold_loss":0.0,"damage_taken":7.0},{"damage_healed":0.0,"max_hp_gain":0.0,"max_hp_loss":0.0,"gold_gain":99.0,"event_name":"Nest","player_choice":"Stole From Cult","floor":20.0,"gold_loss":0.0,"damage_taken":0.0},{"damage_healed":0.0,"max_hp_gain":0.0,"max_hp_loss":0.0,"gold_gain":0.0,"event_name":"Vampires","player_choice":"Ignored","floor":27.0,"gold_loss":0.0,"damage_taken":0.0},{"cards_removed":["Strike_B"],"damage_healed":0.0,"max_hp_gain":0.0,"max_hp_loss":0.0,"gold_gain":0.0,"event_name":"Purifier","player_choice":"Purged","floor":37.0,"gold_loss":0.0,"damage_taken":0.0},{"cards_removed":["Strike_B"],"damage_healed":0.0,"max_hp_gain":0.0,"max_hp_loss":0.0,"gold_gain":0.0,"event_name":"Designer","player_choice":"Single Remove","floor":44.0,"gold_loss":60.0,"damage_taken":0.0}],"is_beta":false,"boss_relics":[{"not_picked":["Velvet Choker","Runic Dome"],"picked":"Snecko Eye"},{"not_picked":["White Beast Statue","Astrolabe"],"picked":"Eternal Feather"}],"items_purged_floors":[14,22,30,53],"is_endless":false,"potions_floor_spawned":[4,8,19,24,28,31,33,35,36,41,45],"killed_by":"The Heart","ascension_level":0}