{"gold_per_floor":[119,69,89,108,126,126,126,145,145,145,145,70,70,2,2,75,75,88,13,13,13,13,48,48],"floor_reached":24,"playtime":460,"items_purged":["Strike_R"],"score":360,"play_id":"6cd4ad9a-23fd-4f3e-922c-3c5ca5b1152d","local_time":"20181221214612","is_ascension_mode":true,"campfire_choices":[{"data":"Cleave","floor":6,"key":"SMITH"},{"data":"Reckless Charge","floor":10,"key":"SMITH"},{"data":"Inflame","floor":15,"key":"SMITH"}],"neow_cost":"TEN_PERCENT_HP_LOSS","seed_source_timestamp":8946022375123,"circlet_count":0,"master_deck":["AscendersBane","Strike_R","Strike_R","Defend_R","Defend_R","Bash","Double Tap","Rupture","Reckless Charge+1","Cleave+1","Flame Barrier","Offering","Dual Wield","Inflame+1","Dark Embrace","Shame","Clumsy","Disarm","Offering","Feel No Pain+1"],"relics":["Burning Blood","Darkstone Periapt","Pantograph","Calling Bell","Pen Nib","The Courier","Nunchaku","Magic Flower"],"potions_floor_usage":[11,18],"damage_taken":[{"damage":11,"enemies":"Small Slimes","floor":1,"turns":4},{"damage":11,"enemies":"Jaw Worm","floor":3,"turns":4},{"damage":7,"enemies":"2 Louse","floor":4,"turns":2},{"damage":17,"enemies":"Blue Slaver","floor":5,"turns":4},{"damage":9,"enemies":"3 Louse","floor":8,"turns":3},{"damage":6,"enemies":"Gremlin Nob","floor":11,"turns":3},{"damage":56,"enemies":"Hexaghost","floor":16,"turns":8},{"damage":54,"enemies":"Spheric Guardian","floor":18,"turns":6},{"damage":49,"enemies":"Slavers","floor":23,"turns":4},{"damage":13,"enemies":"Chosen","floor":24,"turns":3}],"seed_played":"-3480534418635656138","potions_obtained":[{"floor":4,"key":"SmokeBomb"},{"floor":16,"key":"Swift Potion"}],"is_trial":false,"path_per_floor":["M","?","M","M","M","R","T","M","T","R","E","$","?","$","R","B",null,"M","?","$","?","?","E","M"],"character_chosen":"IRONCLAD","items_purchased":["Inflame"],"campfire_rested":0,"item_purchase_floors":[14],"current_hp_per_floor":[63,63,58,57,46,46,46,43,43,43,43,43,43,43,43,18,74,26,26,26,54,54,11,0],"gold":48,"neow_bonus":"TRANSFORM_TWO_CARDS","is_prod":false,"is_daily":false,"chose_seed":false,"campfire_upgraded":3,"win_rate":0,"timestamp":1545428772,"path_taken":["M","?","M","M","M","R","?","M","T","R","E","$","?","?","R","BOSS","M","?","$","?","?","E","M"],"build_version":"2018-12-20","purchased_purges":1,"victory":false,"max_hp_per_floor":[68,68,68,68,68,68,68,68,68,68,68,68,68,68,68,68,86,86,86,86,86,86,86,86],"card_choices":[{"not_picked":["Flex","Wild Strike"],"picked":"Reckless Charge","floor":1},{"not_picked":["Heavy Blade","Iron Wave"],"picked":"Cleave","floor":3},{"not_picked":["Warcry","Wild Strike"],"picked":"Flame Barrier","floor":4},{"not_picked":["Wild Strike","Pommel Strike","Sever Soul"],"picked":"SKIP","floor":5},{"not_picked":["Sword Boomerang","Warcry"],"picked":"Offering","floor":8},{"not_picked":["Impervious","Reaper"],"picked":"Dark Embrace","floor":16},{"not_picked":["Anger","Thunderclap"],"picked":"Disarm","floor":18},{"not_picked":["Flex","Battle Trance"],"picked":"Feel No Pain+1","floor":23}],"player_experience":290381,"relics_obtained":[{"floor":7,"key":"Darkstone Periapt"},{"floor":9,"key":"Pantograph"},{"floor":17,"key":"Pen Nib"},{"floor":17,"key":"The Courier"},{"floor":17,"key":"Nunchaku"},{"floor":23,"key":"Magic Flower"}],"event_choices":[{"cards_removed":["Strike_R"],"damage_healed":0,"gold_gain":0,"player_choice":"Card Removal","damage_taken":0,"max_hp_gain":0,"max_hp_loss":0,"event_name":"The Cleric","floor":2,"gold_loss":50},{"damage_healed":0,"gold_gain":0,"cards_transformed":["Strike_R"],"player_choice":"Change","damage_taken":0,"max_hp_gain":0,"max_hp_loss":0,"event_name":"Living Wall","floor":13,"gold_loss":0,"cards_obtained":["Dual Wield"]},{"cards_removed":["Normality"],"damage_healed":0,"gold_gain":0,"player_choice":"Gave Gold","damage_taken":0,"max_hp_gain":0,"max_hp_loss":0,"event_name":"Beggar","floor":19,"gold_loss":75},{"damage_healed":28,"gold_gain":0,"player_choice":"Heal","damage_taken":0,"max_hp_gain":0,"max_hp_loss":0,"event_name":"The Library","floor":21,"gold_loss":0},{"damage_healed":0,"gold_gain":0,"player_choice":"Copied","damage_taken":0,"max_hp_gain":0,"max_hp_loss":0,"event_name":"Duplicator","floor":22,"gold_loss":0,"cards_obtained":["Offering"]}],"is_beta":false,"boss_relics":[{"not_picked":["Runic Cube","Tiny House"],"picked":"Calling Bell"}],"items_purged_floors":[12],"is_endless":false,"potions_floor_spawned":[4,11,16],"killed_by":"Chosen","ascension_level":14}