{"gold_per_floor":[114,114,44,58,71,71,101,101,101,112,37,37,37,2,2,98,98,81,81,97,109,127,127,152,152,152,152,187,187,203,219,219,319,319,332,350,365,13,31,31,31,61,61,61,11,26,36,51,51,51],"floor_reached":51,"playtime":1695,"items_purged":["Strike_G","Strike_G","Parasite"],"score":719,"play_id":"8f0139bc-4a37-4b08-8537-aa7a8a2bf885","local_time":"20190101171435","is_ascension_mode":false,"campfire_choices":[{"data":"Choke","floor":6.0,"key":"SMITH"},{"data":"Prepared","floor":8.0,"key":"SMITH"},{"data":"Backstab","floor":12.0,"key":"SMITH"},{"data":"Endless Agony","floor":15.0,"key":"SMITH"},{"data":"Envenom","floor":23.0,"key":"SMITH"},{"data":"Leg Sweep","floor":25.0,"key":"SMITH"},{"floor":32.0,"key":"REST"},{"data":"Malaise","floor":40.0,"key":"SMITH"},{"floor":44.0,"key":"REST"},{"floor":49,"key":"REST"}],"neow_cost":"NONE","seed_source_timestamp":0,"circlet_count":0,"master_deck":["Defend_G","Defend_G","Defend_G","Defend_G","Defend_G","Strike_G","Strike_G","Strike_G","Survivor","Neutralize+1","Choke+1","PiercingWail","Dagger Spray","Dagger Spray","Backstab+1","Prepared+1","Slice","Endless Agony+1","Envenom+1","Leg Sweep+1","Dagger Spray","Slice","Escape Plan","Infinite Blades+1","Malaise+1","Footwork+1","Backstab+1"],"special_seed":0,"relics":["Ring of the Snake","Orichalcum","CultistMask","Strawberry","Pantograph","WristBlade","The Specimen","Oddly Smooth Stone","Du-Vu Doll","Enchiridion","Lantern","Anchor","Runic Dome","Paper Crane","Smiling Mask"],"potions_floor_usage":[],"damage_taken":[{"damage":4.0,"enemies":"2 Louse","floor":1.0,"turns":3.0},{"damage":0.0,"enemies":"Cultist","floor":4.0,"turns":3.0},{"damage":1.0,"enemies":"Jaw Worm","floor":5.0,"turns":4.0},{"damage":30.0,"enemies":"Lagavulin","floor":7.0,"turns":8.0},{"damage":6.0,"enemies":"Exordium Thugs","floor":10.0,"turns":4.0},{"damage":59.0,"enemies":"The Guardian","floor":16.0,"turns":14.0},{"damage":0.0,"enemies":"2 Thieves","floor":18.0,"turns":4.0},{"damage":0.0,"enemies":"3 Byrds","floor":20.0,"turns":4.0},{"damage":15.0,"enemies":"Cultist and Chosen","floor":21.0,"turns":5.0},{"damage":9.0,"enemies":"Snake Plant","floor":22.0,"turns":4.0},{"damage":16.0,"enemies":"Book of Stabbing","floor":24.0,"turns":5.0},{"damage":12.0,"enemies":"Gremlin Leader","floor":28.0,"turns":7.0},{"damage":3.0,"enemies":"Centurion and Healer","floor":30.0,"turns":3.0},{"damage":0.0,"enemies":"3 Cultists","floor":31.0,"turns":3.0},{"damage":26.0,"enemies":"Collector","floor":33.0,"turns":7.0},{"damage":0.0,"enemies":"Orb Walker","floor":35.0,"turns":2.0},{"damage":0.0,"enemies":"3 Shapes","floor":36.0,"turns":6.0},{"damage":0.0,"enemies":"3 Darklings","floor":37.0,"turns":4.0},{"damage":21.0,"enemies":"Writhing Mass","floor":39.0,"turns":6.0},{"damage":27.0,"enemies":"Giant Head","floor":42.0,"turns":11.0},{"damage":0.0,"enemies":"Transient","floor":46.0,"turns":5.0},{"damage":0.0,"enemies":"Maw","floor":47.0,"turns":8.0},{"damage":19,"enemies":"Sphere and 2 Shapes","floor":48,"turns":7},{"damage":65,"enemies":"Time Eater","floor":50,"turns":14}],"seed_played":"4936076575952938040","potions_obtained":[{"floor":10.0,"key":"Explosive Potion"},{"floor":16.0,"key":"Regen Potion"},{"floor":22.0,"key":"EssenceOfSteel"},{"floor":24.0,"key":"Energy Potion"},{"floor":30.0,"key":"SteroidPotion"},{"floor":31.0,"key":"PowerPotion"},{"floor":37.0,"key":"Poison Potion"}],"is_trial":false,"path_per_floor":["M","?","$","M","M","R","E","R","T","M","$","R","?","$","R","B",null,"M","?","M","M","M","R","E","R","T","?","E","T","M","M","R","B",null,"M","M","M","$","M","R","?","E","T","R","$","M","M","M","R","B",null],"character_chosen":"THE_SILENT","items_purchased":["PiercingWail","Dagger Spray","Endless Agony","Paper Crane"],"campfire_rested":3,"item_purchase_floors":[3,3,14,38],"current_hp_per_floor":[66,66,66,66,65,65,42,42,42,36,36,36,36,36,36,2,77,77,77,77,62,53,53,37,37,37,21,9,9,6,6,29,28,77,77,77,77,77,56,56,56,29,29,52,52,52,52,33,55,9],"gold":51,"neow_bonus":"RANDOM_COMMON_RELIC","is_prod":false,"is_daily":false,"chose_seed":false,"campfire_upgraded":7,"win_rate":0,"timestamp":1546362875,"path_taken":["M","?","$","M","?","R","E","R","T","M","$","R","?","?","R","BOSS","M","?","?","M","M","R","E","R","T","?","E","?","M","M","R","BOSS","M","M","M","$","M","R","?","E","T","R","?","?","M","M","R","BOSS"],"build_version":"2018-12-20","purchased_purges":3,"victory":true,"max_hp_per_floor":[70,70,70,70,70,70,77,77,77,77,77,77,77,77,77,77,77,77,77,77,77,77,77,77,77,77,77,77,77,77,77,77,77,77,77,77,77,77,77,77,77,77,77,77,74,74,74,74,74,74],"card_choices":[{"not_picked":["Deadly Poison","Dodge and Roll"],"picked":"Choke","floor":1.0},{"not_picked":["Bane","Poisoned Stab"],"picked":"Dagger Spray","floor":4.0},{"not_picked":["Crippling Poison","Dagger Spray"],"picked":"Backstab","floor":5.0},{"not_picked":["Bane","Accuracy"],"picked":"Prepared","floor":7.0},{"not_picked":["Bouncing Flask","Venomology"],"picked":"Slice","floor":10.0},{"not_picked":["Tools of the Trade","Doppelganger"],"picked":"Envenom","floor":16.0},{"not_picked":["Bane","Flying Knee"],"picked":"Leg Sweep","floor":18.0},{"not_picked":["Acrobatics","Quick Slash","Terror"],"picked":"SKIP","floor":20.0},{"not_picked":["Outmaneuver+1","Sucker Punch"],"picked":"Dagger Spray","floor":21.0},{"not_picked":["Underhanded Strike","Dash+1","Deadly Poison"],"picked":"SKIP","floor":22.0},{"not_picked":["Backflip","Reflex"],"picked":"Slice","floor":24.0},{"not_picked":["Predator+1","Dagger Throw"],"picked":"Escape Plan","floor":28.0},{"not_picked":["Blur+1","Poisoned Stab","Deflect"],"picked":"SKIP","floor":30.0},{"not_picked":["Quick Slash","Deadly Poison"],"picked":"Infinite Blades+1","floor":31.0},{"not_picked":["Tools of the Trade","Unload"],"picked":"Malaise","floor":33.0},{"not_picked":["Eviscerate","Backflip","Acrobatics"],"picked":"SKIP","floor":35.0},{"not_picked":["Underhanded Strike","Eviscerate+1","Dagger Spray"],"picked":"SKIP","floor":36.0},{"not_picked":["Flying Knee+1","Tactician"],"picked":"Footwork","floor":37.0},{"not_picked":["Underhanded Strike","Endless Agony","Reflex"],"picked":"SKIP","floor":39.0},{"not_picked":["Finisher","Outmaneuver+1","Bouncing Flask+1"],"picked":"SKIP","floor":42.0},{"not_picked":["Deadly Poison","Outmaneuver","Underhanded Strike"],"picked":"SKIP","floor":46.0},{"not_picked":["Grand Finale","Cloak And Dagger","Masterful Stab"],"picked":"SKIP","floor":47.0},{"not_picked":["Heel Hook+1","Masterful Stab"],"picked":"Backstab+1","floor":48}],"player_experience":332000,"relics_obtained":[{"floor":7.0,"key":"Strawberry"},{"floor":9.0,"key":"Pantograph"},{"floor":24.0,"key":"Oddly Smooth Stone"},{"floor":26.0,"key":"Du-Vu Doll"},{"floor":27.0,"key":"Enchiridion"},{"floor":28.0,"key":"Lantern"},{"floor":29.0,"key":"Anchor"},{"floor":42.0,"key":"Smiling Mask"}],"event_choices":[{"damage_healed":0.0,"max_hp_gain":0.0,"max_hp_loss":0.0,"gold_gain":0.0,"event_name":"FaceTrader","player_choice":"Trade","floor":2.0,"gold_loss":0.0,"damage_taken":0.0,"relics_obtained":["CultistMask"]},{"damage_healed":0.0,"max_hp_gain":0.0,"max_hp_loss":0.0,"gold_gain":0.0,"event_name":"Upgrade Shrine","player_choice":"Upgraded","floor":13.0,"gold_loss":0.0,"damage_taken":0.0,"cards_upgraded":["Neutralize"]},{"damage_healed":0.0,"max_hp_gain":0.0,"max_hp_loss":0.0,"gold_gain":0.0,"event_name":"WeMeetAgain","player_choice":"Gave Potion","floor":19.0,"gold_loss":0.0,"damage_taken":0.0,"relics_obtained":["The Specimen"]},{"damage_healed":0.0,"max_hp_gain":0.0,"max_hp_loss":0.0,"gold_gain":0.0,"event_name":"Cursed Tome","player_choice":"Obtained Book","floor":27.0,"gold_loss":0.0,"damage_taken":16.0},{"damage_healed":0.0,"max_hp_gain":0.0,"max_hp_loss":0.0,"gold_gain":0.0,"event_name":"Accursed Blacksmith","player_choice":"Forge","floor":41.0,"gold_loss":0.0,"damage_taken":0.0,"cards_upgraded":["Footwork"]}],"is_beta":false,"boss_relics":[{"not_picked":["Sozu","Velvet Choker"],"picked":"WristBlade"},{"not_picked":["Empty Cage","Runic Pyramid"],"picked":"Runic Dome"}],"items_purged_floors":[11,38,45],"is_endless":false,"potions_floor_spawned":[10,16,22,24,30,31,37,46,47],"ascension_level":0}