{"gold_per_floor":[115,65,77,77,94,94,107,107,137,166,184,15,50,67,67,163,163,181,208,5,5,17,17,33,33],"floor_reached":25,"playtime":476,"items_purged":["Strike_G"],"score":213,"play_id":"66f36a10-682f-4029-8ae2-c28c1cb5cb0b","local_time":"20181229231848","is_ascension_mode":false,"campfire_choices":[{"data":"Dodge and Roll","floor":6,"key":"SMITH"},{"data":"Slice","floor":8,"key":"SMITH"},{"data":"Bouncing Flask","floor":15,"key":"SMITH"},{"data":"Catalyst","floor":23,"key":"SMITH"}],"neow_cost":"NONE","seed_source_timestamp":35482113845502,"circlet_count":0,"master_deck":["Defend_G","Defend_G+1","Defend_G","Defend_G","Defend_G","Strike_G","Strike_G","Strike_G","Survivor+1","Neutralize","Sucker Punch","Slice+1","Dodge and Roll+1","Masterful Stab+1","Die Die Die+1","Skewer+1","Backflip","Deflect","Bouncing Flask+1","Burst","Slice+1","Mayhem","Footwork","Catalyst+1","PiercingWail+1"],"relics":["Ring of the Snake","Molten Egg 2","Tiny Chest","War Paint","Bronze Scales","Velvet Choker","Blood Vial"],"potions_floor_usage":[10,13],"damage_taken":[{"damage":0,"enemies":"Small Slimes","floor":1,"turns":4},{"damage":0,"enemies":"Jaw Worm","floor":3,"turns":3},{"damage":0,"enemies":"Cultist","floor":5,"turns":4},{"damage":5,"enemies":"Exordium Thugs","floor":7,"turns":5},{"damage":4,"enemies":"Gremlin Nob","floor":10,"turns":3},{"damage":0,"enemies":"Blue Slaver","floor":11,"turns":2},{"damage":7,"enemies":"Lagavulin","floor":13,"turns":4},{"damage":0,"enemies":"Lots of Slimes","floor":14,"turns":3},{"damage":20,"enemies":"The Guardian","floor":16,"turns":10},{"damage":0,"enemies":"Shell Parasite","floor":18,"turns":2},{"damage":0,"enemies":"2 Thieves","floor":22,"turns":4},{"damage":6,"enemies":"Cultist and Chosen","floor":24,"turns":5}],"seed_played":"-4552001178154140272","potions_obtained":[{"floor":3,"key":"EssenceOfSteel"},{"floor":7,"key":"SteroidPotion"},{"floor":10,"key":"Block Potion"},{"floor":13,"key":"FearPotion"},{"floor":16,"key":"GhostInAJar"}],"is_trial":false,"path_per_floor":["M","?","M","T","M","R","M","R","T","E","M","$","E","M","R","B",null,"M","T","$","?","M","R","M","$"],"character_chosen":"THE_SILENT","items_purchased":["Backflip","Deflect","Mayhem","Footwork"],"campfire_rested":0,"item_purchase_floors":[12,12,20,20],"current_hp_per_floor":[70,70,70,70,70,70,65,65,65,61,61,61,54,54,54,34,70,70,70,70,70,70,70,64,64],"gold":33,"neow_bonus":"THREE_CARDS","is_prod":false,"is_daily":false,"chose_seed":false,"campfire_upgraded":4,"win_rate":0,"timestamp":1546125528,"path_taken":["M","?","M","?","M","R","M","R","T","E","?","$","E","M","R","BOSS","M","?","$","?","M","R","M","$"],"build_version":"2018-12-20","purchased_purges":1,"victory":false,"max_hp_per_floor":[70,70,70,70,70,70,70,70,70,70,70,70,70,70,70,70,70,70,70,70,70,70,70,70,70],"card_choices":[{"not_picked":["PiercingWail","Dodge and Roll"],"picked":"Sucker Punch","floor":0},{"not_picked":["Acrobatics","Dodge and Roll"],"picked":"Slice","floor":1},{"not_picked":["Underhanded Strike","Blade Dance"],"picked":"Dodge and Roll","floor":3},{"not_picked":["Sucker Punch+1","Backflip"],"picked":"Masterful Stab+1","floor":5},{"not_picked":["Deflect","Slice+1"],"picked":"Die Die Die+1","floor":7},{"not_picked":["Underhanded Strike+1","Wraith Form v2","Dodge and Roll"],"picked":"SKIP","floor":10},{"not_picked":["Backflip","Poisoned Stab+1"],"picked":"Skewer+1","floor":11},{"not_picked":["Cloak And Dagger","Bane+1"],"picked":"Bouncing Flask","floor":13},{"not_picked":["Riddle With Holes+1","Concentrate","Finisher+1"],"picked":"SKIP","floor":14},{"not_picked":["Unload+1","Tools of the Trade"],"picked":"Burst","floor":16},{"not_picked":["Dagger Throw+1","Blur"],"picked":"Slice+1","floor":18},{"not_picked":["Escape Plan","Cloak And Dagger"],"picked":"Catalyst","floor":22},{"not_picked":["Dagger Spray+1","Expertise"],"picked":"PiercingWail+1","floor":24}],"player_experience":322329,"relics_obtained":[{"floor":4,"key":"Molten Egg 2"},{"floor":9,"key":"Tiny Chest"},{"floor":10,"key":"War Paint"},{"floor":13,"key":"Bronze Scales"},{"floor":19,"key":"Blood Vial"}],"event_choices":[{"cards_removed":["Strike_G"],"damage_healed":0,"gold_gain":0,"player_choice":"Card Removal","damage_taken":0,"max_hp_gain":0,"max_hp_loss":0,"event_name":"The Cleric","floor":2,"gold_loss":50},{"damage_healed":0,"gold_gain":0,"player_choice":"Ignored","damage_taken":0,"max_hp_gain":0,"max_hp_loss":0,"event_name":"Cursed Tome","floor":21,"gold_loss":0}],"is_beta":false,"boss_relics":[{"not_picked":["Runic Pyramid","Orrery"],"picked":"Velvet Choker"}],"items_purged_floors":[12],"is_endless":false,"potions_floor_spawned":[3,7,10,13,16],"ascension_level":0}