{"gold_per_floor":[114,125,125,28,44,44,61,80,135,13,13,34,34,64,64,166,216,227,142,5,104,1,1,14,14,14,14,24,24,35,35,35,131,131,144,94,109,129,79,79,29,29,29,29,49,49,49,49,49,49],"floor_reached":51,"playtime":1433,"items_purged":["Strike_B","Strike_B","Strike_B","Strike_B","Dualcast","FTL","Defend_B"],"score":641,"play_id":"359e18de-80fb-41db-8ef0-14f4ebf51a2f","local_time":"20180906190902","is_ascension_mode":false,"campfire_choices":[{"data":"Hologram","floor":6,"key":"SMITH"},{"data":"Auto Shields","floor":13,"key":"SMITH"},{"floor":15,"key":"REST"},{"data":"Machine Learning","floor":23,"key":"SMITH"},{"data":"Beam Cell","floor":25,"key":"SMITH"},{"floor":29,"key":"REST"},{"data":"Coolheaded","floor":32,"key":"SMITH"},{"data":"Defend_B","floor":40,"key":"SMITH"},{"floor":44,"key":"REST"},{"data":"FTL","floor":49,"key":"SMITH"}],"neow_cost":"NONE","seed_source_timestamp":813902396080,"circlet_count":0,"master_deck":["Defend_B+1","Defend_B","Zap+1","Gash","Beam Cell+1","Hologram+1","FTL+1","Auto Shields+1","Recycle","Machine Learning+1","Coolheaded+1","Conserve Battery+1","Coolheaded+1","Gash","Gash+1","Reboot+1","White Noise+1"],"relics":["Runic Dome","Smiling Mask","Pen Nib","Odd Mushroom","Centennial Puzzle","Tiny House","Toxic Egg 2","Molten Egg 2","Busted Crown","Regal Pillow"],"potions_floor_usage":[12,12,16,16,28,50,50],"damage_taken":[{"damage":0,"enemies":"Small Slimes","floor":1,"turns":4},{"damage":0,"enemies":"2 Louse","floor":2,"turns":3},{"damage":0,"enemies":"Jaw Worm","floor":5,"turns":3},{"damage":7,"enemies":"Blue Slaver","floor":7,"turns":4},{"damage":13,"enemies":"Large Slime","floor":8,"turns":7},{"damage":19,"enemies":"The Mushroom Lair","floor":12,"turns":4},{"damage":36,"enemies":"Lagavulin","floor":14,"turns":9},{"damage":7,"enemies":"The Guardian","floor":16,"turns":10},{"damage":15,"enemies":"Spheric Guardian","floor":18,"turns":6},{"damage":0,"enemies":"Shell Parasite","floor":24,"turns":7},{"damage":7,"enemies":"Snecko","floor":28,"turns":6},{"damage":0,"enemies":"Cultist and Chosen","floor":30,"turns":5},{"damage":45,"enemies":"Automaton","floor":33,"turns":7},{"damage":0,"enemies":"Orb Walker","floor":35,"turns":3},{"damage":23,"enemies":"3 Darklings","floor":37,"turns":4},{"damage":3,"enemies":"Reptomancer","floor":38,"turns":4},{"damage":0,"enemies":"Transient","floor":45,"turns":5},{"damage":20,"enemies":"Donu and Deca","floor":50,"turns":6}],"seed_played":"7746132255960208953","potions_obtained":[{"floor":7,"key":"AttackPotion"},{"floor":8,"key":"Regen Potion"},{"floor":12,"key":"GamblersBrew"},{"floor":14,"key":"AttackPotion"},{"floor":17,"key":"EssenceOfSteel"},{"floor":18,"key":"Energy Potion"},{"floor":24,"key":"SkillPotion"},{"floor":28,"key":"Energy Potion"},{"floor":35,"key":"Swift Potion"}],"is_trial":false,"path_per_floor":["M","M","?","$","M","R","M","M","T","$","?","?","R","E","R","B",null,"M","?","$","?","$","R","M","R","T","?","M","R","M","$","R","B",null,"M","$","M","M","$","R","$","?","T","R","M","?","$","?","R","B"],"character_chosen":"DEFECT","items_purchased":["Hologram","Recycle","Conserve Battery+1","FTL","Coolheaded+1"],"campfire_rested":3,"item_purchase_floors":[4,10,20,20,22],"current_hp_per_floor":[75,75,72,72,72,72,65,52,52,52,52,45,45,9,31,24,80,65,65,65,65,65,65,65,65,65,50,43,68,68,68,68,23,85,85,85,62,59,59,59,59,59,59,85,85,85,85,81,81,68],"gold":49,"neow_bonus":"BOSS_RELIC","is_prod":false,"is_daily":false,"chose_seed":false,"campfire_upgraded":7,"win_rate":0,"timestamp":1536257342,"path_taken":["M","M","?","$","M","R","M","M","T","$","?","?","R","E","R","BOSS","M","?","$","?","$","R","M","R","T","?","M","R","?","?","R","BOSS","M","$","M","M","$","R","$","?","T","R","?","?","?","?","R","BOSS"],"build_version":"2018-08-30","purchased_purges":7,"victory":true,"max_hp_per_floor":[75,75,75,75,75,75,75,75,75,75,75,75,75,75,75,75,80,80,80,80,80,80,80,80,80,80,85,85,85,85,85,85,85,85,85,85,85,85,85,85,85,85,85,85,85,85,85,81,81,81],"card_choices":[{"not_picked":["Coolheaded","Rebound"],"picked":"Gash","floor":1},{"not_picked":["Force Field","Capacitor"],"picked":"Beam Cell","floor":2},{"not_picked":["Hello World","Amplify","Storm"],"picked":"SKIP","floor":5},{"not_picked":["Sunder","Fusion"],"picked":"FTL","floor":7},{"not_picked":["Steam","Beam Cell"],"picked":"Auto Shields","floor":8},{"not_picked":["Hologram","Ball Lightning","Meteor Strike"],"picked":"SKIP","floor":14},{"not_picked":["Rainbow","Hyperbeam"],"picked":"Machine Learning","floor":16},{"not_picked":["Cold Snap","Compile Driver"],"picked":"Coolheaded","floor":17},{"not_picked":["Leap","Redo","Lockon+1"],"picked":"SKIP","floor":18},{"not_picked":["Cold Snap+1","FTL"],"picked":"Gash","floor":24},{"not_picked":["Conserve Battery+1","Aggregate+1"],"picked":"Gash+1","floor":28},{"not_picked":["Fusion+1","BootSequence+1","Heatsinks"],"picked":"SKIP","floor":30},{"not_picked":["Meteor Strike+1","Amplify+1"],"picked":"Reboot+1","floor":33},{"not_picked":["Redo+1"],"picked":"SKIP","floor":35},{"not_picked":["Tempest+1"],"picked":"SKIP","floor":37},{"not_picked":[],"picked":"White Noise+1","floor":38},{"not_picked":["Conserve Battery+1"],"picked":"SKIP","floor":45}],"player_experience":19318,"relics_obtained":[{"floor":9,"key":"Pen Nib"},{"floor":12,"key":"Odd Mushroom"},{"floor":14,"key":"Centennial Puzzle"},{"floor":26,"key":"Molten Egg 2"},{"floor":43,"key":"Regal Pillow"}],"event_choices":[{"event_name":"Scrap Ooze","player_choice":"success","floor":3,"damage_taken":3},{"event_name":"The Cleric","player_choice":"Leave","floor":11,"damage_taken":0},{"event_name":"Mushrooms","player_choice":"Fought Mushrooms","floor":12,"damage_taken":0},{"event_name":"Addict","player_choice":"Obtained Relic","floor":19,"damage_taken":0},{"event_name":"Nest","player_choice":"Stole From Cult","floor":21,"damage_taken":0},{"event_name":"Forgotten Altar","player_choice":"Shed Blood","floor":27,"damage_taken":0},{"event_name":"Mysterious Sphere","player_choice":"Ignore","floor":42,"damage_taken":0},{"event_name":"Bonfire Elementals","player_choice":"BASIC","floor":46,"damage_taken":0},{"event_name":"Winding Halls","player_choice":"Max HP","floor":48,"damage_taken":0}],"is_beta":false,"boss_relics":[{"not_picked":["Eternal Feather","White Beast Statue"],"picked":"Tiny House"},{"not_picked":["Lizard Tail","Calling Bell"],"picked":"Busted Crown"}],"items_purged_floors":[4,10,20,22,36,39,41],"is_endless":false,"potions_floor_spawned":[7,8,12,14,18,24,28,35],"ascension_level":0}