{"gold_per_floor":[116,133,64,75,86,86,100,100,100,110,136,86,96,107,107,209,209,228,228,244,260,279,279,299,299],"floor_reached":25,"playtime":5238,"items_purged":[],"score":248,"play_id":"716eea93-2cb7-4b12-9351-39a06e1cd11f","local_time":"20190203012320","is_ascension_mode":true,"campfire_choices":[{"data":"Neutralize","floor":6,"key":"SMITH"},{"data":"Survivor","floor":8,"key":"SMITH"},{"data":"Noxious Fumes","floor":15,"key":"SMITH"},{"floor":23,"key":"REST"}],"neow_cost":"NONE","seed_source_timestamp":211780396553038,"circlet_count":0,"master_deck":["Defend_G","Defend_G","Defend_G","Defend_G","Defend_G","Strike_G","Strike_G","Strike_G","Strike_G","Survivor+1","Neutralize+1","Caltrops","Poisoned Stab","Catalyst","Masterful Stab","Flying Knee","Escape Plan","Heel Hook","Flying Knee","Noxious Fumes+1","Cloak And Dagger","Corpse Explosion","Quick Slash","Flying Knee+1","Prepared","Crippling Poison+1"],"relics":["Ring of the Snake","NeowsBlessing","Kunai","Pear","WristBlade"],"potions_floor_usage":[11,11,21,21,22,25],"damage_taken":[{"damage":0,"enemies":"Cultist","floor":1,"turns":1},{"damage":0,"enemies":"2 Louse","floor":2,"turns":1},{"damage":0,"enemies":"Jaw Worm","floor":4,"turns":1},{"damage":0,"enemies":"3 Louse","floor":5,"turns":3},{"damage":4,"enemies":"Gremlin Gang","floor":7,"turns":6},{"damage":5,"enemies":"Blue Slaver","floor":10,"turns":3},{"damage":0,"enemies":"Gremlin Nob","floor":11,"turns":4},{"damage":2,"enemies":"Looter","floor":13,"turns":3},{"damage":5,"enemies":"Red Slaver","floor":14,"turns":4},{"damage":24,"enemies":"Hexaghost","floor":16,"turns":10},{"damage":7,"enemies":"Chosen","floor":18,"turns":5},{"damage":14,"enemies":"Shell Parasite","floor":20,"turns":4},{"damage":16,"enemies":"Snake Plant","floor":21,"turns":5},{"damage":31,"enemies":"Snecko","floor":22,"turns":6},{"damage":16,"enemies":"Shelled Parasite and Fungi","floor":24,"turns":5},{"damage":9,"enemies":"Chosen and Byrds","floor":25,"turns":4}],"seed_played":"-5015308021109871090","potions_obtained":[{"floor":1,"key":"Ancient Potion"},{"floor":4,"key":"PowerPotion"},{"floor":5,"key":"GhostInAJar"},{"floor":16,"key":"Strength Potion"},{"floor":18,"key":"PowerPotion"},{"floor":19,"key":"GhostInAJar"},{"floor":21,"key":"EssenceOfSteel"}],"is_trial":false,"path_per_floor":["?","?","M"],"character_chosen":"THE_SILENT","items_purchased":["Catalyst"],"campfire_rested":1,"item_purchase_floors":[3],"current_hp_per_floor":[70,70,70,70,70,70,66,66,66,61,71,71,69,64,64,40,80,73,73,59,43,12,36,20,11],"gold":299,"neow_bonus":"THREE_ENEMY_KILL","is_prod":false,"is_daily":false,"chose_seed":false,"campfire_upgraded":3,"win_rate":0,"timestamp":1549153400,"path_taken":["M","M","$","M","M","R","M","R","T","M","E","?","M","M","R","BOSS","M","?","M","M","M","R","?","M"],"build_version":"2019-01-23","purchased_purges":0,"victory":false,"max_hp_per_floor":[70,70,70,70,70,70,70,70,70,70,80,80,80,80,80,80,80,80,80,80,80,80,80,80,80],"card_choices":[{"not_picked":["All Out Attack","Dodge and Roll"],"picked":"Caltrops","floor":1},{"not_picked":["Catalyst","Quick Slash"],"picked":"Poisoned Stab","floor":2},{"not_picked":["Blade Dance","Terror"],"picked":"Masterful Stab","floor":4},{"not_picked":["Choke","Slice"],"picked":"Flying Knee","floor":5},{"not_picked":["Dodge and Roll","Catalyst"],"picked":"Escape Plan","floor":7},{"not_picked":["Acrobatics","Slice"],"picked":"Heel Hook","floor":10},{"not_picked":["Deflect","Blur"],"picked":"Flying Knee","floor":11},{"not_picked":["Outmaneuver","Backflip"],"picked":"Noxious Fumes","floor":13},{"not_picked":["Dagger Throw","Dodge and Roll"],"picked":"Cloak And Dagger","floor":14},{"not_picked":["Tools of the Trade","Malaise"],"picked":"Corpse Explosion","floor":16},{"not_picked":["Endless Agony","Underhanded Strike+1"],"picked":"Quick Slash","floor":18},{"not_picked":["PiercingWail","Dagger Throw"],"picked":"Flying Knee+1","floor":20},{"not_picked":["Acrobatics","Outmaneuver"],"picked":"Prepared","floor":21},{"not_picked":["Sucker Punch+1","Acrobatics"],"picked":"Crippling Poison+1","floor":22},{"not_picked":["Acrobatics","Underhanded Strike+1","Reflex"],"picked":"SKIP","floor":24}],"player_experience":154654,"relics_obtained":[{"floor":9,"key":"Kunai"},{"floor":11,"key":"Pear"}],"event_choices":[{"cards_removed":["Strike_G"],"damage_healed":0,"gold_gain":0,"player_choice":"Card Removal","damage_taken":0,"max_hp_gain":0,"max_hp_loss":0,"event_name":"The Cleric","floor":12,"gold_loss":50},{"damage_healed":0,"gold_gain":0,"player_choice":"Got Potions","damage_taken":0,"max_hp_gain":0,"max_hp_loss":0,"event_name":"Lab","floor":19,"gold_loss":0}],"is_beta":false,"boss_relics":[{"not_picked":["HoveringKite","Calling Bell"],"picked":"WristBlade"}],"items_purged_floors":[],"is_endless":false,"potions_floor_spawned":[1,4,5,7,16,18,21],"killed_by":"Chosen and Byrds","ascension_level":1}