{"gold_per_floor":[115,215,235,110,130,130,141,141,141,141,141,166,166],"floor_reached":13,"playtime":219,"items_purged":["Strike_R"],"score":116,"play_id":"a8d25e59-0668-4eeb-b6a8-09a4eb4ec184","local_time":"20181115235938","is_ascension_mode":true,"campfire_choices":[{"data":"Flex","floor":6,"key":"SMITH"},{"floor":10,"key":"DIG"}],"neow_cost":"NONE","seed_source_timestamp":18447572212018,"circlet_count":0,"master_deck":["Strike_R","Strike_R","Strike_R","Strike_R","Defend_R","Defend_R","Defend_R+1","Defend_R","Bash","Sword Boomerang","Twin Strike","Flex+1","Reaper+1","True Grit"],"relics":["Burning Blood","NeowsBlessing","Shovel","Champion Belt","WingedGreaves"],"potions_floor_usage":[12],"damage_taken":[{"damage":0,"enemies":"Jaw Worm","floor":1,"turns":1},{"damage":0,"enemies":"Cultist","floor":3,"turns":1},{"damage":0,"enemies":"2 Louse","floor":5,"turns":1},{"damage":16,"enemies":"Looter","floor":7,"turns":4},{"damage":32,"enemies":"Lagavulin","floor":12,"turns":6},{"damage":58,"enemies":"3 Sentries","floor":13,"turns":7}],"seed_played":"2196095399293121169","potions_obtained":[{"floor":3,"key":"SpeedPotion"},{"floor":7,"key":"Poison Potion"}],"is_trial":false,"path_per_floor":["M","?","M","$","M","R","M","?","T","R","?","E","E"],"character_chosen":"IRONCLAD","items_purchased":["Flex"],"campfire_rested":0,"item_purchase_floors":[4],"current_hp_per_floor":[78,78,80,80,80,80,74,79,79,79,62,41,0],"gold":166,"neow_bonus":"THREE_ENEMY_KILL","is_prod":false,"is_daily":false,"chose_seed":false,"campfire_upgraded":1,"win_rate":0,"timestamp":1542326378,"path_taken":["M","?","M","$","?","R","M","?","T","R","?","E","E"],"build_version":"2018-11-08","purchased_purges":1,"victory":false,"max_hp_per_floor":[80,80,80,80,80,80,80,85,85,85,85,85,85],"card_choices":[{"not_picked":["Flex","Clash"],"picked":"Sword Boomerang","floor":1},{"not_picked":["Fire Breathing","Power Through"],"picked":"Twin Strike","floor":3},{"not_picked":["Havoc","Heavy Blade"],"picked":"Reaper","floor":5},{"not_picked":["Bloodletting","Dropkick","Flex"],"picked":"SKIP","floor":7},{"not_picked":["Clash","Sword Boomerang"],"picked":"True Grit","floor":12}],"player_experience":173365,"relics_obtained":[{"floor":9,"key":"Shovel"},{"floor":10,"key":"Champion Belt"},{"floor":12,"key":"WingedGreaves"}],"event_choices":[{"damage_healed":0,"gold_gain":100,"player_choice":"Pray","damage_taken":0,"max_hp_gain":0,"max_hp_loss":0,"event_name":"Golden Shrine","floor":2,"gold_loss":0},{"damage_healed":0,"gold_gain":0,"player_choice":"Donut","damage_taken":0,"max_hp_gain":5,"max_hp_loss":0,"event_name":"Big Fish","floor":8,"gold_loss":0},{"damage_healed":0,"gold_gain":0,"player_choice":"Entered Light","damage_taken":17,"max_hp_gain":0,"max_hp_loss":0,"event_name":"Shining Light","floor":11,"gold_loss":0,"cards_upgraded":["Defend_R","Reaper"]}],"is_beta":false,"boss_relics":[],"items_purged_floors":[4],"is_endless":false,"potions_floor_spawned":[3,7],"killed_by":"3 Sentries","ascension_level":8}