{"gold_per_floor":[118,132,149,167,167,167,19,30,54,64,76,76,56,71,71,170,170,187,0,0,14,32,32,32,32,85,85,85,85,102,102,102,199,199,215,228,61,61,75,75,75,75,75,75],"floor_reached":44,"playtime":4458,"items_purged":["Strike_B","Strike_B"],"score":400,"play_id":"00d8edd2-f0b3-4db5-a7af-e1a00f9c23af","local_time":"20190131232256","is_ascension_mode":false,"campfire_choices":[{"data":"Genetic Algorithm","floor":6,"key":"SMITH"},{"data":"Darkness","floor":12,"key":"SMITH"},{"data":"Hologram","floor":15,"key":"SMITH"},{"data":"Fission","floor":23,"key":"SMITH"},{"data":"Double Energy","floor":25,"key":"SMITH"},{"data":"Dualcast","floor":29,"key":"SMITH"},{"data":"Coolheaded","floor":32,"key":"SMITH"},{"data":"Self Repair","floor":40,"key":"SMITH"},{"data":"Reinforced Body","floor":42,"key":"SMITH"}],"neow_cost":"NONE","seed_source_timestamp":274777034018080,"circlet_count":0,"master_deck":["Strike_B","Strike_B","Defend_B","Defend_B","Defend_B","Defend_B","Zap","Dualcast+1","Cold Snap","Go for the Eyes","Genetic Algorithm+1","Hologram+1","Darkness+1","Capacitor","Coolheaded","Reinforced Body+1","Coolheaded+1","Fission+1","Coolheaded","Double Energy+1","Conserve Battery","Go for the Eyes+1","Multi-Cast","Turbo+1","Ball Lightning+1","Self Repair+1","Darkness+1"],"relics":["Coffee Dripper"],"potions_floor_usage":[8,8,33,39],"damage_taken":[{"damage":0,"enemies":"Cultist","floor":1,"turns":4},{"damage":0,"enemies":"Small Slimes","floor":2,"turns":4},{"damage":1,"enemies":"Jaw Worm","floor":3,"turns":4},{"damage":11,"enemies":"Exordium Thugs","floor":4,"turns":8},{"damage":0,"enemies":"2 Fungi Beasts","floor":8,"turns":2},{"damage":2,"enemies":"Large Slime","floor":10,"turns":7},{"damage":1,"enemies":"Blue Slaver","floor":11,"turns":5},{"damage":12,"enemies":"Exordium Thugs","floor":14,"turns":4},{"damage":7,"enemies":"The Guardian","floor":16,"turns":10},{"damage":0,"enemies":"3 Byrds","floor":18,"turns":5},{"damage":0,"enemies":"2 Thieves","floor":21,"turns":5},{"damage":20,"enemies":"Snecko","floor":22,"turns":9},{"damage":7,"enemies":"Shelled Parasite and Fungi","floor":30,"turns":9},{"damage":70,"enemies":"Collector","floor":33,"turns":25},{"damage":12,"enemies":"3 Darklings","floor":35,"turns":6},{"damage":13,"enemies":"3 Shapes","floor":36,"turns":8},{"damage":13,"enemies":"Spire Growth","floor":39,"turns":6},{"damage":45,"enemies":"Reptomancer","floor":44,"turns":11}],"seed_played":"4547967920151034319","potions_obtained":[{"floor":2,"key":"FairyPotion"},{"floor":3,"key":"Fire Potion"},{"floor":4,"key":"Explosive Potion"},{"floor":13,"key":"Swift Potion"},{"floor":18,"key":"Ancient Potion"},{"floor":39,"key":"Poison Potion"}],"is_trial":false,"path_per_floor":["M","M","M","M","?","R","$","M","T","M","M","R","?","M","R","B",null,"M","?","$","M","M","R","?","R","T","?","$","R","M","?","R","B",null,"M","M","$","?","M","R","?","R","T","E"],"character_chosen":"DEFECT","items_purchased":["Darkness","Self Repair"],"campfire_rested":0,"item_purchase_floors":[7,37],"current_hp_per_floor":[75,75,74,63,63,63,63,63,63,61,60,60,60,48,48,41,75,75,75,75,75,55,55,75,75,75,75,75,75,68,68,68,7,75,63,50,50,50,44,44,44,44,44,0],"gold":75,"neow_bonus":"BOSS_RELIC","is_prod":false,"is_daily":false,"chose_seed":false,"campfire_upgraded":9,"win_rate":0,"timestamp":1549005776,"path_taken":["M","M","?","M","?","R","$","M","T","M","M","R","?","M","R","BOSS","M","?","$","M","M","R","?","R","T","?","?","R","?","?","R","BOSS","M","M","$","?","M","R","?","R","T","E"],"build_version":"2019-01-23","purchased_purges":2,"victory":false,"max_hp_per_floor":[75,75,75,75,75,75,75,75,75,75,75,75,75,75,75,75,75,75,75,75,75,75,75,75,75,75,75,75,75,75,75,75,75,75,75,75,75,75,75,75,75,75,75,75],"card_choices":[{"not_picked":["Rebound","Static Discharge"],"picked":"Cold Snap","floor":1},{"not_picked":["Streamline","Turbo"],"picked":"Go for the Eyes","floor":2},{"not_picked":["Coolheaded","Stack"],"picked":"Genetic Algorithm","floor":3},{"not_picked":["Rebound","All For One"],"picked":"Hologram","floor":4},{"not_picked":["Redo","Steam"],"picked":"Capacitor","floor":8},{"not_picked":["Rebound","Melter"],"picked":"Coolheaded","floor":10},{"not_picked":["Leap","Blizzard"],"picked":"Reinforced Body","floor":11},{"not_picked":["Go for the Eyes","Lockon"],"picked":"Coolheaded","floor":14},{"not_picked":["Thunder Strike","All For One"],"picked":"Fission","floor":16},{"not_picked":["Gash+1","Cold Snap"],"picked":"Coolheaded","floor":18},{"not_picked":["Redo","Cold Snap"],"picked":"Double Energy","floor":21},{"not_picked":["BootSequence","Steam Power"],"picked":"Conserve Battery","floor":22},{"not_picked":["Steam+1","Barrage"],"picked":"Go for the Eyes+1","floor":30},{"not_picked":["Amplify","Biased Cognition"],"picked":"Multi-Cast","floor":33},{"not_picked":["Stack+1","Streamline"],"picked":"Turbo+1","floor":35},{"not_picked":["Compile Driver+1","Steam+1"],"picked":"Ball Lightning+1","floor":36},{"not_picked":["Conserve Battery","Barrage"],"picked":"Darkness+1","floor":39}],"player_experience":383345,"relics_obtained":[],"event_choices":[{"damage_healed":0,"gold_gain":0,"player_choice":"Fled","damage_taken":0,"max_hp_gain":0,"max_hp_loss":0,"event_name":"Scrap Ooze","floor":5,"gold_loss":0},{"damage_healed":0,"gold_gain":0,"player_choice":"Bought 1 Potion","damage_taken":0,"max_hp_gain":0,"max_hp_loss":0,"event_name":"The Woman in Blue","floor":13,"gold_loss":0},{"damage_healed":0,"gold_gain":0,"player_choice":"Paid Fearfully","damage_taken":0,"max_hp_gain":0,"max_hp_loss":0,"event_name":"Masked Bandits","floor":19,"gold_loss":187},{"damage_healed":25,"gold_gain":0,"player_choice":"Heal","damage_taken":0,"max_hp_gain":0,"max_hp_loss":0,"event_name":"The Library","floor":24,"gold_loss":0},{"damage_healed":0,"gold_gain":0,"player_choice":"Ignored","damage_taken":0,"max_hp_gain":0,"max_hp_loss":0,"event_name":"Vampires","floor":27,"gold_loss":0},{"damage_healed":0,"gold_gain":0,"player_choice":"Leave","damage_taken":0,"max_hp_gain":0,"max_hp_loss":0,"event_name":"FaceTrader","floor":31,"gold_loss":0},{"damage_healed":0,"gold_gain":0,"player_choice":"Ignored","damage_taken":0,"max_hp_gain":0,"max_hp_loss":0,"event_name":"Mysterious Sphere","floor":38,"gold_loss":0},{"damage_healed":0,"gold_gain":0,"player_choice":"Ignored","damage_taken":0,"max_hp_gain":0,"max_hp_loss":0,"event_name":"Tomb of Lord Red Mask","floor":41,"gold_loss":0}],"is_beta":false,"boss_relics":[{"not_picked":["Runic Dome","Astrolabe","Black Star"]},{"not_picked":["Runic Dome","Astrolabe","Black Star"]}],"items_purged_floors":[7,37],"is_endless":false,"potions_floor_spawned":[2,3,4,18,21,22,39],"killed_by":"Reptomancer","ascension_level":0}