{"gold_per_floor":[20,20,38,38,48,81,93,154,166,178,203,215,260,289,301,410,422,451,480,492,523,555,567,579,591,603,615,637,666,752,777,789,902,914,941,968,343,397,34,34,48,77,77,77,97,28,28,28,28,28],"floor_reached":51,"playtime":3743,"items_purged":["Strike_R+1"],"score":864,"play_id":"977ae986-0867-42d0-947b-6861a38eb2a2","local_time":"20180819045957","is_ascension_mode":true,"campfire_choices":[{"data":"Uppercut","floor":7,"key":"SMITH"},{"floor":12,"key":"REST"},{"data":"1","floor":15,"key":"LIFT"},{"floor":23,"key":"REST"},{"data":"2","floor":25,"key":"LIFT"},{"data":"3","floor":27,"key":"LIFT"},{"data":"Whirlwind","floor":32,"key":"SMITH"},{"data":"Apotheosis","floor":40,"key":"SMITH"},{"data":"Barricade","floor":47,"key":"SMITH"},{"floor":49,"key":"REST"}],"neow_cost":"NO_GOLD","seed_source_timestamp":1140640570390236,"circlet_count":0,"master_deck":["Strike_R+1","Strike_R+1","Strike_R+1","Defend_R+1","Defend_R+1","Defend_R+1","Defend_R+1","Bash","Twin Strike","Uppercut+1","Heavy Blade","Immolate","Pommel Strike","Cleave","Impervious","Infernal Blade","RitualDagger","Rupture+1","Thunderclap+1","Havoc","Perfected Strike","Whirlwind+1","Barricade+1","Headbutt","Offering","Enlightenment","Chrysalis","Cleave+1","Apotheosis+1","Inflame","Whirlwind","Shrug It Off+1","Perfected Strike+1","Thunderclap+1","Whirlwind"],"relics":["Burning Blood","Gambling Chip","FaceOfCleric","MawBank","Ancient Tea Set","Girya","Ice Cream","Busted Crown","Orichalcum","Mercury Hourglass","Sozu","ClockworkSouvenir","Mango","Bottled Tornado","Torii","Prayer Wheel"],"potions_floor_usage":[16,16,16,33,50,50],"damage_taken":[{"damage":10,"enemies":"Cultist","floor":1,"turns":5},{"damage":3,"enemies":"Jaw Worm","floor":3,"turns":4},{"damage":14,"enemies":"Small Slimes","floor":5,"turns":4},{"damage":22,"enemies":"Gremlin Nob","floor":6,"turns":4},{"damage":18,"enemies":"Blue Slaver","floor":11,"turns":4},{"damage":10,"enemies":"3 Sentries","floor":13,"turns":5},{"damage":1,"enemies":"2 Fungi Beasts","floor":14,"turns":2},{"damage":34,"enemies":"Hexaghost","floor":16,"turns":8},{"damage":13,"enemies":"3 Byrds","floor":18,"turns":4},{"damage":7,"enemies":"Chosen","floor":19,"turns":3},{"damage":43,"enemies":"Sentry and Sphere","floor":21,"turns":6},{"damage":13,"enemies":"Snecko","floor":22,"turns":4},{"damage":0,"enemies":"Snake Plant","floor":28,"turns":1},{"damage":8,"enemies":"Centurion and Healer","floor":29,"turns":2},{"damage":0,"enemies":"Chosen and Byrds","floor":31,"turns":3},{"damage":56,"enemies":"Automaton","floor":33,"turns":8},{"damage":3,"enemies":"Orb Walker","floor":35,"turns":2},{"damage":0,"enemies":"Flame Bruiser 1 Orb","floor":36,"turns":3},{"damage":18,"floor":38,"turns":4},{"damage":18,"enemies":"Spire Growth","floor":41,"turns":2},{"damage":8,"enemies":"Giant Head","floor":42,"turns":7},{"damage":0,"floor":44,"turns":3},{"damage":10,"enemies":"Sphere and 2 Shapes","floor":45,"turns":2},{"damage":61,"enemies":"Time Eater","floor":50,"turns":7}],"seed_played":"1765843298976564615","potions_obtained":[{"floor":1,"key":"Energy Potion"},{"floor":3,"key":"EssenceOfSteel"},{"floor":6,"key":"Poison Potion"},{"floor":19,"key":"LiquidBronze"},{"floor":21,"key":"LiquidBronze"},{"floor":31,"key":"AttackPotion"}],"is_trial":false,"path_per_floor":["M","$","M","?","M","E","R","T","T","?","M","R","E","M","R","B",null,"M","M","?","M","M","R","?","R","T","R","M","M","T","M","R","B",null,"M","M","$","?","$","R","M","E","T","?","M","$","R","?","R","B"],"character_chosen":"IRONCLAD","items_purchased":["Offering","ClockworkSouvenir","Enlightenment","Chrysalis","Apotheosis","Inflame","Whirlwind","Whirlwind"],"campfire_rested":3,"item_purchase_floors":[37,37,37,37,39,39,39,46],"current_hp_per_floor":[76,76,79,79,72,57,57,57,57,50,39,63,60,66,66,39,86,80,80,74,38,32,59,59,59,59,59,66,65,65,72,72,23,94,95,96,96,99,99,99,88,87,87,94,91,91,91,91,115,61],"gold":28,"neow_bonus":"ONE_RARE_RELIC","is_prod":false,"is_daily":false,"chose_seed":false,"campfire_upgraded":4,"win_rate":0,"timestamp":1534672797,"path_taken":["M","?","M","?","M","E","R","?","T","?","?","R","E","M","R","BOSS","M","?","?","M","M","R","?","R","T","R","M","M","?","?","R","BOSS","M","M","$","?","?","R","M","E","T","?","M","$","R","?","R","BOSS"],"build_version":"2018-08-16","purchased_purges":1,"victory":true,"max_hp_per_floor":[80,80,80,80,81,82,82,82,82,82,83,83,84,85,85,86,86,87,88,88,89,90,90,90,90,90,90,91,92,92,93,93,94,94,95,96,96,111,111,111,112,113,113,114,115,115,115,115,115,116],"card_choices":[{"not_picked":["Rage","Wild Strike"],"picked":"Twin Strike","floor":1},{"not_picked":["Shockwave","True Grit"],"picked":"Uppercut","floor":3},{"not_picked":["Feel No Pain","Seeing Red"],"picked":"Heavy Blade","floor":5},{"not_picked":["Anger","Body Slam"],"picked":"Immolate","floor":6},{"not_picked":["Armaments","Heavy Blade"],"picked":"Pommel Strike","floor":11},{"not_picked":["Armaments","Body Slam","Exhume"],"picked":"SKIP","floor":13},{"not_picked":["Clash","Warcry"],"picked":"Cleave","floor":14},{"not_picked":["Bludgeon","Dark Embrace"],"picked":"Impervious","floor":16},{"not_picked":["Wild Strike"],"picked":"SKIP","floor":18},{"not_picked":[],"picked":"Infernal Blade","floor":19},{"not_picked":[],"picked":"Rupture+1","floor":21},{"not_picked":[],"picked":"Thunderclap+1","floor":22},{"not_picked":[],"picked":"Havoc","floor":28},{"not_picked":[],"picked":"Perfected Strike","floor":29},{"not_picked":[],"picked":"Whirlwind","floor":31},{"not_picked":[],"picked":"Barricade","floor":33},{"not_picked":[],"picked":"Headbutt","floor":35},{"not_picked":["Pommel Strike"],"picked":"SKIP","floor":36},{"not_picked":[],"picked":"Cleave+1","floor":38},{"not_picked":["Dropkick"],"picked":"SKIP","floor":41},{"not_picked":[],"picked":"Shrug It Off+1","floor":42},{"not_picked":[],"picked":"Perfected Strike+1","floor":44},{"not_picked":[],"picked":"Thunderclap+1","floor":45},{"not_picked":["Intimidate"],"picked":"SKIP","floor":45}],"player_experience":130042,"relics_obtained":[{"floor":6,"key":"MawBank"},{"floor":8,"key":"Ancient Tea Set"},{"floor":9,"key":"Girya"},{"floor":13,"key":"Ice Cream"},{"floor":26,"key":"Orichalcum"},{"floor":30,"key":"Mercury Hourglass"},{"floor":38,"key":"Mango"},{"floor":42,"key":"Bottled Tornado"},{"floor":43,"key":"Torii"},{"floor":44,"key":"Prayer Wheel"}],"event_choices":[{"event_name":"FaceTrader","player_choice":"Trade","floor":4,"damage_taken":0},{"event_name":"Golden Wing","player_choice":"Card Removal","floor":10,"damage_taken":0},{"event_name":"Nest","player_choice":"Joined the Cult","floor":20,"damage_taken":0},{"event_name":"Back to Basics","player_choice":"Simplicity","floor":24,"damage_taken":0},{"event_name":"Mysterious Sphere","player_choice":"Fight","floor":38,"damage_taken":0},{"event_name":"MindBloom","player_choice":"Fight","floor":44,"damage_taken":0},{"event_name":"SensoryStone","player_choice":"Memory 1","floor":48,"damage_taken":0}],"is_beta":false,"boss_relics":[{"not_picked":["Tiny House","Runic Cube"],"picked":"Busted Crown"},{"not_picked":["Snecko Eye","Runic Pyramid"],"picked":"Sozu"}],"items_purged_floors":[37],"is_endless":false,"potions_floor_spawned":[1,3,6,14,19,21,31,36,38,41,45],"ascension_level":4}