{"gold_per_floor":[119,119,139,153,165,165,198,198,225,238,238,257,1,21,21,98,98,118,130,20,20,36,36,49,49,49,63,76,95,95,113,113,113],"floor_reached":33,"playtime":1106,"items_purged":["Strike_R"],"score":497,"play_id":"f5ff0ee7-1df8-45dd-86f2-4a4b1bbe183a","local_time":"20190112110148","is_ascension_mode":true,"campfire_choices":[{"data":"Body Slam","floor":6,"key":"SMITH"},{"data":"Pommel Strike","floor":11,"key":"SMITH"},{"data":"Demon Form","floor":15,"key":"SMITH"},{"floor":23,"key":"RECALL"},{"data":"Body Slam","floor":25,"key":"SMITH"},{"data":"Defend_R","floor":30,"key":"SMITH"},{"data":"Iron Wave","floor":32,"key":"SMITH"}],"neow_cost":"NONE","seed_source_timestamp":40183219215298,"circlet_count":0,"master_deck":["AscendersBane","Strike_R","Strike_R","Strike_R","Defend_R+1","Defend_R+1","Defend_R","Defend_R","Bash","Body Slam+1","Clothesline","Offering","Pommel Strike+1","Demon Form+1","Dark Shackles","Impervious","Battle Trance","Warcry+1","Body Slam+1","Iron Wave+1","Intimidate","Iron Wave+1"],"relics":["Burning Blood","FaceOfCleric","Bag of Marbles","Bag of Preparation","Coffee Dripper","Mummified Hand"],"potions_floor_usage":[5,7,24,28,33,33],"damage_taken":[{"damage":4,"enemies":"Small Slimes","floor":1,"turns":4},{"damage":7,"enemies":"Cultist","floor":3,"turns":4},{"damage":2,"enemies":"2 Louse","floor":4,"turns":3},{"damage":10,"enemies":"Red Slaver","floor":5,"turns":3},{"damage":41,"enemies":"Lagavulin","floor":7,"turns":8},{"damage":7,"enemies":"2 Fungi Beasts","floor":10,"turns":4},{"damage":11,"enemies":"Exordium Thugs","floor":12,"turns":6},{"damage":9,"enemies":"Looter","floor":14,"turns":3},{"damage":37,"enemies":"The Guardian","floor":16,"turns":9},{"damage":0,"enemies":"Chosen","floor":18,"turns":5},{"damage":19,"enemies":"2 Thieves","floor":19,"turns":4},{"damage":27,"enemies":"3 Cultists","floor":22,"turns":6},{"damage":22,"enemies":"Sentry and Sphere","floor":24,"turns":4},{"damage":6,"enemies":"Shelled Parasite and Fungi","floor":27,"turns":3},{"damage":36,"enemies":"Cultist and Chosen","floor":28,"turns":9},{"damage":6,"enemies":"Centurion and Healer","floor":29,"turns":4},{"damage":6,"enemies":"Snake Plant","floor":31,"turns":4},{"damage":54,"enemies":"Automaton","floor":33,"turns":6}],"seed_played":"511984874582423665","potions_obtained":[{"floor":3,"key":"Strength Potion"},{"floor":4,"key":"SkillPotion"},{"floor":5,"key":"SkillPotion"},{"floor":8,"key":"EssenceOfSteel"},{"floor":16,"key":"Regen Potion"},{"floor":24,"key":"Block Potion"},{"floor":31,"key":"Swift Potion"}],"is_trial":false,"path_per_floor":["M","?","M","M","M","R","E","?","T","M","R","M","$","M","R","B",null,"M","M","?","$","M","R","M","R","T","M","M","M","R","M","R","B"],"character_chosen":"IRONCLAD","items_purchased":["Demon Form","Dark Shackles"],"campfire_rested":0,"item_purchase_floors":[13,13],"current_hp_per_floor":[77,77,77,82,79,79,45,45,45,45,45,41,41,39,39,9,70,77,65,65,65,45,45,42,42,42,43,14,15,15,16,16,0],"gold":113,"neow_bonus":"TEN_PERCENT_HP_BONUS","is_prod":false,"is_daily":false,"chose_seed":false,"campfire_upgraded":6,"win_rate":0,"timestamp":1547290908,"path_taken":["M","?","?","M","M","R","E","?","T","?","R","M","$","M","R","BOSS","M","M","?","$","M","R","M","R","T","M","?","M","R","M","R","BOSS"],"build_version":"2019-01-10","purchased_purges":1,"victory":false,"max_hp_per_floor":[82,82,83,84,85,85,86,86,86,87,87,88,88,89,89,90,90,91,92,92,92,93,93,94,94,94,95,96,97,97,98,98,98],"card_choices":[{"not_picked":["Wild Strike","Ghostly Armor"],"picked":"Body Slam","floor":1},{"not_picked":["Perfected Strike","Pommel Strike"],"picked":"Clothesline","floor":3},{"not_picked":["Anger","Flex"],"picked":"Offering","floor":4},{"not_picked":["Body Slam","Clothesline"],"picked":"Pommel Strike","floor":5},{"not_picked":["Bloodletting","Carnage","Havoc"],"picked":"SKIP","floor":7},{"not_picked":["Searing Blow","Cleave","Flex"],"picked":"SKIP","floor":10},{"not_picked":["Second Wind","Blood for Blood","Sever Soul"],"picked":"SKIP","floor":12},{"not_picked":["Corruption","Clash","Wild Strike"],"picked":"SKIP","floor":14},{"not_picked":["Dark Embrace","Exhume"],"picked":"Impervious","floor":16},{"not_picked":["Clothesline","Warcry"],"picked":"Battle Trance","floor":18},{"not_picked":["Perfected Strike","Thunderclap"],"picked":"Warcry+1","floor":19},{"not_picked":["Ghostly Armor","Clash"],"picked":"Body Slam","floor":22},{"not_picked":["True Grit","Brutality"],"picked":"Iron Wave+1","floor":24},{"not_picked":["Wild Strike","Combust"],"picked":"Intimidate","floor":27},{"not_picked":["Shockwave","Hemokinesis","Inflame"],"picked":"SKIP","floor":28},{"not_picked":["Warcry","Armaments","Clothesline"],"picked":"SKIP","floor":29},{"not_picked":["Headbutt","Carnage"],"picked":"Iron Wave","floor":31}],"player_experience":366767,"relics_obtained":[{"floor":7,"key":"Bag of Marbles"},{"floor":9,"key":"Bag of Preparation"},{"floor":26,"key":"Mummified Hand"}],"event_choices":[{"damage_healed":0,"gold_gain":0,"player_choice":"Trade","damage_taken":0,"relics_obtained":["FaceOfCleric"],"max_hp_gain":0,"max_hp_loss":0,"event_name":"FaceTrader","floor":2,"gold_loss":0},{"damage_healed":0,"gold_gain":0,"player_choice":"Got Potions","damage_taken":0,"max_hp_gain":0,"max_hp_loss":0,"event_name":"Lab","floor":8,"gold_loss":0},{"cards_removed":["Strike_R"],"damage_healed":0,"gold_gain":0,"player_choice":"Upgrade and Remove","damage_taken":0,"max_hp_gain":0,"max_hp_loss":0,"event_name":"Designer","floor":20,"gold_loss":110,"cards_upgraded":["Defend_R"]}],"is_beta":false,"boss_relics":[{"not_picked":["Lizard Tail","Black Blood"],"picked":"Coffee Dripper"}],"items_purged_floors":[13],"is_endless":false,"potions_floor_spawned":[3,4,5,16,18,22,24,31],"killed_by":"Automaton","ascension_level":17}