{"gold_per_floor":[115,115,139,153,153,153,177,177,177,203,216,230,85,128,128,259,259,282,282,307,321,337,337,337,337,337,352,352,267,118,118,118,249,249,267,288,621,621],"floor_reached":38,"playtime":3605,"items_purged":["Decay"],"score":420,"play_id":"1fb8a3db-201f-481b-bf06-771437208b2a","local_time":"20180819155652","is_ascension_mode":true,"campfire_choices":[{"data":"Loop","floor":6,"key":"SMITH"},{"floor":8,"key":"REST"},{"floor":15,"key":"REST"},{"floor":23,"key":"REST"},{"data":"Defragment","floor":25,"key":"SMITH"},{"data":"Double Energy","floor":32,"key":"SMITH"}],"neow_cost":"NONE","seed_source_timestamp":1180212241212961,"circlet_count":0,"master_deck":["Defend_B","Defend_B","Defend_B","Defend_B","Zap","Dualcast","Ball Lightning","Loop+1","Tempest","Self Repair","Coolheaded","Tempest","Double Energy+1","Coolheaded","Rebound","Defragment+1","Electrodynamics","Chaos+1","Leap","Tempest+1","Cold Snap+1","Bite","Bite","Bite","Bite","Bite","Capacitor+1","Biased Cognition+1","Double Energy+1","Loop+1"],"relics":["Black Star","Pantograph","Ornamental Fan","Juzu Bracelet","Orichalcum","Pen Nib","Cursed Key","Nilry\u0027s Codex","Frozen Egg 2","Bronze Scales","Inserter"],"potions_floor_usage":[16,16,33,33,38,38],"damage_taken":[{"damage":4,"enemies":"2 Louse","floor":1,"turns":3},{"damage":6,"enemies":"Jaw Worm","floor":3,"turns":2},{"damage":1,"enemies":"Cultist","floor":4,"turns":3},{"damage":14,"enemies":"Blue Slaver","floor":7,"turns":4},{"damage":27,"enemies":"Exordium Wildlife","floor":11,"turns":5},{"damage":11,"enemies":"Large Slime","floor":12,"turns":5},{"damage":11,"enemies":"Lagavulin","floor":14,"turns":7},{"damage":36,"enemies":"Slime Boss","floor":16,"turns":8},{"damage":8,"enemies":"Shell Parasite","floor":18,"turns":4},{"damage":25,"enemies":"2 Thieves","floor":20,"turns":3},{"damage":13,"enemies":"Chosen and Byrds","floor":21,"turns":5},{"damage":31,"enemies":"Snake Plant","floor":22,"turns":3},{"damage":21,"enemies":"Centurion and Healer","floor":27,"turns":6},{"damage":41,"enemies":"Automaton","floor":33,"turns":7},{"damage":28,"enemies":"Flame Bruiser 1 Orb","floor":35,"turns":4},{"damage":0,"enemies":"Orb Walker","floor":36,"turns":4},{"damage":37,"enemies":"3 Darklings","floor":38,"turns":3}],"seed_played":"2609347478571363904","potions_obtained":[{"floor":3,"key":"Swift Potion"},{"floor":11,"key":"PowerPotion"},{"floor":12,"key":"Energy Potion"},{"floor":18,"key":"SteroidPotion"},{"floor":20,"key":"Swift Potion"},{"floor":22,"key":"SkillPotion"},{"floor":33,"key":"LiquidBronze"},{"floor":35,"key":"EssenceOfSteel"}],"is_trial":false,"path_per_floor":["M","?","M","M","?","R","M","R","T","T","M","M","$","E","R","B",null,"M","?","M","M","M","R","?","R","T","M","?","?","$","?","R","B",null,"M","M","?"],"character_chosen":"DEFECT","items_purchased":["Double Energy","Coolheaded","Rebound","Capacitor+1"],"campfire_rested":3,"item_purchase_floors":[13,13,13,30],"current_hp_per_floor":[71,69,63,62,55,55,41,61,61,61,41,37,37,33,53,47,69,68,52,34,35,11,31,31,31,31,34,34,34,34,34,34,13,48,24,35,35,0],"gold":621,"neow_bonus":"BOSS_RELIC","is_prod":false,"is_daily":false,"chose_seed":false,"campfire_upgraded":3,"win_rate":0,"timestamp":1534712212,"path_taken":["M","?","M","?","?","R","M","R","T","?","M","M","$","E","R","BOSS","M","?","M","M","M","R","?","R","T","M","?","?","?","?","R","BOSS","M","M","?","M"],"build_version":"2018-08-16","purchased_purges":1,"victory":false,"max_hp_per_floor":[75,69,69,69,69,69,69,69,69,69,69,69,69,69,69,69,69,69,69,69,69,69,69,48,48,48,48,48,48,48,48,48,48,48,48,48,48,48],"card_choices":[{"not_picked":["Coolheaded","Streamline"],"picked":"Ball Lightning","floor":1},{"not_picked":["BootSequence","Ball Lightning"],"picked":"Loop","floor":3},{"not_picked":["Coolheaded","Hologram"],"picked":"Tempest","floor":4},{"not_picked":["Beam Cell","Barrage"],"picked":"Self Repair","floor":7},{"not_picked":["Compile Driver","Steam"],"picked":"Coolheaded","floor":11},{"not_picked":["Auto Shields","Rebound"],"picked":"Tempest","floor":12},{"not_picked":["Fusion","Cold Snap"],"picked":"Defragment","floor":14},{"not_picked":["Biased Cognition","Rainbow"],"picked":"Electrodynamics","floor":16},{"not_picked":["Heatsinks","Coolheaded"],"picked":"Chaos+1","floor":18},{"not_picked":["Beam Cell","Sweeping Beam"],"picked":"Leap","floor":20},{"not_picked":["FTL","Heatsinks"],"picked":"Tempest+1","floor":21},{"not_picked":["Aggregate","Hello World"],"picked":"Cold Snap+1","floor":22},{"not_picked":["Compile Driver","Lockon","Ball Lightning"],"picked":"SKIP","floor":27},{"not_picked":["Rainbow","Buffer+1"],"picked":"Biased Cognition+1","floor":33},{"not_picked":["Ball Lightning+1","Rebound+1"],"picked":"Double Energy+1","floor":35},{"not_picked":["Steam","Conserve Battery+1"],"picked":"Loop+1","floor":36}],"player_experience":141349,"relics_obtained":[{"floor":9,"key":"Ornamental Fan"},{"floor":10,"key":"Juzu Bracelet"},{"floor":14,"key":"Orichalcum"},{"floor":14,"key":"Pen Nib"},{"floor":19,"key":"Nilry\u0027s Codex"},{"floor":26,"key":"Frozen Egg 2"}],"event_choices":[{"event_name":"Golden Idol","player_choice":"Lose Max HP","floor":2,"damage_taken":0},{"event_name":"Scrap Ooze","player_choice":"success","floor":5,"damage_taken":7},{"event_name":"Cursed Tome","player_choice":"Obtained Book","floor":19,"damage_taken":0},{"event_name":"Vampires","player_choice":"Became a vampire","floor":24,"damage_taken":0},{"event_name":"Ghosts","player_choice":"Ignored","floor":28,"damage_taken":0},{"event_name":"Addict","player_choice":"Obtained Relic","floor":29,"damage_taken":0},{"event_name":"Drug Dealer","player_choice":"Ignored","floor":31,"damage_taken":0},{"event_name":"The Moai Head","player_choice":"Gave Idol","floor":37,"damage_taken":0}],"is_beta":false,"boss_relics":[{"not_picked":["Nuclear Battery","White Beast Statue"],"picked":"Cursed Key"},{"not_picked":["Runic Dome","Snecko Eye"],"picked":"Inserter"}],"items_purged_floors":[30],"is_endless":false,"potions_floor_spawned":[3,11,12,18,20,22,33,35],"killed_by":"3 Darklings","ascension_level":1}