{"gold_per_floor":[115,115,37,47,122,122,47,47,47,67,79,156,156,166,166,166],"floor_reached":16,"playtime":290,"items_purged":["Strike_R"],"score":171,"play_id":"16ced09d-42b5-4cf5-a3f9-e50e888ba7cb","local_time":"20190127004213","is_ascension_mode":true,"campfire_choices":[{"data":"True Grit","floor":6,"key":"SMITH"},{"floor":8,"key":"REST"},{"data":"Dropkick","floor":15,"key":"SMITH"}],"neow_cost":"PERCENT_DAMAGE","seed_source_timestamp":2131838467923,"circlet_count":0,"master_deck":["AscendersBane","Strike_R","Strike_R","Strike_R","Strike_R","Defend_R","Defend_R","Defend_R","Defend_R","Bash","Panacea","Trip","True Grit+1","Dropkick+1","Shrug It Off","Dual Wield"],"relics":["Burning Blood","Mercury Hourglass","Dodecahedron"],"potions_floor_usage":[14,16],"damage_taken":[{"damage":16,"enemies":"Jaw Worm","floor":1,"turns":5},{"damage":8,"enemies":"2 Louse","floor":4,"turns":4},{"damage":2,"enemies":"Small Slimes","floor":10,"turns":4},{"damage":7,"enemies":"2 Fungi Beasts","floor":11,"turns":4},{"damage":25,"enemies":"Large Slime","floor":14,"turns":8},{"damage":41,"enemies":"Slime Boss","floor":16,"turns":3}],"seed_played":"-4560481055392483583","potions_obtained":[{"floor":10,"key":"Dexterity Potion"},{"floor":11,"key":"EntropicBrew"}],"is_trial":false,"path_per_floor":["M","?","$","M","?","R","$","R","T","M","M","T","?","M","R","B"],"character_chosen":"IRONCLAD","items_purchased":["Dropkick"],"campfire_rested":1,"item_purchase_floors":[3],"current_hp_per_floor":[40,40,40,38,27,27,27,49,49,53,52,52,52,33,33,0],"gold":166,"neow_bonus":"RANDOM_COLORLESS_2","is_prod":false,"is_daily":false,"chose_seed":false,"campfire_upgraded":2,"win_rate":0,"timestamp":1548549733,"path_taken":["M","?","$","M","?","R","$","R","T","M","M","?","?","M","R","BOSS"],"build_version":"2019-01-23","purchased_purges":1,"victory":false,"max_hp_per_floor":[75,75,75,75,75,75,75,75,75,75,75,75,75,75,75,75],"card_choices":[{"not_picked":["Heavy Blade","Headbutt"],"picked":"True Grit","floor":1},{"not_picked":["Cleave","Whirlwind"],"picked":"Shrug It Off","floor":4},{"not_picked":["Armaments","Reckless Charge","Wild Strike"],"picked":"SKIP","floor":10},{"not_picked":["True Grit","Burning Pact"],"picked":"Dual Wield","floor":11},{"not_picked":["Pommel Strike","Corruption","Anger"],"picked":"SKIP","floor":14}],"player_experience":412192,"relics_obtained":[{"floor":9,"key":"Mercury Hourglass"},{"floor":12,"key":"Dodecahedron"}],"event_choices":[{"damage_healed":0,"gold_gain":0,"player_choice":"Ignored","damage_taken":0,"max_hp_gain":0,"max_hp_loss":0,"event_name":"Golden Idol","floor":2,"gold_loss":0},{"damage_healed":0,"gold_gain":75,"player_choice":"Gather Gold","damage_taken":11,"max_hp_gain":0,"max_hp_loss":0,"event_name":"World of Goop","floor":5,"gold_loss":0},{"damage_healed":0,"gold_gain":0,"player_choice":"Fled","damage_taken":0,"max_hp_gain":0,"max_hp_loss":0,"event_name":"Scrap Ooze","floor":13,"gold_loss":0}],"is_beta":false,"boss_relics":[],"items_purged_floors":[7],"is_endless":false,"potions_floor_spawned":[10,11],"killed_by":"Slime Boss","ascension_level":18}