{"gold_per_floor":[12,27,37,0,0,0,25,25,51,51,85,99,99,99,99,176,176,188,188,19,37,37,37,37,37],"floor_reached":25,"playtime":527,"items_purged":["Strike_R"],"score":393,"play_id":"93f3dccd-a958-4250-b011-e3d3f790ebc7","local_time":"20190114202651","is_ascension_mode":true,"campfire_choices":[{"data":"Rampage","floor":6,"key":"SMITH"},{"data":"Combust","floor":8,"key":"SMITH"},{"data":"Headbutt","floor":10,"key":"SMITH"},{"floor":15,"key":"REST"},{"floor":23,"key":"REST"}],"neow_cost":"NO_GOLD","seed_source_timestamp":7528471915605,"circlet_count":0,"master_deck":["AscendersBane","Strike_R","Strike_R+1","Strike_R+1","Defend_R","Defend_R","Defend_R","Defend_R+1","Bash+1","Rampage+1","Evolve","Headbutt+1","Combust+1","Battle Trance","Warcry","Offering","Shrug It Off","Blind","Whirlwind+1"],"relics":["Burning Blood","Champion Belt","Whetstone","Orichalcum","Lantern","Velvet Choker","CultistMask"],"potions_floor_usage":[7,7,21,25],"damage_taken":[{"damage":1,"enemies":"2 Louse","floor":1,"turns":4},{"damage":7,"enemies":"Small Slimes","floor":2,"turns":3},{"damage":1,"enemies":"Cultist","floor":3,"turns":3},{"damage":26,"enemies":"Gremlin Nob","floor":7,"turns":4},{"damage":23,"enemies":"3 Sentries","floor":11,"turns":5},{"damage":5,"enemies":"Large Slime","floor":12,"turns":4},{"damage":20,"enemies":"Hexaghost","floor":16,"turns":6},{"damage":40,"enemies":"3 Byrds","floor":18,"turns":4},{"damage":13,"enemies":"Chosen","floor":21,"turns":4},{"damage":74,"enemies":"Book of Stabbing","floor":25,"turns":4}],"seed_played":"-8531181815547937725","potions_obtained":[{"floor":1,"key":"Weak Potion"},{"floor":3,"key":"AttackPotion"},{"floor":18,"key":"BloodPotion"},{"floor":21,"key":"PowerPotion"}],"is_trial":false,"path_per_floor":["M","M","M","?","?","R","E","R","T","R","E","M","?","?","R","B",null,"M","?","$","M","$","R","?","E"],"character_chosen":"IRONCLAD","items_purchased":["Blind"],"campfire_rested":2,"item_purchase_floors":[20],"current_hp_per_floor":[73,72,75,75,68,68,48,48,48,48,31,32,57,34,56,42,67,33,33,33,33,33,55,70,0],"gold":37,"neow_bonus":"ONE_RARE_RELIC","is_prod":false,"is_daily":false,"chose_seed":false,"campfire_upgraded":3,"win_rate":0,"timestamp":1547497611,"path_taken":["M","M","M","?","?","R","E","R","T","R","E","M","?","?","R","BOSS","M","?","?","M","$","R","?","E"],"build_version":"2019-01-10","purchased_purges":1,"victory":false,"max_hp_per_floor":[75,75,75,75,75,75,75,75,75,75,75,75,75,75,75,75,75,75,75,75,75,75,75,75,75],"card_choices":[{"not_picked":["Sword Boomerang","Burning Pact"],"picked":"Rampage","floor":1},{"not_picked":["Havoc","Seeing Red"],"picked":"Evolve","floor":2},{"not_picked":["Anger","Heavy Blade"],"picked":"Headbutt","floor":3},{"not_picked":["Clash","Wild Strike"],"picked":"Combust","floor":7},{"not_picked":["Dropkick","Seeing Red"],"picked":"Battle Trance","floor":11},{"not_picked":["Corruption","Immolate"],"picked":"Warcry","floor":12},{"not_picked":["Bludgeon","Double Tap"],"picked":"Offering","floor":16},{"not_picked":["Body Slam","Pommel Strike"],"picked":"Shrug It Off","floor":18},{"not_picked":["Combust","Heavy Blade"],"picked":"Whirlwind+1","floor":21}],"player_experience":388673,"relics_obtained":[{"floor":7,"key":"Whetstone"},{"floor":9,"key":"Orichalcum"},{"floor":11,"key":"Lantern"}],"event_choices":[{"damage_healed":0,"gold_gain":0,"player_choice":"Left Gold","damage_taken":0,"max_hp_gain":0,"max_hp_loss":0,"event_name":"World of Goop","floor":4,"gold_loss":37},{"cards_removed":["Strike_R"],"damage_healed":0,"gold_gain":0,"player_choice":"Card Removal","damage_taken":7,"max_hp_gain":0,"max_hp_loss":0,"event_name":"Golden Wing","floor":5,"gold_loss":0},{"damage_healed":25,"gold_gain":0,"player_choice":"Banana","damage_taken":0,"max_hp_gain":0,"max_hp_loss":0,"event_name":"Big Fish","floor":13,"gold_loss":0},{"damage_healed":0,"gold_gain":0,"player_choice":"Entered Light","damage_taken":23,"max_hp_gain":0,"max_hp_loss":0,"event_name":"Shining Light","floor":14,"gold_loss":0,"cards_upgraded":["Strike_R","Defend_R"]},{"damage_healed":0,"gold_gain":0,"player_choice":"Trade","damage_taken":0,"relics_obtained":["CultistMask"],"max_hp_gain":0,"max_hp_loss":0,"event_name":"FaceTrader","floor":19,"gold_loss":0},{"damage_healed":15,"gold_gain":0,"player_choice":"Heal","damage_taken":0,"max_hp_gain":0,"max_hp_loss":0,"event_name":"The Library","floor":24,"gold_loss":0}],"is_beta":false,"boss_relics":[{"not_picked":["Pandora\u0027s Box","Runic Pyramid"],"picked":"Velvet Choker"}],"items_purged_floors":[20],"is_endless":false,"potions_floor_spawned":[1,3,18,21],"killed_by":"Book of Stabbing","ascension_level":18}