{"gold_per_floor":[116,41,41,51,51,51,61,61,61,10,29,29],"floor_reached":12,"playtime":256,"items_purged":["Strike_R"],"score":92,"play_id":"eb465480-5acb-4ec1-852c-a5289b3cc686","local_time":"20181101192158","is_ascension_mode":true,"campfire_choices":[{"data":"Rampage","floor":6,"key":"SMITH"},{"data":"Secret Weapon","floor":8,"key":"SMITH"}],"neow_cost":"PERCENT_DAMAGE","seed_source_timestamp":0,"circlet_count":0,"master_deck":["Strike_R","Strike_R","Strike_R","Defend_R","Defend_R","Defend_R","Defend_R","Bash","Secret Weapon+1","Dark Shackles","Havoc","Hemokinesis","Rampage+1","Thunderclap","Shrug It Off"],"special_seed":0,"relics":["Burning Blood","Paper Frog","Pantograph"],"potions_floor_usage":[11,11],"damage_taken":[{"damage":6,"enemies":"Cultist","floor":1,"turns":4},{"damage":3,"enemies":"2 Louse","floor":4,"turns":2},{"damage":12,"enemies":"Small Slimes","floor":7,"turns":3},{"damage":26,"enemies":"Exordium Thugs","floor":11,"turns":5},{"damage":38,"enemies":"3 Sentries","floor":12,"turns":8}],"seed_played":"5804234081152971580","potions_obtained":[{"floor":1,"key":"Weak Potion"},{"floor":4,"key":"Swift Potion"},{"floor":7,"key":"BloodPotion"}],"is_trial":false,"path_per_floor":["M","$","?","M","T","R","M","R","T","$","M"],"character_chosen":"IRONCLAD","items_purchased":["Thunderclap"],"campfire_rested":0,"item_purchase_floors":[10],"current_hp_per_floor":[51,51,51,54,54,54,48,48,48,48,36,0],"gold":29,"neow_bonus":"RANDOM_COLORLESS_2","is_prod":false,"is_daily":false,"chose_seed":false,"campfire_upgraded":2,"win_rate":0,"timestamp":1541100118,"path_taken":["M","$","?","?","?","R","M","R","T","?","?","?"],"build_version":"2018-10-25v2","purchased_purges":1,"victory":false,"max_hp_per_floor":[80,80,80,80,80,80,80,80,80,80,80,80],"card_choices":[{"not_picked":["Heavy Blade","Clothesline"],"picked":"Havoc","floor":1},{"not_picked":["Warcry","Headbutt"],"picked":"Rampage","floor":4},{"not_picked":["Flex","Heavy Blade","Iron Wave"],"picked":"SKIP","floor":7},{"not_picked":["Anger","Shockwave"],"picked":"Shrug It Off","floor":11}],"player_experience":95366,"relics_obtained":[{"floor":5,"key":"Paper Frog"},{"floor":9,"key":"Pantograph"}],"event_choices":[{"damage_healed":0,"gold_gain":0,"cards_transformed":["Strike_R"],"player_choice":"Change","damage_taken":0,"max_hp_gain":0,"max_hp_loss":0,"event_name":"Living Wall","floor":3,"gold_loss":0,"cards_obtained":["Hemokinesis"]},{"damage_healed":0,"gold_gain":0,"player_choice":"Searched \u00272\u0027 times","damage_taken":0,"max_hp_gain":0,"max_hp_loss":0,"event_name":"Dead Adventurer","floor":12,"gold_loss":0}],"is_beta":false,"boss_relics":[],"items_purged_floors":[2],"is_endless":false,"potions_floor_spawned":[1,4,7],"killed_by":"3 Sentries","ascension_level":7}