{"gold_per_floor":[119,119,44,44,44,44,57,77,127,27,27],"floor_reached":11,"playtime":191,"items_purged":["Parasite","Strike_R"],"score":113,"play_id":"280a35c2-ebd3-416a-8300-6042319b14e5","local_time":"20190110230840","is_ascension_mode":true,"campfire_choices":[{"data":"Bash","floor":6,"key":"SMITH"}],"neow_cost":"NONE","seed_source_timestamp":16513521834965,"circlet_count":0,"master_deck":["AscendersBane","Strike_R","Strike_R","Strike_R","Strike_R","Defend_R","Defend_R","Defend_R","Defend_R","Bash+1","Clumsy","Burning Pact","Ghostly Armor","Dropkick"],"relics":["Calling Bell","Bag of Marbles","Meat on the Bone","Nunchaku","Pen Nib"],"potions_floor_usage":[],"damage_taken":[{"damage":2,"enemies":"Cultist","floor":1,"turns":4},{"damage":12,"enemies":"Jaw Worm","floor":7,"turns":3},{"damage":8,"enemies":"Small Slimes","floor":8,"turns":4},{"damage":30,"enemies":"3 Sentries","floor":11,"turns":6}],"seed_played":"7789546110802034943","potions_obtained":[],"is_trial":false,"path_per_floor":["M","?","$","?","?","R","M","M","T","$","E"],"character_chosen":"IRONCLAD","items_purchased":[],"campfire_rested":0,"item_purchase_floors":[],"current_hp_per_floor":[66,66,66,66,59,59,47,39,39,39,9],"gold":27,"neow_bonus":"BOSS_RELIC","is_prod":false,"is_daily":false,"chose_seed":false,"campfire_upgraded":1,"win_rate":0,"timestamp":1547161720,"path_taken":["M","?","$","?","?","R","M","M","T","$","E"],"build_version":"2019-01-03v4","purchased_purges":2,"victory":false,"max_hp_per_floor":[75,75,72,72,69,69,69,69,69,69,69],"card_choices":[{"not_picked":["Pummel","Battle Trance"],"picked":"Burning Pact","floor":1},{"not_picked":["Second Wind","Flex"],"picked":"Ghostly Armor","floor":7},{"not_picked":["Havoc","Armaments"],"picked":"Dropkick","floor":8}],"player_experience":363474,"relics_obtained":[{"floor":0,"key":"Bag of Marbles"},{"floor":0,"key":"Meat on the Bone"},{"floor":0,"key":"Nunchaku"},{"floor":9,"key":"Pen Nib"}],"event_choices":[{"damage_healed":0,"gold_gain":0,"player_choice":"Ignored","damage_taken":0,"max_hp_gain":0,"max_hp_loss":0,"event_name":"Liars Game","floor":2,"gold_loss":0},{"damage_healed":0,"gold_gain":0,"player_choice":"Leave","damage_taken":0,"max_hp_gain":0,"max_hp_loss":0,"event_name":"The Cleric","floor":4,"gold_loss":0},{"cards_removed":["Parasite"],"damage_healed":0,"gold_gain":0,"player_choice":"Card Removal","damage_taken":7,"max_hp_gain":0,"max_hp_loss":0,"event_name":"Golden Wing","floor":5,"gold_loss":0}],"is_beta":false,"boss_relics":[],"items_purged_floors":[3,10],"is_endless":false,"potions_floor_spawned":[],"killed_by":"3 Sentries","ascension_level":17}