{"gold_per_floor":[113,123,140,140,24,24,54,54,77,96,106,106,31,42,42,117,117,135,148,148,48,60,60,77,90,90,90,115,115,135,135,135,208,258,272,272,272],"floor_reached":37,"playtime":1298,"items_purged":["Strike_B","Chaos"],"score":667,"play_id":"d114ca5e-0123-42e2-8a21-d58c0474efb7","local_time":"20181105225209","is_ascension_mode":true,"campfire_choices":[{"data":"Swift Strike","floor":6,"key":"SMITH"},{"data":"Coolheaded","floor":12,"key":"SMITH"},{"data":"Zap","floor":15,"key":"SMITH"},{"data":"Coolheaded","floor":23,"key":"SMITH"},{"data":"Skim","floor":27,"key":"SMITH"},{"data":"Turbo","floor":29,"key":"SMITH"},{"data":"Conserve Battery","floor":32,"key":"SMITH"}],"neow_cost":"NONE","seed_source_timestamp":8752438332113,"circlet_count":0,"master_deck":["AscendersBane","Zap+1","Dualcast+1","Coolheaded+1","Conserve Battery+1","Swift Strike+1","Self Repair","Coolheaded+1","Glacier","Ball Lightning","Core Surge","Skim+1","Turbo+1","Compile Driver","Cold Snap","Core Surge","Electrodynamics","Echo Form+1","White Noise","Capacitor+1"],"relics":["Cracked Core","Odd Mushroom","DataDisk","Pandora\u0027s Box","Blue Candle","Centennial Puzzle","Tiny House"],"potions_floor_usage":[14,16,16,28,30,37,37],"damage_taken":[{"damage":1,"enemies":"Cultist","floor":1,"turns":3},{"damage":3,"enemies":"Small Slimes","floor":2,"turns":4},{"damage":2,"enemies":"Jaw Worm","floor":3,"turns":3},{"damage":13,"enemies":"The Mushroom Lair","floor":7,"turns":5},{"damage":2,"enemies":"Exordium Wildlife","floor":10,"turns":6},{"damage":3,"enemies":"3 Louse","floor":11,"turns":4},{"damage":0,"enemies":"Gremlin Gang","floor":14,"turns":7},{"damage":25,"enemies":"Hexaghost","floor":16,"turns":12},{"damage":0,"enemies":"Spheric Guardian","floor":18,"turns":1},{"damage":1,"enemies":"Shell Parasite","floor":19,"turns":4},{"damage":8,"enemies":"Snake Plant","floor":22,"turns":4},{"damage":11,"enemies":"Centurion and Healer","floor":24,"turns":7},{"damage":0,"enemies":"Cultist and Chosen","floor":25,"turns":5},{"damage":33,"enemies":"Gremlin Leader","floor":28,"turns":7},{"damage":5,"enemies":"Snake Plant","floor":30,"turns":3},{"damage":10,"enemies":"Champ","floor":33,"turns":14},{"damage":16,"enemies":"Orb Walker","floor":35,"turns":3},{"damage":65,"enemies":"Awakened One","floor":37,"turns":3}],"seed_played":"391369822719900988","potions_obtained":[{"floor":10,"key":"Regen Potion"},{"floor":11,"key":"EntropicBrew"},{"floor":16,"key":"Dexterity Potion"},{"floor":22,"key":"AttackPotion"},{"floor":28,"key":"Weak Potion"},{"floor":34,"key":"FocusPotion"}],"is_trial":false,"path_per_floor":["M","M","M","?","$","R","?","?","T","M","M","R","$","M","R","B",null,"M","M","?","$","M","R","M","M","T","R","E","R","M","?","R","B",null,"M","?","B"],"character_chosen":"DEFECT","items_purchased":["Swift Strike","Self Repair"],"campfire_rested":0,"item_purchase_floors":[5,5],"current_hp_per_floor":[63,60,58,58,58,58,52,52,52,57,61,61,61,71,71,53,67,71,71,71,71,70,70,66,71,71,71,45,45,47,47,47,44,69,60,60,0],"gold":272,"neow_bonus":"UPGRADE_CARD","is_prod":false,"is_daily":false,"chose_seed":false,"campfire_upgraded":7,"win_rate":0,"timestamp":1541458329,"path_taken":["M","M","?","?","$","R","?","?","T","M","?","R","$","M","R","BOSS","M","?","?","$","M","R","M","M","T","R","E","R","M","?","R","BOSS","M","?","BOSS"],"build_version":"2018-11-01","purchased_purges":2,"victory":false,"max_hp_per_floor":[71,71,71,71,71,71,71,71,71,71,71,71,71,71,71,71,71,71,71,71,71,71,71,71,71,71,71,71,71,71,71,71,71,76,76,76,76],"card_choices":[{"not_picked":["Barrage","Fusion"],"picked":"Coolheaded","floor":1},{"not_picked":["Sweeping Beam","Fusion","Compile Driver"],"picked":"SKIP","floor":2},{"not_picked":["Turbo","Compile Driver"],"picked":"Conserve Battery","floor":3},{"not_picked":["Buffer","Hologram"],"picked":"Coolheaded","floor":7},{"not_picked":["Beam Cell","Tempest","Blizzard"],"picked":"SKIP","floor":10},{"not_picked":["Fusion","Doom and Gloom"],"picked":"Glacier","floor":11},{"not_picked":["Gash","Go for the Eyes"],"picked":"Ball Lightning","floor":14},{"not_picked":["Machine Learning","Multi-Cast"],"picked":"Core Surge","floor":16},{"not_picked":["Recycle","Barrage"],"picked":"Cold Snap","floor":18},{"not_picked":["Sweeping Beam","Streamline","Lockon"],"picked":"SKIP","floor":19},{"not_picked":["Sweeping Beam","Rip and Tear","Redo"],"picked":"SKIP","floor":22},{"not_picked":["Beam Cell","Stack","Streamline"],"picked":"SKIP","floor":24},{"not_picked":["Sweeping Beam","Steam","Hologram"],"picked":"SKIP","floor":25},{"not_picked":["Leap","Hello World","Double Energy"],"picked":"SKIP","floor":28},{"not_picked":["Leap+1","Turbo","Sunder+1"],"picked":"SKIP","floor":30},{"not_picked":["Multi-Cast","Rainbow"],"picked":"Echo Form","floor":33},{"not_picked":["Gash","Conserve Battery"],"picked":"White Noise","floor":34},{"not_picked":["Coolheaded","Stack"],"picked":"Capacitor+1","floor":35}],"player_experience":116270,"relics_obtained":[{"floor":7,"key":"Odd Mushroom"},{"floor":9,"key":"DataDisk"},{"floor":26,"key":"Blue Candle"},{"floor":28,"key":"Centennial Puzzle"}],"event_choices":[{"damage_healed":0,"gold_gain":0,"player_choice":"Ignored","damage_taken":0,"max_hp_gain":0,"max_hp_loss":0,"event_name":"Liars Game","floor":4,"gold_loss":0},{"damage_healed":0,"gold_gain":0,"player_choice":"Fought Mushrooms","damage_taken":0,"max_hp_gain":0,"max_hp_loss":0,"event_name":"Mushrooms","floor":7,"gold_loss":0},{"cards_removed":["Strike_B"],"damage_healed":0,"gold_gain":0,"player_choice":"Offered Basic","damage_taken":0,"max_hp_gain":0,"max_hp_loss":0,"event_name":"Bonfire Elementals","floor":8,"gold_loss":0},{"damage_healed":0,"gold_gain":0,"player_choice":"Ignored","damage_taken":0,"max_hp_gain":0,"max_hp_loss":0,"event_name":"The Mausoleum","floor":20,"gold_loss":0},{"damage_healed":0,"gold_gain":0,"cards_transformed":["Melter","Turbo"],"player_choice":"Became Test Subject","damage_taken":0,"max_hp_gain":0,"max_hp_loss":0,"event_name":"Drug Dealer","floor":31,"gold_loss":0,"cards_obtained":["Core Surge","Electrodynamics"]},{"damage_healed":0,"gold_gain":0,"player_choice":"Took Portal","damage_taken":0,"max_hp_gain":0,"max_hp_loss":0,"event_name":"SecretPortal","floor":36,"gold_loss":0}],"is_beta":false,"boss_relics":[{"not_picked":["Ectoplasm","Astrolabe"],"picked":"Pandora\u0027s Box"},{"not_picked":["Philosopher\u0027s Stone","FrozenCore"],"picked":"Tiny House"}],"items_purged_floors":[13,21],"is_endless":false,"potions_floor_spawned":[10,11,16,19,22,25,28],"killed_by":"Awakened One","ascension_level":15}