{"gold_per_floor":[115,115,125,142,158,190,190,165,165,19,19,30,81,101,101,200,200,213,213,213,230,247,282,282,293,293,293],"floor_reached":27,"playtime":3220,"items_purged":[],"score":235,"play_id":"0816f9aa-0865-4b4e-a0aa-0f433e652b4d","local_time":"20181129014654","is_ascension_mode":false,"campfire_choices":[{"floor":11,"key":"REST"},{"data":"Armaments","floor":15,"key":"SMITH"}],"neow_cost":"NONE","seed_source_timestamp":206996763712284,"circlet_count":0,"master_deck":["Strike_R","Strike_R","Strike_R","Defend_R","Defend_R","Defend_R","Defend_R","Bash","Barricade","Body Slam","Heavy Blade","Clash","Armaments+1","Armaments+1","Inflame+1","Demon Form+1","Pommel Strike","Berserk+1"],"relics":["Frozen Egg 2","Ginger","Bag of Preparation","Velvet Choker","Enchiridion","Thread and Needle","Nloth\u0027s Gift","Mummified Hand"],"potions_floor_usage":[16,18,22,25,25],"damage_taken":[{"damage":9,"enemies":"2 Louse","floor":1,"turns":5},{"damage":12,"enemies":"Cultist","floor":3,"turns":5},{"damage":14,"enemies":"Jaw Worm","floor":4,"turns":5},{"damage":4,"enemies":"2 Fungi Beasts","floor":5,"turns":4},{"damage":50,"enemies":"3 Sentries","floor":6,"turns":13},{"damage":0,"enemies":"Looter","floor":12,"turns":3},{"damage":2,"enemies":"Blue Slaver","floor":14,"turns":3},{"damage":18,"enemies":"Slime Boss","floor":16,"turns":12},{"damage":42,"enemies":"3 Byrds","floor":18,"turns":7},{"damage":0,"enemies":"Chosen","floor":21,"turns":3},{"damage":33,"enemies":"Centurion and Healer","floor":22,"turns":6},{"damage":21,"enemies":"Book of Stabbing","floor":23,"turns":4},{"damage":0,"enemies":"Cultist and Chosen","floor":25,"turns":4},{"damage":36,"enemies":"Snake Plant","floor":27,"turns":2}],"seed_played":"-6117622133816572600","potions_obtained":[{"floor":1,"key":"Dexterity Potion"},{"floor":14,"key":"FairyPotion"},{"floor":16,"key":"Regen Potion"},{"floor":21,"key":"Regen Potion"},{"floor":22,"key":"Ancient Potion"},{"floor":23,"key":"FearPotion"}],"is_trial":false,"path_per_floor":["M","?","M","M","M","E","?","$","T","$","R","M","?","M","R","B",null,"M","?","?","M","M","E","?","M","T","M"],"character_chosen":"IRONCLAD","items_purchased":["Armaments","Bag of Preparation"],"campfire_rested":1,"item_purchase_floors":[8,10],"current_hp_per_floor":[77,77,71,63,65,21,21,21,21,21,45,51,51,55,55,43,80,59,59,43,49,36,21,21,21,21,0],"gold":293,"neow_bonus":"TRANSFORM_CARD","is_prod":false,"is_daily":false,"chose_seed":false,"campfire_upgraded":1,"win_rate":0.0,"timestamp":1543484814,"path_taken":["M","?","M","?","M","E","?","?","T","$","R","M","?","M","R","BOSS","M","?","?","M","M","E","?","M","T","?"],"build_version":"2018-11-15","purchased_purges":0,"victory":false,"max_hp_per_floor":[80,80,80,80,80,80,80,80,80,80,80,80,80,80,80,80,80,80,80,80,80,80,80,80,80,80,80],"card_choices":[{"not_picked":["Anger","Thunderclap"],"picked":"Body Slam","floor":1},{"not_picked":["Bludgeon","Twin Strike","Flex"],"picked":"SKIP","floor":3},{"not_picked":["Burning Pact","Second Wind"],"picked":"Clash","floor":4},{"not_picked":["Dual Wield","Sword Boomerang","Anger"],"picked":"SKIP","floor":5},{"not_picked":["Pommel Strike","Spot Weakness"],"picked":"Armaments","floor":6},{"not_picked":["Anger","Hemokinesis","True Grit"],"picked":"SKIP","floor":12},{"not_picked":["Spot Weakness","Sword Boomerang"],"picked":"Inflame+1","floor":14},{"not_picked":["Dark Embrace+1","Offering"],"picked":"Demon Form+1","floor":16},{"not_picked":["Anger","Cleave","Headbutt"],"picked":"SKIP","floor":18},{"not_picked":["Spot Weakness+1","Carnage","Heavy Blade+1"],"picked":"SKIP","floor":21},{"not_picked":["Flex","Shockwave"],"picked":"Pommel Strike","floor":22},{"not_picked":["Heavy Blade","True Grit"],"picked":"Berserk+1","floor":23},{"not_picked":["Power Through+1","Perfected Strike+1","Cleave"],"picked":"SKIP","floor":25}],"player_experience":10612,"relics_obtained":[{"floor":6,"key":"Frozen Egg 2"},{"floor":9,"key":"Ginger"},{"floor":20,"key":"Enchiridion"},{"floor":23,"key":"Thread and Needle"},{"floor":26,"key":"Mummified Hand"}],"event_choices":[{"damage_healed":0,"gold_gain":0,"cards_transformed":["Strike_R"],"player_choice":"Transformed","damage_taken":0,"max_hp_gain":0,"max_hp_loss":0,"event_name":"Transmorgrifier","floor":2,"gold_loss":0,"cards_obtained":["Heavy Blade"]},{"damage_healed":0,"gold_gain":0,"player_choice":"Grow","damage_taken":0,"max_hp_gain":0,"max_hp_loss":0,"event_name":"Living Wall","floor":7,"gold_loss":0,"cards_upgraded":["Armaments"]},{"damage_healed":0,"gold_gain":51,"player_choice":"Gained Gold","damage_taken":0,"max_hp_gain":0,"max_hp_loss":0,"event_name":"Golden Wing","floor":13,"gold_loss":0},{"damage_healed":0,"gold_gain":0,"player_choice":"Ignored","damage_taken":0,"max_hp_gain":0,"max_hp_loss":0,"event_name":"Beggar","floor":19,"gold_loss":0},{"damage_healed":0,"gold_gain":0,"player_choice":"Obtained Book","damage_taken":16,"max_hp_gain":0,"max_hp_loss":0,"event_name":"Cursed Tome","floor":20,"gold_loss":0},{"damage_healed":0,"gold_gain":0,"player_choice":"Traded Relic","damage_taken":0,"relics_obtained":["Nloth\u0027s Gift"],"max_hp_gain":0,"max_hp_loss":0,"event_name":"N\u0027loth","floor":24,"relics_lost":["Burning Blood"],"gold_loss":0}],"is_beta":false,"boss_relics":[{"not_picked":["Sozu","Runic Pyramid"],"picked":"Velvet Choker"}],"items_purged_floors":[],"is_endless":false,"potions_floor_spawned":[1,14,16,21,22,23],"killed_by":"Snake Plant","ascension_level":0}