{"gold_per_floor":[116,41,58,133,157,157,57,84,108,8,8,19,39,49,49,145,145,165,176,91,103,103,103,2,2,25,25,40,69,69,15,15,116,116,136,152,164,39,39,65,65,78,101,118,118,118,16,28,28,28],"floor_reached":51,"playtime":1518,"items_purged":["Strike_G","Strike_G","Strike_G"],"score":770,"play_id":"0823112b-52bd-4f10-9903-ffc69a723e7f","local_time":"20180902030939","is_ascension_mode":false,"campfire_choices":[{"data":"Neutralize","floor":6,"key":"SMITH"},{"data":"Envenom","floor":11,"key":"SMITH"},{"data":"Deep Breath","floor":15,"key":"SMITH"},{"data":"Noxious Fumes","floor":23,"key":"SMITH"},{"data":"Adrenaline","floor":25,"key":"SMITH"},{"data":"Footwork","floor":27,"key":"SMITH"},{"data":"Backflip","floor":32,"key":"SMITH"},{"data":"Envenom","floor":41,"key":"SMITH"},{"data":"Footwork","floor":46,"key":"SMITH"},{"data":"Dagger Spray","floor":49,"key":"SMITH"}],"neow_cost":"NONE","seed_source_timestamp":120558321207172,"circlet_count":0,"master_deck":["Defend_G","Defend_G","Defend_G","Strike_G","Strike_G","Survivor","Neutralize+1","Dagger Spray+1","Footwork+1","Deep Breath+1","Envenom+1","Backstab","Noxious Fumes+1","Dagger Spray","Adrenaline+1","Footwork+1","Calculated Gamble+1","Backflip+1","Envenom+1","Backflip+1","Dagger Throw","Flying Knee"],"relics":["Ring of the Snake","NeowsBlessing","Bag of Preparation","Dodecahedron","Blood Vial","Busted Crown","Anchor","Orichalcum","Ancient Tea Set","Empty Cage","Bronze Scales","Lantern"],"potions_floor_usage":[50],"damage_taken":[{"damage":0,"enemies":"Cultist","floor":1,"turns":1},{"damage":0,"enemies":"Small Slimes","floor":3,"turns":2},{"damage":0,"enemies":"Lagavulin","floor":8,"turns":1},{"damage":1,"enemies":"Jaw Worm","floor":12,"turns":5},{"damage":0,"enemies":"2 Fungi Beasts","floor":13,"turns":3},{"damage":1,"enemies":"Blue Slaver","floor":14,"turns":4},{"damage":14,"enemies":"Hexaghost","floor":16,"turns":9},{"damage":0,"enemies":"3 Byrds","floor":18,"turns":3},{"damage":1,"enemies":"Shell Parasite","floor":19,"turns":5},{"damage":3,"enemies":"Snake Plant","floor":21,"turns":5},{"damage":12,"enemies":"Centurion and Healer","floor":28,"turns":5},{"damage":0,"enemies":"Gremlin Leader","floor":29,"turns":5},{"damage":48,"enemies":"Collector","floor":33,"turns":7},{"damage":0,"enemies":"3 Darklings","floor":35,"turns":3},{"damage":0,"enemies":"3 Shapes","floor":36,"turns":5},{"damage":0,"enemies":"Spire Growth","floor":37,"turns":5},{"damage":0,"enemies":"Giant Head","floor":40,"turns":8},{"damage":0,"enemies":"Sphere and 2 Shapes","floor":42,"turns":4},{"damage":0,"enemies":"Transient","floor":44,"turns":5},{"damage":0,"enemies":"Reptomancer","floor":48,"turns":4},{"damage":41,"enemies":"Time Eater","floor":50,"turns":11}],"seed_played":"2160349656966199069","potions_obtained":[{"floor":1,"key":"Explosive Potion"},{"floor":3,"key":"Strength Potion"},{"floor":13,"key":"SteroidPotion"},{"floor":18,"key":"PowerPotion"}],"is_trial":false,"path_per_floor":["M","$","M","?","T","R","$","E","T","$","R","M","M","M","R","B",null,"M","M","?","M","$","R","$","R","T","R","M","E","?","$","R","B",null,"M","M","M","$","?","E","R","M","T","M","?","R","$","M","R","B"],"character_chosen":"THE_SILENT","items_purchased":["Deep Breath","Poisoned Stab","Footwork","Backflip","Dagger Throw","Flying Knee"],"campfire_rested":0,"item_purchase_floors":[7,24,24,31,47,47],"current_hp_per_floor":[70,70,70,59,59,59,59,59,59,59,59,60,62,63,63,51,70,70,69,69,67,67,67,67,67,67,67,57,59,59,59,59,13,70,70,70,70,70,70,70,70,70,70,70,70,70,70,70,70,29],"gold":28,"neow_bonus":"THREE_ENEMY_KILL","is_prod":false,"is_daily":false,"chose_seed":false,"campfire_upgraded":10,"win_rate":0.0,"timestamp":1535854179,"path_taken":["M","?","M","?","?","R","$","E","T","?","R","M","?","M","R","BOSS","M","M","?","?","$","R","$","R","T","R","M","E","?","$","R","BOSS","M","M","M","$","?","E","R","M","T","?","?","R","$","M","R","BOSS"],"build_version":"2018-08-30","purchased_purges":3,"victory":true,"max_hp_per_floor":[70,70,70,70,70,70,70,70,70,70,70,70,70,70,70,70,70,70,70,70,70,70,70,70,70,70,70,70,70,70,70,70,70,70,70,70,70,70,70,70,70,70,70,70,70,70,70,70,70,70],"card_choices":[{"not_picked":["Eviscerate","PiercingWail"],"picked":"Dagger Spray","floor":1},{"not_picked":["Blade Dance","Outmaneuver"],"picked":"Footwork","floor":3},{"not_picked":["Dodge and Roll","Caltrops"],"picked":"Envenom","floor":8},{"not_picked":["Deadly Poison","Acrobatics"],"picked":"Backstab","floor":12},{"not_picked":["Expertise","Flying Knee"],"picked":"Noxious Fumes","floor":13},{"not_picked":["Dash","Blade Dance"],"picked":"Dagger Spray","floor":14},{"not_picked":["Night Terror","Unload"],"picked":"Adrenaline","floor":16},{"not_picked":["Slice+1"],"picked":"SKIP","floor":18},{"not_picked":["Reflex"],"picked":"SKIP","floor":19},{"not_picked":["Deadly Poison+1"],"picked":"SKIP","floor":21},{"not_picked":[],"picked":"Calculated Gamble+1","floor":28},{"not_picked":["Terror"],"picked":"SKIP","floor":29},{"not_picked":[],"picked":"Envenom","floor":33},{"not_picked":[],"picked":"Backflip+1","floor":35},{"not_picked":["Prepared"],"picked":"SKIP","floor":36},{"not_picked":["Infinite Blades+1"],"picked":"SKIP","floor":37},{"not_picked":["Quick Slash"],"picked":"SKIP","floor":40},{"not_picked":["Finisher+1"],"picked":"SKIP","floor":42},{"not_picked":["Slice+1"],"picked":"SKIP","floor":44},{"not_picked":["Acrobatics+1"],"picked":"SKIP","floor":48}],"player_experience":4674,"relics_obtained":[{"floor":5,"key":"Bag of Preparation"},{"floor":8,"key":"Dodecahedron"},{"floor":9,"key":"Blood Vial"},{"floor":26,"key":"Orichalcum"},{"floor":29,"key":"Ancient Tea Set"},{"floor":40,"key":"Bronze Scales"},{"floor":43,"key":"Lantern"}],"event_choices":[{"event_name":"World of Goop","player_choice":"Gather Gold","floor":4,"damage_taken":0},{"event_name":"Addict","player_choice":"Obtained Relic","floor":20,"damage_taken":0},{"event_name":"Match and Keep!","player_choice":"0 cards matched","floor":30,"damage_taken":0},{"event_name":"Falling","player_choice":"Removed Attack","floor":39,"damage_taken":0},{"event_name":"Mysterious Sphere","player_choice":"Ignore","floor":45,"damage_taken":0}],"is_beta":false,"boss_relics":[{"not_picked":["Runic Pyramid","Cursed Key"],"picked":"Busted Crown"},{"not_picked":["Philosopher\u0027s Stone","WristBlade"],"picked":"Empty Cage"}],"items_purged_floors":[2,10,38],"is_endless":false,"potions_floor_spawned":[1,3,13,18,19,40,44,48],"ascension_level":0}