{"gold_per_floor":[111,111,121,141,152,152,183,183,183,193,193,193,221,236,236,310,360,371,391,61,161,121,121,139,170,170,170,170,170,66,78,78,154,154,168,168,185,203,219,219,246,246,294,310,330,361,361,281,281,281,281,281,49,78,78],"floor_reached":55,"playtime":3702,"items_purged":["Strike_B","Steam Power"],"score":1400,"play_id":"811ab93f-d74e-4590-8f5b-c95cd98b5013","local_time":"20190129233514","is_ascension_mode":true,"campfire_choices":[{"data":"Ball Lightning","floor":6,"key":"SMITH"},{"data":"Fission","floor":8,"key":"SMITH"},{"floor":11,"key":"REST"},{"floor":15,"key":"REST"},{"data":"Hyperbeam","floor":23,"key":"SMITH"},{"data":"Ghostly","floor":32,"key":"SMITH"},{"data":"Ghostly","floor":40,"key":"SMITH"},{"data":"Echo Form","floor":47,"key":"SMITH"},{"floor":49,"key":"RECALL"},{"floor":52,"key":"REST"}],"neow_cost":"NONE","seed_source_timestamp":14891615636431,"circlet_count":0,"master_deck":["AscendersBane","Defend_B","Defend_B","Defend_B","Defend_B","Zap","Ball Lightning+1","Genetic Algorithm","Ball Lightning+1","Fission+1","Ball Lightning","Hyperbeam+1","Leap","Echo Form+1","Loop+1","Chaos","Leap","Ghostly+1","Ghostly+1","Ghostly+1","Self Repair","Doom and Gloom+1","Lockon+1","Capacitor","Barrage+1"],"relics":["Cracked Core","Anchor","Boot","Bag of Preparation","The Courier","Tiny House","Gremlin Horn","Mango","Molten Egg 2","Lantern","Torii","Runic Pyramid","Kunai","Juzu Bracelet","Strawberry","Shuriken"],"potions_floor_usage":[16,21,25,33,50,50,54,54],"damage_taken":[{"damage":7,"enemies":"Small Slimes","floor":1,"turns":3},{"damage":1,"enemies":"Cultist","floor":3,"turns":3},{"damage":2,"enemies":"Jaw Worm","floor":4,"turns":3},{"damage":0,"enemies":"Red Slaver","floor":5,"turns":3},{"damage":25,"enemies":"Lagavulin","floor":7,"turns":5},{"damage":1,"enemies":"Looter","floor":10,"turns":2},{"damage":20,"enemies":"3 Sentries","floor":13,"turns":5},{"damage":0,"enemies":"Exordium Thugs","floor":14,"turns":1},{"damage":14,"enemies":"Slime Boss","floor":16,"turns":6},{"damage":1,"enemies":"2 Thieves","floor":18,"turns":3},{"damage":0,"enemies":"Spheric Guardian","floor":19,"turns":3},{"damage":7,"enemies":"Colosseum Slavers","floor":21,"turns":3},{"damage":36,"enemies":"Colosseum Nobs","floor":21,"turns":4},{"damage":0,"enemies":"Centurion and Healer","floor":24,"turns":3},{"damage":5,"enemies":"Slavers","floor":25,"turns":2},{"damage":18,"enemies":"Snecko","floor":31,"turns":4},{"damage":4,"enemies":"Collector","floor":33,"turns":9},{"damage":3,"enemies":"3 Shapes","floor":35,"turns":4},{"damage":0,"enemies":"3 Darklings","floor":37,"turns":4},{"damage":11,"enemies":"4 Shapes","floor":38,"turns":6},{"damage":1,"enemies":"Sphere and 2 Shapes","floor":39,"turns":4},{"damage":1,"enemies":"Nemesis","floor":41,"turns":9},{"damage":1,"enemies":"Maw","floor":44,"turns":9},{"damage":5,"enemies":"3 Darklings","floor":45,"turns":3},{"damage":0,"enemies":"Giant Head","floor":46,"turns":9},{"damage":44,"enemies":"Donu and Deca","floor":50,"turns":12},{"damage":49,"enemies":"Shield and Spear","floor":54,"turns":10},{"damage":17,"enemies":"The Heart","floor":55,"turns":6}],"seed_played":"4834601084510237674","potions_obtained":[{"floor":4,"key":"Poison Potion"},{"floor":5,"key":"Poison Potion"},{"floor":10,"key":"Strength Potion"},{"floor":17,"key":"Energy Potion"},{"floor":22,"key":"Explosive Potion"},{"floor":22,"key":"AttackPotion"},{"floor":33,"key":"Poison Potion"},{"floor":41,"key":"AttackPotion"}],"is_trial":false,"path_per_floor":["M","?","M","M","M","R","E","R","T","M","R","?","E","M","R","B",null,"M","M","$","?","?","R","M","E","T","?","?","?","$","M","R","B",null,"M","?","M","M","M","R","E","?","T","M","M","E","R","$","R","B",null,"R","$","E","B"],"character_chosen":"DEFECT","items_purchased":["Gremlin Horn","PowerPotion","Self Repair","FocusPotion","GamblersBrew","Energy Potion","Strawberry"],"campfire_rested":3,"item_purchase_floors":[20,20,30,30,53,53,53],"current_hp_per_floor":[57,57,56,54,54,54,29,29,29,28,49,49,29,29,50,36,67,66,66,66,37,37,37,37,32,32,32,32,32,32,28,28,31,42,45,45,45,45,45,45,45,45,45,45,40,45,45,45,45,15,38,45,52,17,0],"gold":78,"neow_bonus":"RANDOM_COMMON_RELIC","is_prod":false,"is_daily":false,"chose_seed":false,"campfire_upgraded":6,"win_rate":0,"timestamp":1548822914,"path_taken":["M","?","?","M","M","R","E","R","T","M","R","?","E","M","R","BOSS","M","M","$","?","?","R","?","E","T","?","?","?","$","M","R","BOSS","M","?","M","M","M","R","E","?","T","M","M","E","R","$","R","BOSS","R","$","E","BOSS"],"build_version":"2019-01-23","purchased_purges":2,"victory":false,"max_hp_per_floor":[71,71,71,71,71,71,71,71,71,71,71,71,71,71,71,71,76,76,76,76,90,90,90,90,90,90,90,45,45,45,45,45,45,45,45,45,45,45,45,45,45,45,45,45,45,45,45,45,45,45,45,45,52,52,52],"card_choices":[{"not_picked":["Conserve Battery","Hologram"],"picked":"Ball Lightning","floor":1},{"not_picked":["Compile Driver","Rebound"],"picked":"Genetic Algorithm","floor":3},{"not_picked":["Leap","Fusion"],"picked":"Ball Lightning","floor":4},{"not_picked":["FTL","Gash","Static Discharge"],"picked":"SKIP","floor":5},{"not_picked":["Beam Cell","Go for the Eyes"],"picked":"Fission","floor":7},{"not_picked":["Go for the Eyes","Hello World"],"picked":"Ball Lightning","floor":10},{"not_picked":["Hello World","Gash"],"picked":"Hyperbeam","floor":13},{"not_picked":["Barrage","Beam Cell"],"picked":"Leap","floor":14},{"not_picked":["Amplify","Creative AI"],"picked":"Echo Form","floor":16},{"not_picked":["Compile Driver","Stack","Hologram"],"picked":"SKIP","floor":18},{"not_picked":["Hello World","Tempest","Redo"],"picked":"SKIP","floor":19},{"not_picked":["White Noise","Turbo"],"picked":"Loop+1","floor":21},{"not_picked":["Melter+1","Tempest","Machine Learning"],"picked":"SKIP","floor":24},{"not_picked":["Stack","Capacitor"],"picked":"Chaos","floor":25},{"not_picked":["Conserve Battery","Chill"],"picked":"Doom and Gloom+1","floor":31},{"not_picked":["Hologram","Streamline+1","Stack+1"],"picked":"SKIP","floor":35},{"not_picked":["Recycle","Compile Driver+1"],"picked":"Lockon+1","floor":37},{"not_picked":["Coolheaded","Beam Cell+1","Streamline+1"],"picked":"SKIP","floor":38},{"not_picked":["Turbo+1","Stack+1","Recycle"],"picked":"SKIP","floor":39},{"not_picked":["Steam","Gash+1","Reboot"],"picked":"SKIP","floor":41},{"not_picked":["Barrage+1","Stack"],"picked":"Capacitor","floor":44},{"not_picked":["White Noise","BootSequence","Sweeping Beam+1"],"picked":"SKIP","floor":45},{"not_picked":["Turbo","Loop","Coolheaded+1"],"picked":"SKIP","floor":46},{"not_picked":["Chaos+1","Streamline+1"],"picked":"Barrage+1","floor":54}],"player_experience":521407,"relics_obtained":[{"floor":7,"key":"Boot"},{"floor":9,"key":"Bag of Preparation"},{"floor":13,"key":"The Courier"},{"floor":21,"key":"Mango"},{"floor":21,"key":"Molten Egg 2"},{"floor":25,"key":"Lantern"},{"floor":26,"key":"Torii"},{"floor":41,"key":"Kunai"},{"floor":46,"key":"Juzu Bracelet"},{"floor":54,"key":"Shuriken"}],"event_choices":[{"cards_removed":["Strike_B"],"damage_healed":0,"gold_gain":0,"player_choice":"Purged","damage_taken":0,"max_hp_gain":0,"max_hp_loss":0,"event_name":"Purifier","floor":2,"gold_loss":0},{"cards_removed":["Strike_B"],"damage_healed":0,"gold_gain":0,"player_choice":"Offered Basic","damage_taken":0,"max_hp_gain":0,"max_hp_loss":0,"event_name":"Bonfire Elementals","floor":12,"gold_loss":0},{"damage_healed":0,"gold_gain":0,"player_choice":"Fight","damage_taken":0,"max_hp_gain":0,"max_hp_loss":0,"event_name":"Colosseum","floor":21,"gold_loss":0},{"damage_healed":0,"gold_gain":0,"player_choice":"Fought Nobs","damage_taken":0,"max_hp_gain":0,"max_hp_loss":0,"event_name":"Colosseum","floor":21,"gold_loss":0},{"damage_healed":0,"gold_gain":0,"player_choice":"Bought 3 Potions","damage_taken":0,"max_hp_gain":0,"max_hp_loss":0,"event_name":"The Woman in Blue","floor":22,"gold_loss":0},{"damage_healed":0,"gold_gain":0,"cards_transformed":["Strike_B","Dualcast"],"player_choice":"Became Test Subject","damage_taken":0,"max_hp_gain":0,"max_hp_loss":0,"event_name":"Drug Dealer","floor":27,"gold_loss":0,"cards_obtained":["Steam Power","Leap"]},{"damage_healed":0,"gold_gain":0,"player_choice":"Became a Ghost","damage_taken":0,"max_hp_gain":0,"max_hp_loss":45,"event_name":"Ghosts","floor":28,"gold_loss":0,"cards_obtained":["Ghostly","Ghostly","Ghostly"]},{"damage_healed":0,"gold_gain":0,"player_choice":"Ignored","damage_taken":0,"max_hp_gain":0,"max_hp_loss":0,"event_name":"Vampires","floor":29,"gold_loss":0},{"damage_healed":0,"gold_gain":0,"player_choice":"Ignored","damage_taken":0,"max_hp_gain":0,"max_hp_loss":0,"event_name":"Tomb of Lord Red Mask","floor":36,"gold_loss":0},{"damage_healed":0,"gold_gain":0,"player_choice":"Forge","damage_taken":0,"max_hp_gain":0,"max_hp_loss":0,"event_name":"Accursed Blacksmith","floor":42,"gold_loss":0,"cards_upgraded":["Ghostly"]}],"is_beta":false,"boss_relics":[{"not_picked":["Coffee Dripper","Black Star"],"picked":"Tiny House"},{"not_picked":["Velvet Choker","Inserter"],"picked":"Runic Pyramid"}],"items_purged_floors":[20,48],"is_endless":false,"potions_floor_spawned":[4,5,10,19,24,31,33,39,41,45],"killed_by":"The Heart","ascension_level":17}