{"gold_per_floor":[213,288,288,307,307,332,332,344,371,406,422,422,10,21,21,123,123,142,142,192,204,220,220,245,245,323,323,334,360,137,152,152,152],"floor_reached":33,"playtime":1935,"items_purged":[],"score":472,"play_id":"3d2dccee-0997-43c8-af1b-ffcb78ebfabb","local_time":"20180915171407","is_ascension_mode":true,"campfire_choices":[{"data":"Armaments","floor":7,"key":"SMITH"},{"floor":12,"key":"REST"},{"data":"True Grit","floor":15,"key":"SMITH"},{"floor":23,"key":"REST"},{"floor":25,"key":"REST"},{"floor":27,"key":"REST"},{"data":"Feel No Pain","floor":32,"key":"SMITH"}],"neow_cost":"NONE","seed_source_timestamp":1446296061623186,"circlet_count":0,"master_deck":["Strike_R+1","Strike_R+1","Strike_R+1","Strike_R+1","Defend_R+1","Defend_R+1","Defend_R+1","Defend_R+1","Bash","AscendersBane","Rampage","Armaments+1","Burning Pact","Feel No Pain+1","True Grit+1","Searing Blow","Demon Form","Infernal Blade","Reckless Charge","Battle Trance","Feel No Pain","Carnage"],"relics":["Burning Blood","Blood Vial","Happy Flower","Art of War","Sundial","Bronze Scales","Sozu","Bag of Marbles","The Courier","Paper Frog","Lee\u0027s Waffle"],"potions_floor_usage":[10,10,11],"damage_taken":[{"damage":2,"enemies":"2 Louse","floor":1,"turns":4},{"damage":10,"enemies":"Small Slimes","floor":4,"turns":5},{"damage":32,"enemies":"Gremlin Nob","floor":6,"turns":4},{"damage":12,"enemies":"Jaw Worm","floor":8,"turns":4},{"damage":15,"enemies":"3 Sentries","floor":10,"turns":10},{"damage":15,"enemies":"Lots of Slimes","floor":11,"turns":5},{"damage":0,"enemies":"2 Fungi Beasts","floor":14,"turns":4},{"damage":30,"enemies":"The Guardian","floor":16,"turns":13},{"damage":30,"enemies":"Shell Parasite","floor":18,"turns":6},{"damage":3,"enemies":"Chosen","floor":21,"turns":5},{"damage":33,"enemies":"Snake Plant","floor":22,"turns":5},{"damage":28,"enemies":"Gremlin Leader","floor":24,"turns":6},{"damage":15,"enemies":"Chosen and Byrds","floor":28,"turns":6},{"damage":51,"enemies":"Slavers","floor":29,"turns":8},{"damage":0,"enemies":"Snecko","floor":31,"turns":5},{"damage":87,"enemies":"Collector","floor":33,"turns":6}],"seed_played":"-3891782784762346947","potions_obtained":[{"floor":1,"key":"Explosive Potion"},{"floor":6,"key":"Swift Potion"},{"floor":10,"key":"Block Potion"}],"is_trial":false,"path_per_floor":["M","?","?","M","?","E","R","M","T","E","M","R","$","M","R","B",null,"M","?","?","M","M","R","E","R","T","R","M","E","$","M","R"],"character_chosen":"IRONCLAD","items_purchased":["Sundial","Bronze Scales","Feel No Pain","Lee\u0027s Waffle"],"campfire_rested":4,"item_purchase_floors":[13,13,30,30],"current_hp_per_floor":[76,65,65,61,80,54,54,50,50,43,36,60,60,68,68,46,72,50,50,50,55,30,54,34,58,58,80,71,28,87,87,87,0],"gold":152,"neow_bonus":"HUNDRED_GOLD","is_prod":false,"is_daily":false,"chose_seed":false,"campfire_upgraded":3,"win_rate":0,"timestamp":1537049647,"path_taken":["M","?","?","M","?","E","R","M","T","E","M","R","$","M","R","BOSS","M","?","?","M","M","R","E","R","T","R","M","E","$","M","R","BOSS"],"build_version":"2018-09-06","purchased_purges":0,"victory":false,"max_hp_per_floor":[80,80,80,80,80,80,80,80,80,80,80,80,80,80,80,80,80,80,80,80,80,80,80,80,80,80,80,80,80,87,87,87,87],"card_choices":[{"not_picked":["Metallicize","Sever Soul"],"picked":"Rampage","floor":1},{"not_picked":["Entrench","Rampage"],"picked":"Armaments","floor":4},{"not_picked":["Sever Soul","Clothesline"],"picked":"Burning Pact","floor":6},{"not_picked":["Twin Strike","Clash"],"picked":"Feel No Pain","floor":8},{"not_picked":["Fire Breathing","Blood for Blood","Rage"],"picked":"SKIP","floor":10},{"not_picked":["Anger","Thunderclap"],"picked":"True Grit","floor":11},{"not_picked":["Wild Strike","Sword Boomerang"],"picked":"Searing Blow","floor":14},{"not_picked":["Bludgeon","Feed"],"picked":"Demon Form","floor":16},{"not_picked":["Clash","Headbutt"],"picked":"Infernal Blade","floor":18},{"not_picked":["Shrug It Off","Clothesline","Body Slam+1"],"picked":"SKIP","floor":21},{"not_picked":["Twin Strike","Perfected Strike"],"picked":"Reckless Charge","floor":22},{"not_picked":["Cleave","Rage","Headbutt"],"picked":"SKIP","floor":24},{"not_picked":["Cleave","Rage","Headbutt"],"picked":"SKIP","floor":24},{"not_picked":["Headbutt","Entrench","Iron Wave"],"picked":"SKIP","floor":28},{"not_picked":["Spot Weakness","Shrug It Off"],"picked":"Battle Trance","floor":29},{"not_picked":["Ghostly Armor","Cleave"],"picked":"Carnage","floor":31}],"player_experience":346394,"relics_obtained":[{"floor":6,"key":"Blood Vial"},{"floor":9,"key":"Happy Flower"},{"floor":10,"key":"Art of War"},{"floor":24,"key":"Bag of Marbles"},{"floor":26,"key":"The Courier"},{"floor":29,"key":"Paper Frog"}],"event_choices":[{"event_name":"World of Goop","player_choice":"Gather Gold","floor":2,"damage_taken":0},{"event_name":"Transmorgrifier","player_choice":"Transform","floor":3,"damage_taken":0},{"event_name":"Bonfire Elementals","player_choice":"UNCOMMON","floor":5,"damage_taken":0},{"event_name":"Back to Basics","player_choice":"Simplicity","floor":19,"damage_taken":0},{"event_name":"The Joust","player_choice":"Bet on Murderer","floor":20,"damage_taken":0}],"is_beta":false,"boss_relics":[{"not_picked":["Tiny House","Runic Cube"],"picked":"Sozu"}],"items_purged_floors":[],"is_endless":false,"potions_floor_spawned":[1,6,10,18,22,28],"killed_by":"Collector","ascension_level":12}