{"gold_per_floor":[115,115,115,128,143,143,159,159,159,159,174,185,185,185,185,256,256,269,269,184,184,197,197,32,32],"floor_reached":25,"playtime":556,"items_purged":["Strike_G+1"],"score":363,"play_id":"24fab28c-7095-4567-8677-7be70e65dc8c","local_time":"20190114205401","is_ascension_mode":true,"campfire_choices":[{"data":"Poisoned Stab","floor":6,"key":"SMITH"},{"floor":8,"key":"REST"},{"data":"Dash","floor":10,"key":"SMITH"},{"data":"Noxious Fumes","floor":15,"key":"SMITH"},{"data":"Neutralize","floor":23,"key":"SMITH"}],"neow_cost":"NONE","seed_source_timestamp":9129272221160,"circlet_count":0,"master_deck":["AscendersBane","Defend_G+1","Defend_G+1","Defend_G+1","Defend_G+1","Survivor","Neutralize+1","Noxious Fumes+1","Poisoned Stab+1","Leg Sweep","Dash+1","Footwork+1","Tools of the Trade+1","Sucker Punch+1","Dagger Spray+1","Caltrops+1","PiercingWail+1","Endless Agony","Outmaneuver"],"relics":["Ring of the Snake","Juzu Bracelet","Frozen Egg 2","Shuriken","Astrolabe","Unceasing Top"],"potions_floor_usage":[],"damage_taken":[{"damage":8,"enemies":"Jaw Worm","floor":1,"turns":6},{"damage":0,"enemies":"2 Louse","floor":4,"turns":3},{"damage":0,"enemies":"Cultist","floor":5,"turns":4},{"damage":39,"enemies":"Exordium Thugs","floor":7,"turns":7},{"damage":0,"enemies":"Lots of Slimes","floor":11,"turns":5},{"damage":3,"enemies":"2 Fungi Beasts","floor":12,"turns":4},{"damage":4,"enemies":"Hexaghost","floor":16,"turns":9},{"damage":2,"enemies":"3 Byrds","floor":18,"turns":2},{"damage":6,"enemies":"Spheric Guardian","floor":22,"turns":6},{"damage":48,"enemies":"Book of Stabbing","floor":25,"turns":5}],"seed_played":"6981692213886445899","potions_obtained":[{"floor":4,"key":"Ancient Potion"},{"floor":12,"key":"Strength Potion"}],"is_trial":false,"path_per_floor":["M","?","?","M","M","R","M","R","T","R","M","M","?","T","R","B",null,"M","?","?","?","M","R","$","E"],"character_chosen":"THE_SILENT","items_purchased":["Endless Agony","Outmaneuver"],"campfire_rested":1,"item_purchase_floors":[24,24],"current_hp_per_floor":[51,44,44,44,44,44,5,24,24,24,24,21,21,21,21,17,54,52,52,52,52,46,46,46,0],"gold":32,"neow_bonus":"RANDOM_COMMON_RELIC","is_prod":false,"is_daily":false,"chose_seed":false,"campfire_upgraded":4,"win_rate":0,"timestamp":1547499241,"path_taken":["M","?","?","M","M","R","M","R","T","R","M","M","?","?","R","BOSS","M","?","?","?","M","R","$","E"],"build_version":"2019-01-10","purchased_purges":1,"victory":false,"max_hp_per_floor":[66,66,66,66,66,66,66,66,66,66,66,66,66,66,66,66,66,66,66,66,66,66,66,66,66],"card_choices":[{"not_picked":["Dodge and Roll","Blade Dance"],"picked":"Noxious Fumes","floor":1},{"not_picked":["Endless Agony","Slice"],"picked":"Poisoned Stab","floor":4},{"not_picked":["Deflect","Footwork"],"picked":"Leg Sweep","floor":5},{"not_picked":["Dagger Spray","Cloak And Dagger"],"picked":"Dash","floor":7},{"not_picked":["Cloak And Dagger","Backstab"],"picked":"Footwork+1","floor":11},{"not_picked":["Setup","Outmaneuver","Dodge and Roll"],"picked":"SKIP","floor":12},{"not_picked":["Storm of Steel","Envenom+1"],"picked":"Tools of the Trade+1","floor":16},{"not_picked":["Poisoned Stab","Blade Dance","Terror+1"],"picked":"SKIP","floor":18},{"not_picked":["Poisoned Stab","Bouncing Flask+1"],"picked":"PiercingWail+1","floor":22}],"player_experience":390230,"relics_obtained":[{"floor":9,"key":"Frozen Egg 2"},{"floor":14,"key":"Shuriken"}],"event_choices":[{"cards_removed":["Strike_G"],"damage_healed":0,"gold_gain":0,"player_choice":"Card Removal","damage_taken":7,"max_hp_gain":0,"max_hp_loss":0,"event_name":"Golden Wing","floor":2,"gold_loss":0},{"cards_removed":["Strike_G"],"damage_healed":0,"gold_gain":0,"player_choice":"Purged","damage_taken":0,"max_hp_gain":0,"max_hp_loss":0,"event_name":"Purifier","floor":3,"gold_loss":0},{"damage_healed":0,"gold_gain":0,"player_choice":"Ignored","damage_taken":0,"max_hp_gain":0,"max_hp_loss":0,"event_name":"Golden Idol","floor":13,"gold_loss":0},{"damage_healed":0,"gold_gain":0,"player_choice":"Simplicity","damage_taken":0,"max_hp_gain":0,"max_hp_loss":0,"event_name":"Back to Basics","floor":19,"gold_loss":0,"cards_upgraded":["Defend_G","Defend_G","Defend_G","Defend_G","Strike_G"]},{"damage_healed":0,"gold_gain":0,"player_choice":"Obtained Relic","damage_taken":0,"relics_obtained":["Unceasing Top"],"max_hp_gain":0,"max_hp_loss":0,"event_name":"Addict","floor":20,"gold_loss":85},{"damage_healed":0,"gold_gain":0,"player_choice":"Ignored","damage_taken":0,"max_hp_gain":0,"max_hp_loss":0,"event_name":"The Mausoleum","floor":21,"gold_loss":0}],"is_beta":false,"boss_relics":[{"not_picked":["Pandora\u0027s Box","Orrery"],"picked":"Astrolabe"}],"items_purged_floors":[24],"is_endless":false,"potions_floor_spawned":[4,12,16,18],"killed_by":"Book of Stabbing","ascension_level":18}