{"gold_per_floor":[119,119,132,157,157,198,198,49,49,63,63,63,87,120,120,120],"floor_reached":16,"playtime":626,"items_purged":["Pain"],"score":171,"play_id":"53ca8d7e-04ff-4a23-8665-6400e7588b19","local_time":"20180914000416","is_ascension_mode":true,"campfire_choices":[{"floor":7,"key":"REST"},{"floor":12,"key":"REST"},{"data":"Barricade","floor":15,"key":"SMITH"}],"neow_cost":"CURSE","seed_source_timestamp":1299417466815965,"circlet_count":0,"master_deck":["Strike_R","Strike_R","Strike_R","Strike_R","Strike_R","Defend_R","Defend_R","Defend_R","Defend_R","Bash","AscendersBane","Barricade+1","Perfected Strike","Twin Strike","Iron Wave","Iron Wave+1","Whirlwind+1","Pommel Strike+1","True Grit","Ghostly Armor","Shrug It Off","Shrug It Off"],"relics":["Burning Blood","Golden Idol","Molten Egg 2","Dream Catcher","Pear","Blue Candle"],"potions_floor_usage":[6,16],"damage_taken":[{"damage":13,"enemies":"Small Slimes","floor":1,"turns":3},{"damage":5,"enemies":"Jaw Worm","floor":3,"turns":3},{"damage":14,"enemies":"Cultist","floor":4,"turns":4},{"damage":38,"enemies":"Gremlin Nob","floor":6,"turns":5},{"damage":31,"enemies":"Exordium Thugs","floor":10,"turns":5},{"damage":10,"enemies":"Gremlin Gang","floor":13,"turns":3},{"damage":18,"enemies":"3 Sentries","floor":14,"turns":6},{"damage":45,"enemies":"Slime Boss","floor":16,"turns":6}],"seed_played":"3949767986807626625","potions_obtained":[{"floor":3,"key":"Swift Potion"},{"floor":4,"key":"BloodPotion"},{"floor":13,"key":"FearPotion"},{"floor":14,"key":"Explosive Potion"}],"is_trial":false,"path_per_floor":["M","?","M","M","T","E","R","$","T","M","?","R","M","E","R"],"character_chosen":"IRONCLAD","items_purchased":["Pommel Strike+1","True Grit"],"campfire_rested":2,"item_purchase_floors":[8,8],"current_hp_per_floor":[65,45,46,38,38,14,38,38,48,23,23,50,46,34,34,0],"gold":120,"neow_bonus":"THREE_RARE_CARDS","is_prod":false,"is_daily":false,"chose_seed":false,"campfire_upgraded":1,"win_rate":0,"timestamp":1536901456,"path_taken":["M","?","M","?","?","E","R","$","T","?","?","R","M","E","R","BOSS"],"build_version":"2018-09-06","purchased_purges":1,"victory":false,"max_hp_per_floor":[80,80,80,80,80,80,80,80,90,90,90,90,90,90,90,90],"card_choices":[{"not_picked":["Double Tap","Brutality"],"picked":"Barricade","floor":0},{"not_picked":["Sever Soul","Pommel Strike"],"picked":"Perfected Strike","floor":1},{"not_picked":["Clash","Headbutt"],"picked":"Twin Strike","floor":3},{"not_picked":["Power Through","Cleave"],"picked":"Iron Wave","floor":4},{"not_picked":["Perfected Strike+1","Brutality"],"picked":"Iron Wave+1","floor":6},{"not_picked":["Sword Boomerang+1","Armaments"],"picked":"Whirlwind+1","floor":7},{"not_picked":["Burning Pact","Twin Strike+1"],"picked":"Ghostly Armor","floor":10},{"not_picked":["Blood for Blood+1","Offering"],"picked":"Shrug It Off","floor":13},{"not_picked":["Armaments","Headbutt+1"],"picked":"Shrug It Off","floor":14}],"player_experience":331171,"relics_obtained":[{"floor":5,"key":"Molten Egg 2"},{"floor":6,"key":"Dream Catcher"},{"floor":9,"key":"Pear"},{"floor":14,"key":"Blue Candle"}],"event_choices":[{"event_name":"Golden Idol","player_choice":"Take Damage","floor":2,"damage_taken":0},{"event_name":"Liars Game","player_choice":"disagreed","floor":11,"damage_taken":0}],"is_beta":false,"boss_relics":[],"items_purged_floors":[8],"is_endless":false,"potions_floor_spawned":[3,4,13,14],"killed_by":"Slime Boss","ascension_level":11}