{"gold_per_floor":[118,218,229,64,83,118,118,135,135,97,97,124,124,135,135,208,208,228,28,47,47,47,47,72,83,83,111,111,121,139,153,153,153],"floor_reached":33,"playtime":943,"items_purged":["Strike_G"],"score":547,"play_id":"3e0e9cec-1ed5-44e2-bca0-8b87cb02c882","local_time":"20181226204449","is_ascension_mode":true,"campfire_choices":[{"data":"Cloak And Dagger","floor":7,"key":"SMITH"},{"data":"Catalyst","floor":13,"key":"SMITH"},{"data":"Deadly Poison","floor":15,"key":"SMITH"},{"data":"Prepared","floor":23,"key":"SMITH"},{"floor":28,"key":"REST"},{"floor":32,"key":"REST"}],"neow_cost":"NONE","seed_source_timestamp":10134659354532,"circlet_count":0,"master_deck":["AscendersBane","Survivor","Neutralize+1","Poisoned Stab","Leg Sweep","Deflect","Caltrops","Sucker Punch","Cloak And Dagger+1","Bouncing Flask","Catalyst+1","Deadly Poison+1","Adrenaline","Slice","Cloak And Dagger","Prepared+1","Bouncing Flask","Storm of Steel","Sucker Punch","Slice","Well Laid Plans","Leg Sweep","Catalyst+1","PiercingWail","Prepared+1","Poisoned Stab+1","Catalyst"],"relics":["Ring of the Snake","NeowsBlessing","Mummified Hand","Mercury Hourglass","Gremlin Horn","Pandora\u0027s Box","DollysMirror","PreservedInsect","Ancient Tea Set","Boot"],"potions_floor_usage":[6,16,27,30,33],"damage_taken":[{"damage":0,"enemies":"Jaw Worm","floor":1,"turns":1},{"damage":0,"enemies":"Cultist","floor":3,"turns":1},{"damage":0,"enemies":"Small Slimes","floor":5,"turns":1},{"damage":27,"enemies":"3 Sentries","floor":6,"turns":12},{"damage":5,"enemies":"3 Louse","floor":8,"turns":5},{"damage":14,"enemies":"Gremlin Nob","floor":12,"turns":4},{"damage":0,"enemies":"Looter","floor":14,"turns":4},{"damage":2,"enemies":"The Guardian","floor":16,"turns":6},{"damage":16,"enemies":"Spheric Guardian","floor":18,"turns":4},{"damage":6,"enemies":"Chosen","floor":20,"turns":3},{"damage":10,"enemies":"Book of Stabbing","floor":24,"turns":5},{"damage":14,"enemies":"Shelled Parasite and Fungi","floor":25,"turns":4},{"damage":38,"enemies":"Slavers","floor":27,"turns":5},{"damage":0,"enemies":"Snake Plant","floor":29,"turns":3},{"damage":0,"enemies":"3 Cultists","floor":30,"turns":3},{"damage":13,"enemies":"Centurion and Healer","floor":31,"turns":4},{"damage":38,"enemies":"Champ","floor":33,"turns":8}],"seed_played":"-8883693994974677045","potions_obtained":[{"floor":5,"key":"Regen Potion"},{"floor":6,"key":"EssenceOfSteel"},{"floor":12,"key":"Swift Potion"},{"floor":18,"key":"PowerPotion"},{"floor":20,"key":"FairyPotion"},{"floor":27,"key":"SneckoOil"},{"floor":30,"key":"Weak Potion"}],"is_trial":false,"path_per_floor":["M","?","M","$","M","E","R","M","T","?","?","E","R","M","R","B",null,"M","$","M","?","?","R","E","M","T","E","R","M","M","M","R","B"],"character_chosen":"THE_SILENT","items_purchased":["Deflect","Caltrops","DollysMirror"],"campfire_rested":2,"item_purchase_floors":[4,4,19],"current_hp_per_floor":[59,59,59,59,59,47,47,42,42,42,42,28,28,28,28,26,56,40,40,34,34,56,56,46,32,32,6,25,25,25,12,31,0],"gold":153,"neow_bonus":"THREE_ENEMY_KILL","is_prod":false,"is_daily":false,"chose_seed":false,"campfire_upgraded":4,"win_rate":0,"timestamp":1545857089,"path_taken":["M","?","M","?","?","E","R","M","T","?","?","E","R","M","R","BOSS","M","$","M","?","?","R","E","M","T","E","R","M","M","M","R","BOSS"],"build_version":"2018-12-20","purchased_purges":1,"victory":false,"max_hp_per_floor":[66,66,66,66,66,66,66,66,66,66,66,66,66,66,66,66,66,66,66,66,66,66,66,66,66,66,66,66,66,66,66,66,66],"card_choices":[{"not_picked":["Flying Knee","Masterful Stab"],"picked":"Poisoned Stab","floor":1},{"not_picked":["Cloak And Dagger","Dagger Spray"],"picked":"Leg Sweep","floor":3},{"not_picked":["Blade Dance","Quick Slash"],"picked":"Sucker Punch","floor":5},{"not_picked":["Dodge and Roll","Dagger Throw"],"picked":"Cloak And Dagger","floor":6},{"not_picked":["Accuracy","Blur"],"picked":"Bouncing Flask","floor":8},{"not_picked":["Prepared","Outmaneuver"],"picked":"Catalyst","floor":12},{"not_picked":["Backflip","Blade Dance"],"picked":"Deadly Poison","floor":14},{"not_picked":["Unload","Wraith Form v2"],"picked":"Adrenaline","floor":16},{"not_picked":["Dagger Spray","Accuracy","Bane+1"],"picked":"SKIP","floor":18},{"not_picked":["Dodge and Roll+1","Flying Knee"],"picked":"PiercingWail","floor":20},{"not_picked":["Riddle With Holes+1","Sucker Punch","Outmaneuver"],"picked":"SKIP","floor":24},{"not_picked":["Flechettes","Outmaneuver"],"picked":"Prepared+1","floor":25},{"not_picked":["Envenom","A Thousand Cuts"],"picked":"Poisoned Stab+1","floor":27},{"not_picked":["Outmaneuver","Deadly Poison","Deflect"],"picked":"SKIP","floor":29},{"not_picked":["Cloak And Dagger+1","Prepared","Setup"],"picked":"SKIP","floor":30},{"not_picked":["Dodge and Roll","Expertise"],"picked":"Catalyst","floor":31}],"player_experience":310475,"relics_obtained":[{"floor":6,"key":"Mummified Hand"},{"floor":9,"key":"Mercury Hourglass"},{"floor":12,"key":"Gremlin Horn"},{"floor":24,"key":"PreservedInsect"},{"floor":26,"key":"Ancient Tea Set"},{"floor":27,"key":"Boot"}],"event_choices":[{"damage_healed":0,"gold_gain":100,"player_choice":"Pray","damage_taken":0,"max_hp_gain":0,"max_hp_loss":0,"event_name":"Golden Shrine","floor":2,"gold_loss":0},{"damage_healed":0,"gold_gain":0,"player_choice":"Left Gold","damage_taken":0,"max_hp_gain":0,"max_hp_loss":0,"event_name":"World of Goop","floor":10,"gold_loss":38},{"damage_healed":0,"gold_gain":0,"player_choice":"Grow","damage_taken":0,"max_hp_gain":0,"max_hp_loss":0,"event_name":"Living Wall","floor":11,"gold_loss":0,"cards_upgraded":["Neutralize"]},{"damage_healed":0,"gold_gain":0,"player_choice":"Ignored","damage_taken":0,"max_hp_gain":0,"max_hp_loss":0,"event_name":"Vampires","floor":21,"gold_loss":0},{"damage_healed":22,"gold_gain":0,"player_choice":"Heal","damage_taken":0,"max_hp_gain":0,"max_hp_loss":0,"event_name":"The Library","floor":22,"gold_loss":0}],"is_beta":false,"boss_relics":[{"not_picked":["Velvet Choker","Sozu"],"picked":"Pandora\u0027s Box"}],"items_purged_floors":[4],"is_endless":false,"potions_floor_spawned":[5,6,12,14,18,20,27,30],"killed_by":"Champ","ascension_level":14}