{"gold_per_floor":[109,129,49,49,66,66,78,44,68,80,92,92,17,34,34,132,132,143,58,45,45,19,19],"floor_reached":23,"playtime":576,"items_purged":["Strike_B"],"score":229,"play_id":"6248e160-2ee5-4765-84b6-967eb5bf5fea","local_time":"20181008015900","is_ascension_mode":true,"campfire_choices":[{"data":"Zap","floor":6,"key":"SMITH"},{"floor":15,"key":"REST"}],"neow_cost":"PERCENT_DAMAGE","seed_source_timestamp":45122492056335,"circlet_count":0,"master_deck":["Strike_B","Strike_B","Strike_B","Defend_B","Defend_B","Defend_B","Zap+1","Dualcast","Conserve Battery","White Noise","Leap","Gash","Conserve Battery","Scrape","Echo Form","Conserve Battery","Beam Cell","Machine Learning","Cold Snap+1","Cold Snap","Cold Snap"],"relics":["Cracked Core","Nunchaku","Art of War","Sozu","Bag of Preparation","Bottled Flame"],"potions_floor_usage":[16,16,16],"damage_taken":[{"damage":0,"enemies":"Cultist","floor":1,"turns":3},{"damage":4,"enemies":"Jaw Worm","floor":2,"turns":3},{"damage":9,"enemies":"Small Slimes","floor":5,"turns":3},{"damage":14,"enemies":"Exordium Wildlife","floor":7,"turns":4},{"damage":0,"enemies":"Lots of Slimes","floor":10,"turns":4},{"damage":0,"enemies":"Blue Slaver","floor":11,"turns":3},{"damage":0,"enemies":"Looter","floor":14,"turns":3},{"damage":44,"enemies":"Hexaghost","floor":16,"turns":11},{"damage":15,"enemies":"3 Byrds","floor":18,"turns":6},{"damage":16,"enemies":"2 Thieves","floor":20,"turns":4},{"damage":32,"enemies":"Gremlin Leader","floor":23,"turns":6}],"seed_played":"-2310029798516109643","potions_obtained":[{"floor":1,"key":"FocusPotion"},{"floor":5,"key":"SneckoOil"},{"floor":11,"key":"LiquidBronze"},{"floor":16,"key":"FearPotion"}],"is_trial":false,"path_per_floor":["M","M","$","?","M","R","M","$","T","M","M","?","$","M","R","B",null,"M","?","M","T","$"],"character_chosen":"DEFECT","items_purchased":["White Noise","Scrape","Cold Snap"],"campfire_rested":1,"item_purchase_floors":[3,8,22],"current_hp_per_floor":[54,50,50,50,41,41,27,27,27,27,27,27,27,27,49,5,58,43,43,27,27,27,0],"gold":19,"neow_bonus":"ONE_RARE_RELIC","is_prod":false,"is_daily":false,"chose_seed":false,"campfire_upgraded":1,"win_rate":0,"timestamp":1538960340,"path_taken":["M","?","$","?","M","R","M","$","T","M","M","?","$","?","R","BOSS","M","?","M","?","$","E"],"build_version":"2018-10-04v2","purchased_purges":1,"victory":false,"max_hp_per_floor":[75,75,75,75,75,75,75,75,75,75,75,75,75,75,75,75,75,75,75,75,75,75,75],"card_choices":[{"not_picked":["Double Energy","Loop","Sunder"],"picked":"SKIP","floor":1},{"not_picked":["Chaos","Leap"],"picked":"Conserve Battery","floor":2},{"not_picked":["Genetic Algorithm","Sweeping Beam"],"picked":"Gash","floor":5},{"not_picked":["Go for the Eyes","Reprogram"],"picked":"Conserve Battery","floor":7},{"not_picked":["Doom and Gloom","Redo","Barrage"],"picked":"SKIP","floor":10},{"not_picked":["Force Field","Steam","Doom and Gloom"],"picked":"SKIP","floor":11},{"not_picked":["Recycle","Steam"],"picked":"Beam Cell","floor":14},{"not_picked":["Amplify","Rainbow"],"picked":"Machine Learning","floor":16},{"not_picked":["Hologram","Turbo+1"],"picked":"Cold Snap+1","floor":18},{"not_picked":["Undo","Aggregate"],"picked":"Cold Snap","floor":20}],"player_experience":66295,"relics_obtained":[{"floor":9,"key":"Art of War"},{"floor":21,"key":"Bottled Flame"}],"event_choices":[{"event_name":"Transmorgrifier","player_choice":"Transform","floor":4,"damage_taken":0},{"event_name":"Match and Keep!","player_choice":"2 cards matched","floor":12,"damage_taken":0},{"event_name":"Addict","player_choice":"Obtained Relic","floor":19,"damage_taken":0}],"is_beta":false,"boss_relics":[{"not_picked":["Eternal Feather","Empty Cage"],"picked":"Sozu"}],"items_purged_floors":[13],"is_endless":false,"potions_floor_spawned":[1,5,11,14,16],"killed_by":"Gremlin Leader","ascension_level":5}