{"gold_per_floor":[117,17,35,35,46,78,91,91,144,173,248,260,287,303,303,405,405,420,431,164,164,0,28,28,57,57,57,90,90,119,119,119,222,222,239,252,252,252,268,268,297,307,307,307,307,5,22,41,41,41],"floor_reached":50,"playtime":3531,"items_purged":[],"score":735,"play_id":"5c482a90-884a-48c5-8651-9db5fc001280","local_time":"20181214010152","is_ascension_mode":true,"campfire_choices":[{"floor":8,"key":"REST"},{"floor":15,"key":"REST"},{"floor":24,"key":"REST"},{"data":"Thunder Strike","floor":27,"key":"SMITH"},{"floor":29,"key":"REST"},{"data":"Defragment","floor":32,"key":"SMITH"},{"data":"Tempest","floor":40,"key":"SMITH"},{"floor":44,"key":"REST"},{"floor":49,"key":"REST"}],"neow_cost":"NONE","seed_source_timestamp":418053171696495,"circlet_count":0,"master_deck":["Strike_B+1","Strike_B+1","Strike_B+1","Strike_B+1","Defend_B+1","Defend_B+1","Defend_B+1","Defend_B+1","Zap","Ball Lightning","Capacitor","Leap","Barrage","Compile Driver","Thunder Strike+1","Tempest+1","Cold Snap","Genetic Algorithm","Fusion","Redo","Multi-Cast","Cold Snap","Fusion+1","Defragment+1","Biased Cognition","Self Repair","Melter","Glacier+1","Stack+1","Thunder Strike","Hologram+1","Self Repair","Madness+1","Madness+1","White Noise+1","Lockon+1","Leap+1"],"relics":["FrozenCore","PreservedInsect","Dodecahedron","Pen Nib","Anchor","Meat on the Bone","Velvet Choker","Sling","Happy Flower","Oddly Smooth Stone","Toxic Egg 2","Cables","Unceasing Top","Vajra","Sundial","Bottled Lightning","FossilizedHelix"],"potions_floor_usage":[6,6,13,16,16,28,28,30,39,47,48,50],"damage_taken":[{"damage":1,"enemies":"Cultist","floor":1,"turns":3},{"damage":0,"enemies":"Jaw Worm","floor":3,"turns":3},{"damage":2,"enemies":"2 Louse","floor":5,"turns":3},{"damage":17,"enemies":"3 Sentries","floor":6,"turns":6},{"damage":0,"enemies":"Large Slime","floor":7,"turns":4},{"damage":16,"enemies":"Gremlin Nob","floor":10,"turns":3},{"damage":6,"enemies":"3 Louse","floor":12,"turns":3},{"damage":5,"enemies":"3 Sentries","floor":13,"turns":4},{"damage":21,"enemies":"Lots of Slimes","floor":14,"turns":3},{"damage":45,"enemies":"The Guardian","floor":16,"turns":9},{"damage":14,"enemies":"3 Byrds","floor":18,"turns":3},{"damage":15,"enemies":"Shell Parasite","floor":19,"turns":4},{"damage":30,"enemies":"Gremlin Leader","floor":23,"turns":4},{"damage":21,"enemies":"Book of Stabbing","floor":25,"turns":3},{"damage":29,"enemies":"Slavers","floor":28,"turns":5},{"damage":4,"enemies":"Book of Stabbing","floor":30,"turns":5},{"damage":34,"enemies":"Champ","floor":33,"turns":11},{"damage":48,"enemies":"3 Darklings","floor":35,"turns":7},{"damage":0,"enemies":"Orb Walker","floor":36,"turns":5},{"damage":23,"enemies":"Spire Growth","floor":39,"turns":9},{"damage":35,"enemies":"Giant Head","floor":41,"turns":7},{"damage":29,"enemies":"Transient","floor":42,"turns":5},{"damage":19,"enemies":"Jaw Worm Horde","floor":47,"turns":6},{"damage":0,"enemies":"4 Shapes","floor":48,"turns":8},{"damage":90,"enemies":"Donu and Deca","floor":50,"turns":9}],"seed_played":"-548738805532239743","potions_obtained":[{"floor":1,"key":"Ancient Potion"},{"floor":5,"key":"Poison Potion"},{"floor":7,"key":"LiquidBronze"},{"floor":13,"key":"SteroidPotion"},{"floor":14,"key":"Poison Potion"},{"floor":18,"key":"SpeedPotion"},{"floor":25,"key":"Weak Potion"},{"floor":28,"key":"Swift Potion"},{"floor":33,"key":"FocusPotion"},{"floor":42,"key":"SpeedPotion"},{"floor":47,"key":"Poison Potion"},{"floor":48,"key":"Fruit Juice"}],"is_trial":false,"path_per_floor":["M","$","M","$","M","E","M","R","T","E","?","M","E","M","R","B",null,"M","M","$","?","$","E","R","E","T","R","E","R","E","?","R","B",null,"M","M","?","?","M","R","E","M","T","R","?","$","M","M","R","B"],"character_chosen":"DEFECT","items_purchased":["Capacitor","Leap","Defragment","Sling","Biased Cognition","FossilizedHelix"],"campfire_rested":6,"item_purchase_floors":[2,2,20,20,22,46],"current_hp_per_floor":[74,74,74,74,72,55,55,75,75,59,52,46,41,32,54,21,62,48,45,45,45,45,27,49,40,40,40,30,52,55,55,55,40,66,37,56,47,47,50,50,34,24,24,46,46,46,53,72,80,0],"gold":41,"neow_bonus":"RANDOM_COMMON_RELIC","is_prod":false,"is_daily":false,"chose_seed":false,"campfire_upgraded":3,"win_rate":0,"timestamp":1544770912,"path_taken":["M","?","M","$","?","E","M","R","T","E","?","?","E","M","R","BOSS","M","M","$","?","$","E","R","E","T","R","E","R","E","?","R","BOSS","M","M","?","?","M","R","E","?","T","R","?","$","M","M","R","BOSS"],"build_version":"2018-12-13","purchased_purges":0,"victory":false,"max_hp_per_floor":[75,75,75,75,75,75,75,75,75,75,75,75,75,75,75,75,75,75,75,75,75,75,75,75,75,75,75,75,75,75,75,75,75,75,75,75,75,75,75,75,75,75,75,75,75,75,75,80,80,80],"card_choices":[{"not_picked":["BootSequence","Sweeping Beam"],"picked":"Ball Lightning","floor":1},{"not_picked":["Recycle","Skim"],"picked":"Barrage","floor":3},{"not_picked":["Sweeping Beam","Turbo"],"picked":"Compile Driver","floor":5},{"not_picked":["Rebound","Sunder"],"picked":"Thunder Strike","floor":6},{"not_picked":["Loop","Reinforced Body"],"picked":"Tempest","floor":7},{"not_picked":["Streamline","Barrage"],"picked":"Cold Snap","floor":10},{"not_picked":["Glacier","Turbo"],"picked":"Genetic Algorithm","floor":12},{"not_picked":["Reboot","Conserve Battery"],"picked":"Fusion","floor":13},{"not_picked":["Coolheaded","Barrage"],"picked":"Redo","floor":14},{"not_picked":["Buffer","Rainbow"],"picked":"Multi-Cast","floor":16},{"not_picked":["Rebound","Loop"],"picked":"Cold Snap","floor":18},{"not_picked":["Coolheaded","Barrage+1"],"picked":"Fusion+1","floor":19},{"not_picked":["Redo","Barrage+1"],"picked":"Self Repair","floor":23},{"not_picked":["FTL+1","Machine Learning"],"picked":"Melter","floor":25},{"not_picked":["Hologram+1","Reprogram+1"],"picked":"Glacier+1","floor":28},{"not_picked":["Compile Driver+1","Rip and Tear"],"picked":"Stack+1","floor":30},{"not_picked":["Machine Learning","Echo Form"],"picked":"Thunder Strike","floor":33},{"not_picked":["Sweeping Beam","Cold Snap+1"],"picked":"Hologram+1","floor":35},{"not_picked":["Coolheaded+1","Gash+1"],"picked":"Self Repair","floor":36},{"not_picked":["Beam Cell","Scrape+1"],"picked":"White Noise+1","floor":39},{"not_picked":["Sweeping Beam+1","Streamline+1","Turbo+1"],"picked":"SKIP","floor":41},{"not_picked":["Beam Cell","Gash+1"],"picked":"Lockon+1","floor":42},{"not_picked":["Biased Cognition","Compile Driver"],"picked":"Leap+1","floor":47},{"not_picked":["Barrage","Skim+1","Ball Lightning"],"picked":"SKIP","floor":48}],"player_experience":451150,"relics_obtained":[{"floor":6,"key":"Dodecahedron"},{"floor":9,"key":"Pen Nib"},{"floor":10,"key":"Anchor"},{"floor":13,"key":"Meat on the Bone"},{"floor":23,"key":"Oddly Smooth Stone"},{"floor":25,"key":"Toxic Egg 2"},{"floor":26,"key":"Cables"},{"floor":28,"key":"Unceasing Top"},{"floor":30,"key":"Vajra"},{"floor":41,"key":"Sundial"},{"floor":43,"key":"Bottled Lightning"}],"event_choices":[{"damage_healed":0,"gold_gain":75,"player_choice":"Touch","damage_taken":7,"max_hp_gain":0,"max_hp_loss":0,"event_name":"FaceTrader","floor":11,"gold_loss":0},{"damage_healed":0,"gold_gain":0,"player_choice":"Opened","damage_taken":0,"relics_obtained":["Happy Flower"],"max_hp_gain":0,"max_hp_loss":0,"event_name":"The Mausoleum","floor":21,"gold_loss":0,"cards_obtained":["Writhe"]},{"damage_healed":0,"gold_gain":0,"player_choice":"Simplicity","damage_taken":0,"max_hp_gain":0,"max_hp_loss":0,"event_name":"Back to Basics","floor":31,"gold_loss":0,"cards_upgraded":["Strike_B","Strike_B","Strike_B","Strike_B","Defend_B","Defend_B","Defend_B","Defend_B"]},{"damage_healed":0,"gold_gain":0,"player_choice":"Embrace Madness","damage_taken":9,"max_hp_gain":0,"max_hp_loss":0,"event_name":"Winding Halls","floor":37,"gold_loss":0,"cards_obtained":["Madness","Madness"]},{"cards_removed":["Writhe"],"damage_healed":0,"gold_gain":0,"player_choice":"Purged","damage_taken":0,"max_hp_gain":0,"max_hp_loss":0,"event_name":"Purifier","floor":38,"gold_loss":0},{"cards_removed":["Dualcast"],"damage_healed":0,"gold_gain":0,"player_choice":"Removed Skill","damage_taken":0,"max_hp_gain":0,"max_hp_loss":0,"event_name":"Falling","floor":45,"gold_loss":0}],"is_beta":false,"boss_relics":[{"not_picked":["Eternal Feather","Runic Pyramid"],"picked":"Velvet Choker"},{"not_picked":["Empty Cage","Astrolabe"],"picked":"FrozenCore"}],"items_purged_floors":[],"is_endless":false,"potions_floor_spawned":[1,5,7,13,14,18,25,28,33,42,47,48],"killed_by":"Donu and Deca","ascension_level":5}