{"gold_per_floor":[118,118,218,149,167,167,194,210,210,228,228,243,272,272,272,370,370,385,405,460,180,180,211,211,237,237,251,251,77,77,94,94,192,192,205,216,216,233,233,233,233,248,272,372,372,372,354,364,364,364],"floor_reached":50,"playtime":1420,"items_purged":[],"score":564,"play_id":"1a90202f-4148-4975-9744-827f3c10eb02","local_time":"20181205203520","is_ascension_mode":true,"campfire_choices":[{"data":"Caltrops","floor":6,"key":"SMITH"},{"data":"Noxious Fumes","floor":11,"key":"SMITH"},{"data":"Neutralize","floor":15,"key":"SMITH"},{"floor":24,"key":"REST"},{"floor":30,"key":"REST"},{"data":"Deadly Poison","floor":32,"key":"SMITH"},{"data":"Venomology","floor":40,"key":"SMITH"},{"floor":45,"key":"REST"},{"data":"Well Laid Plans","floor":49,"key":"SMITH"}],"neow_cost":"NONE","seed_source_timestamp":969408681040735,"circlet_count":0,"master_deck":["Defend_G","Defend_G","Defend_G","Defend_G","Strike_G","Strike_G","Strike_G","Strike_G","Survivor","Neutralize+1","Caltrops+1","Noxious Fumes+1","Deadly Poison+1","Well Laid Plans","Venomology+1","Die Die Die","Catalyst+1","Poisoned Stab","Deadly Poison","Slice","Acrobatics","Well Laid Plans+1","Bouncing Flask","Footwork","Acrobatics"],"relics":["Ring of the Snake","NeowsBlessing","Turnip","Letter Opener","Omamori","Mango","Eternal Feather","PreservedInsect","Membership Card","Snake Skull","MutagenicStrength","Ornamental Fan","Ninja Scroll","Incense Burner","Orichalcum","TwistedFunnel","HoveringKite","Smiling Mask","The Specimen"],"potions_floor_usage":[16,19,19,23,27,27,33,35,35,36,36,36,38,44,50,50,50],"damage_taken":[{"damage":0,"enemies":"Small Slimes","floor":1,"turns":1},{"damage":0,"enemies":"Cultist","floor":5,"turns":1},{"damage":4,"enemies":"3 Sentries","floor":7,"turns":2},{"damage":1,"enemies":"Jaw Worm","floor":8,"turns":5},{"damage":0,"enemies":"Red Slaver","floor":10,"turns":5},{"damage":0,"enemies":"Looter","floor":12,"turns":4},{"damage":15,"enemies":"Lagavulin","floor":13,"turns":6},{"damage":5,"enemies":"Hexaghost","floor":16,"turns":8},{"damage":10,"enemies":"Shell Parasite","floor":18,"turns":9},{"damage":0,"enemies":"3 Byrds","floor":19,"turns":2},{"damage":30,"enemies":"Slavers","floor":23,"turns":4},{"damage":52,"enemies":"Gremlin Leader","floor":25,"turns":6},{"damage":0,"enemies":"Centurion and Healer","floor":27,"turns":6},{"damage":12,"enemies":"Snake Plant","floor":31,"turns":3},{"damage":15,"enemies":"Champ","floor":33,"turns":7},{"damage":0,"enemies":"Orb Walker","floor":35,"turns":2},{"damage":5,"enemies":"3 Shapes","floor":36,"turns":2},{"damage":47,"enemies":"Writhing Mass","floor":38,"turns":4},{"damage":12,"enemies":"4 Shapes","floor":42,"turns":5},{"damage":18,"enemies":"Mind Bloom Boss Battle","floor":44,"turns":4},{"damage":5,"enemies":"Sphere and 2 Shapes","floor":48,"turns":3},{"damage":96,"enemies":"Time Eater","floor":50,"turns":10}],"seed_played":"4826302926720955323","potions_obtained":[{"floor":1,"key":"Swift Potion"},{"floor":8,"key":"GhostInAJar"},{"floor":10,"key":"SkillPotion"},{"floor":19,"key":"GhostInAJar"},{"floor":23,"key":"SkillPotion"},{"floor":33,"key":"Strength Potion"},{"floor":42,"key":"AttackPotion"},{"floor":44,"key":"Weak Potion"}],"is_trial":false,"path_per_floor":["M","?","?","$","M","R","E","M","T","M","R","M","E","?","R","B",null,"M","M","T","$","?","E","R","E","T","M","?","$","R","M","R","B",null,"M","M","?","M","?","R","?","M","T","?","R","?","$","M","R","B"],"character_chosen":"THE_SILENT","items_purchased":["Caltrops","Membership Card","Snake Skull","Orichalcum","TwistedFunnel","Footwork"],"campfire_rested":3,"item_purchase_floors":[4,21,21,29,29,47],"current_hp_per_floor":[70,70,70,70,70,70,66,65,65,65,65,65,50,64,64,59,84,74,74,74,74,74,44,81,29,29,29,29,29,66,54,66,51,84,84,79,94,47,47,59,59,47,47,29,69,69,69,64,79,0],"gold":364,"neow_bonus":"THREE_ENEMY_KILL","is_prod":false,"is_daily":false,"chose_seed":false,"campfire_upgraded":6,"win_rate":0,"timestamp":1544063720,"path_taken":["M","?","?","$","M","R","E","M","T","?","R","M","E","?","R","BOSS","M","M","?","$","?","E","R","E","T","M","?","?","R","M","R","BOSS","M","M","?","?","?","R","?","M","T","?","R","?","$","M","R","BOSS"],"build_version":"2018-12-05","purchased_purges":0,"victory":false,"max_hp_per_floor":[70,70,70,70,70,70,70,70,70,70,70,70,70,84,84,84,84,84,84,84,84,84,84,84,84,84,84,84,84,84,84,84,84,84,84,84,94,94,94,94,94,94,94,94,94,94,94,94,94,94],"card_choices":[{"not_picked":["Setup","Quick Slash","Flechettes"],"picked":"SKIP","floor":1},{"not_picked":["Dodge and Roll","Heel Hook"],"picked":"Noxious Fumes","floor":5},{"not_picked":["Acrobatics","Poisoned Stab"],"picked":"Deadly Poison","floor":7},{"not_picked":["Flechettes","Concentrate","Cloak And Dagger"],"picked":"SKIP","floor":8},{"not_picked":["Outmaneuver","Heel Hook","Cloak And Dagger"],"picked":"SKIP","floor":10},{"not_picked":["Outmaneuver","Dash"],"picked":"Well Laid Plans","floor":12},{"not_picked":["Calculated Gamble","Underhanded Strike"],"picked":"Venomology","floor":13},{"not_picked":["Bullet Time","Night Terror"],"picked":"Die Die Die","floor":16},{"not_picked":["Infinite Blades","Backflip+1"],"picked":"Catalyst+1","floor":18},{"not_picked":["Escape Plan","Deflect"],"picked":"Poisoned Stab","floor":19},{"not_picked":["Sucker Punch+1","Outmaneuver","Accuracy+1"],"picked":"SKIP","floor":23},{"not_picked":["Underhanded Strike","Phantasmal Killer","Crippling Poison"],"picked":"SKIP","floor":25},{"not_picked":["Poisoned Stab","Outmaneuver+1"],"picked":"Deadly Poison","floor":27},{"not_picked":["Prepared","Acrobatics","Cloak And Dagger"],"picked":"SKIP","floor":31},{"not_picked":["Dagger Spray+1","Masterful Stab","PiercingWail"],"picked":"SKIP","floor":35},{"not_picked":["Infinite Blades","Caltrops"],"picked":"Slice","floor":36},{"not_picked":["Well Laid Plans","Quick Slash+1"],"picked":"Acrobatics","floor":38},{"not_picked":["Grand Finale","PiercingWail"],"picked":"Well Laid Plans","floor":42},{"not_picked":["Dodge and Roll+1","Dagger Throw"],"picked":"Bouncing Flask","floor":44},{"not_picked":["Outmaneuver","Poisoned Stab+1"],"picked":"Acrobatics","floor":48}],"player_experience":61242,"relics_obtained":[{"floor":7,"key":"Turnip"},{"floor":9,"key":"Letter Opener"},{"floor":13,"key":"Omamori"},{"floor":14,"key":"Mango"},{"floor":20,"key":"PreservedInsect"},{"floor":23,"key":"Ornamental Fan"},{"floor":25,"key":"Ninja Scroll"},{"floor":26,"key":"Incense Burner"},{"floor":43,"key":"Smiling Mask"},{"floor":44,"key":"The Specimen"}],"event_choices":[{"damage_healed":0,"gold_gain":0,"cards_transformed":["Strike_G"],"player_choice":"Change","damage_taken":0,"max_hp_gain":0,"max_hp_loss":0,"event_name":"Living Wall","floor":2,"gold_loss":0,"cards_obtained":["Doppelganger"]},{"damage_healed":0,"gold_gain":100,"player_choice":"Pray","damage_taken":0,"max_hp_gain":0,"max_hp_loss":0,"event_name":"Golden Shrine","floor":3,"gold_loss":0},{"damage_healed":0,"gold_gain":0,"player_choice":"Relic","damage_taken":0,"max_hp_gain":0,"max_hp_loss":0,"event_name":"Wheel of Change","floor":14,"gold_loss":0},{"damage_healed":0,"gold_gain":0,"player_choice":"Inject Mutagens","damage_taken":0,"relics_obtained":["MutagenicStrength"],"max_hp_gain":0,"max_hp_loss":0,"event_name":"Drug Dealer","floor":22,"gold_loss":0},{"damage_healed":0,"gold_gain":0,"player_choice":"Ignored","damage_taken":0,"max_hp_gain":0,"max_hp_loss":0,"event_name":"Vampires","floor":28,"gold_loss":0},{"cards_removed":["Doppelganger"],"damage_healed":5,"gold_gain":0,"player_choice":"Offered Rare","damage_taken":0,"max_hp_gain":10,"max_hp_loss":0,"event_name":"Bonfire Elementals","floor":37,"gold_loss":0},{"damage_healed":0,"gold_gain":0,"player_choice":"Ignored","damage_taken":0,"max_hp_gain":0,"max_hp_loss":0,"event_name":"Mysterious Sphere","floor":39,"gold_loss":0},{"cards_removed":["Defend_G"],"damage_healed":0,"gold_gain":0,"player_choice":"Removed Skill","damage_taken":0,"max_hp_gain":0,"max_hp_loss":0,"event_name":"Falling","floor":41,"gold_loss":0},{"damage_healed":0,"gold_gain":0,"player_choice":"Fight","damage_taken":0,"max_hp_gain":0,"max_hp_loss":0,"event_name":"MindBloom","floor":44,"gold_loss":0},{"damage_healed":0,"gold_gain":0,"player_choice":"Bought 0 Potions","damage_taken":0,"max_hp_gain":0,"max_hp_loss":0,"event_name":"The Woman in Blue","floor":46,"gold_loss":0}],"is_beta":true,"boss_relics":[{"not_picked":["Runic Dome","WristBlade"],"picked":"Eternal Feather"},{"not_picked":["Busted Crown","Fusion Hammer"],"picked":"HoveringKite"}],"items_purged_floors":[],"is_endless":false,"potions_floor_spawned":[1,8,10,13,16,19,23,31,33,42,44],"killed_by":"Time Eater","ascension_level":1}