{"gold_per_floor":[112,112,35,54,4,4,39,39,66,30,51,111,125,13,13,113,113,128,43,54,54,69,96,109,109,109,121,121,147,158,174,174,269,269,287,65,78,88,102,127,127,154,154,164,175,175,175,175,175,175],"floor_reached":50,"playtime":1867,"items_purged":["Strike_G"],"score":1044,"play_id":"31405803-4f9f-49ee-8d26-45f541f01539","local_time":"20181125115636","is_ascension_mode":true,"campfire_choices":[{"data":"Neutralize","floor":6,"key":"SMITH"},{"data":"Noxious Fumes","floor":8,"key":"SMITH"},{"data":"Noxious Fumes","floor":15,"key":"SMITH"},{"data":"Doppelganger","floor":25,"key":"SMITH"},{"floor":32,"key":"REST"},{"floor":41,"key":"REST"},{"floor":46,"key":"REST"},{"data":"After Image","floor":49,"key":"SMITH"}],"neow_cost":"NONE","seed_source_timestamp":149907071607226,"circlet_count":0,"master_deck":["Defend_G","Defend_G","Defend_G","Defend_G","Defend_G","Strike_G","Strike_G","Strike_G","Survivor","Neutralize+1","Noxious Fumes+1","Bane","Backflip","Dash","Noxious Fumes+1","Infinite Blades","Noxious Fumes","Doppelganger+1","Well Laid Plans","Catalyst","Leg Sweep+1","Noxious Fumes+1","After Image","Footwork","Blur","Noxious Fumes+1","Mayhem","Noxious Fumes","Blur+1","Dodge and Roll+1","After Image+1","PiercingWail","Backflip","Footwork","Impatience"],"relics":["Ring of the Snake","NeowsBlessing","Bag of Preparation","PreservedInsect","Odd Mushroom","Tiny Chest","Sozu","Boot","Kunai","Happy Flower","Turnip","Prayer Wheel","Juzu Bracelet","Bird Faced Urn","Pear"],"potions_floor_usage":[11,11,18,23],"damage_taken":[{"damage":0,"enemies":"Small Slimes","floor":1,"turns":1},{"damage":0,"enemies":"2 Louse","floor":4,"turns":1},{"damage":0,"enemies":"Gremlin Nob","floor":7,"turns":1},{"damage":4,"enemies":"The Mushroom Lair","floor":11,"turns":3},{"damage":0,"enemies":"Jaw Worm","floor":13,"turns":4},{"damage":19,"enemies":"Hexaghost","floor":16,"turns":8},{"damage":2,"enemies":"3 Byrds","floor":18,"turns":4},{"damage":0,"enemies":"Chosen","floor":20,"turns":6},{"damage":0,"enemies":"Snecko","floor":22,"turns":5},{"damage":31,"enemies":"Slavers","floor":23,"turns":5},{"damage":6,"enemies":"3 Cultists","floor":24,"turns":5},{"damage":14,"enemies":"Cultist and Chosen","floor":27,"turns":6},{"damage":6,"enemies":"Gremlin Leader","floor":29,"turns":5},{"damage":0,"enemies":"Centurion and Healer","floor":30,"turns":6},{"damage":0,"enemies":"Shelled Parasite and Fungi","floor":31,"turns":5},{"damage":0,"enemies":"Champ","floor":33,"turns":10},{"damage":14,"enemies":"3 Darklings","floor":35,"turns":5},{"damage":0,"enemies":"3 Shapes","floor":37,"turns":5},{"damage":22,"enemies":"3 Darklings","floor":38,"turns":6},{"damage":14,"enemies":"Spire Growth","floor":39,"turns":6},{"damage":0,"enemies":"Nemesis","floor":40,"turns":7},{"damage":0,"enemies":"Giant Head","floor":42,"turns":8},{"damage":43,"enemies":"4 Shapes","floor":44,"turns":6},{"damage":25,"enemies":"3 Darklings","floor":45,"turns":6},{"damage":59,"enemies":"Awakened One","floor":50,"turns":5}],"seed_played":"-7524056778124238039","potions_obtained":[{"floor":4,"key":"LiquidBronze"},{"floor":7,"key":"EssenceOfSteel"},{"floor":13,"key":"GamblersBrew"},{"floor":16,"key":"Fire Potion"}],"is_trial":false,"path_per_floor":["M","?","$","M","?","R","E","R","T","$","?","?","M","$","R","B",null,"M","?","M","?","M","E","M","R","T","M","T","E","M","M","R","B",null,"M","$","M","M","M","E","R","E","T","M","M","R","?","?","R","B"],"character_chosen":"THE_SILENT","items_purchased":["Bane","Backflip","Noxious Fumes","Noxious Fumes","Mayhem","Noxious Fumes"],"campfire_rested":3,"item_purchase_floors":[3,3,10,14,36,36],"current_hp_per_floor":[63,68,68,68,68,68,68,68,68,68,64,64,64,64,64,45,68,66,66,66,66,66,35,29,29,29,15,15,9,9,9,31,31,64,50,50,50,28,14,14,36,36,46,21,18,43,43,43,43,0],"gold":175,"neow_bonus":"THREE_ENEMY_KILL","is_prod":false,"is_daily":false,"chose_seed":false,"campfire_upgraded":5,"win_rate":0,"timestamp":1543146996,"path_taken":["M","?","$","M","?","R","E","R","T","$","?","?","M","$","R","BOSS","M","?","M","?","?","E","M","R","T","M","?","E","?","M","R","BOSS","M","$","M","M","M","E","R","E","T","M","M","R","?","?","R","BOSS"],"build_version":"2018-11-15","purchased_purges":1,"victory":false,"max_hp_per_floor":[70,75,75,75,75,75,75,75,75,75,75,75,75,75,75,75,75,75,75,75,75,75,75,75,75,75,75,75,75,75,75,75,75,75,75,75,75,75,75,75,75,75,85,85,85,85,85,85,85,85],"card_choices":[{"not_picked":["Deadly Poison","Eviscerate"],"picked":"Noxious Fumes","floor":1},{"not_picked":["Dodge and Roll","Expertise"],"picked":"Dash","floor":4},{"not_picked":["Flying Knee","Expertise","Deadly Poison"],"picked":"SKIP","floor":7},{"not_picked":["Blade Dance","Flying Knee"],"picked":"Infinite Blades","floor":11},{"not_picked":["Dash","Underhanded Strike","Bane"],"picked":"SKIP","floor":13},{"not_picked":["Burst","A Thousand Cuts"],"picked":"Doppelganger","floor":16},{"not_picked":["Outmaneuver+1","Quick Slash"],"picked":"Well Laid Plans","floor":18},{"not_picked":["Eviscerate+1","Deadly Poison+1","Poisoned Stab"],"picked":"SKIP","floor":20},{"not_picked":["Setup","Predator+1"],"picked":"Leg Sweep+1","floor":22},{"not_picked":["Leg Sweep","Eviscerate","Outmaneuver"],"picked":"SKIP","floor":23},{"not_picked":["Dagger Throw+1","Endless Agony","Poisoned Stab"],"picked":"SKIP","floor":24},{"not_picked":["Night Terror","Deadly Poison"],"picked":"Noxious Fumes+1","floor":27},{"not_picked":["Dagger Spray","Poisoned Stab"],"picked":"After Image","floor":29},{"not_picked":["Skewer","Tactician+1"],"picked":"Footwork","floor":30},{"not_picked":["Bane","All Out Attack","Concentrate+1"],"picked":"SKIP","floor":30},{"not_picked":["Sucker Punch","Deadly Poison"],"picked":"Blur","floor":31},{"not_picked":["Quick Slash","Dagger Spray","Poisoned Stab"],"picked":"SKIP","floor":31},{"not_picked":["Heel Hook","Endless Agony+1"],"picked":"Noxious Fumes+1","floor":35},{"not_picked":["Dagger Spray+1","Quick Slash+1","All Out Attack"],"picked":"SKIP","floor":35},{"not_picked":["Bouncing Flask+1","Dagger Throw+1"],"picked":"Blur+1","floor":37},{"not_picked":["All Out Attack+1","Calculated Gamble","Leg Sweep"],"picked":"SKIP","floor":37},{"not_picked":["Underhanded Strike+1","Flying Knee+1","Blade Dance"],"picked":"SKIP","floor":38},{"not_picked":["Expertise","Dodge and Roll+1","All Out Attack+1"],"picked":"SKIP","floor":38},{"not_picked":["Expertise","All Out Attack+1"],"picked":"Dodge and Roll+1","floor":38},{"not_picked":["Underhanded Strike+1","Flying Knee+1","Blade Dance"],"picked":"SKIP","floor":38},{"not_picked":["Distraction","Terror+1"],"picked":"After Image","floor":39},{"not_picked":["Cloak And Dagger","Heel Hook","Prepared"],"picked":"SKIP","floor":39},{"not_picked":["Crippling Poison+1","Venomology"],"picked":"PiercingWail","floor":40},{"not_picked":["Dagger Throw+1","Blade Dance+1","Eviscerate+1"],"picked":"SKIP","floor":42},{"not_picked":["Sucker Punch+1","Quick Slash+1"],"picked":"Backflip","floor":44},{"not_picked":["Quick Slash+1","Acrobatics","Backstab+1"],"picked":"SKIP","floor":44},{"not_picked":["Deadly Poison","Accuracy+1"],"picked":"Footwork","floor":45},{"not_picked":["Accuracy","Acrobatics","Doppelganger"],"picked":"SKIP","floor":45},{"not_picked":["Deep Breath","Discovery"],"picked":"Impatience","floor":48}],"player_experience":207644,"relics_obtained":[{"floor":7,"key":"Bag of Preparation"},{"floor":9,"key":"PreservedInsect"},{"floor":11,"key":"Odd Mushroom"},{"floor":23,"key":"Kunai"},{"floor":26,"key":"Happy Flower"},{"floor":28,"key":"Turnip"},{"floor":29,"key":"Prayer Wheel"},{"floor":40,"key":"Juzu Bracelet"},{"floor":42,"key":"Bird Faced Urn"},{"floor":43,"key":"Pear"}],"event_choices":[{"damage_healed":0,"gold_gain":0,"player_choice":"Donut","damage_taken":0,"max_hp_gain":5,"max_hp_loss":0,"event_name":"Big Fish","floor":2,"gold_loss":0},{"cards_removed":["Strike_G"],"damage_healed":0,"gold_gain":0,"player_choice":"Card Removal","damage_taken":0,"max_hp_gain":0,"max_hp_loss":0,"event_name":"The Cleric","floor":5,"gold_loss":50},{"damage_healed":0,"gold_gain":0,"player_choice":"Fought Mushrooms","damage_taken":0,"max_hp_gain":0,"max_hp_loss":0,"event_name":"Mushrooms","floor":11,"gold_loss":0},{"damage_healed":0,"gold_gain":30,"player_choice":"Searched \u00273\u0027 times","damage_taken":0,"relics_obtained":["Tiny Chest"],"max_hp_gain":0,"max_hp_loss":0,"event_name":"Dead Adventurer","floor":12,"gold_loss":0},{"damage_healed":0,"gold_gain":0,"player_choice":"Obtained Relic","damage_taken":0,"relics_obtained":["Boot"],"max_hp_gain":0,"max_hp_loss":0,"event_name":"Addict","floor":19,"gold_loss":85},{"damage_healed":0,"gold_gain":0,"player_choice":"Read","damage_taken":0,"max_hp_gain":0,"max_hp_loss":0,"event_name":"The Library","floor":21,"gold_loss":0,"cards_obtained":["Catalyst"]},{"damage_healed":0,"gold_gain":0,"player_choice":"Ignored","damage_taken":0,"max_hp_gain":0,"max_hp_loss":0,"event_name":"Mysterious Sphere","floor":47,"gold_loss":0},{"damage_healed":0,"gold_gain":0,"player_choice":"Memory 1","damage_taken":0,"max_hp_gain":0,"max_hp_loss":0,"event_name":"SensoryStone","floor":48,"gold_loss":0}],"is_beta":false,"boss_relics":[{"not_picked":["Snecko Eye","Philosopher\u0027s Stone"],"picked":"Sozu"},{"not_picked":["Calling Bell","HoveringKite","Coffee Dripper"]}],"items_purged_floors":[14],"is_endless":false,"potions_floor_spawned":[4,7,13,16,18,23,30,31,35,37,39,42],"killed_by":"Awakened One","ascension_level":8}