{"gold_per_floor":[112,112,37,55,65,65,65,90,137,162,175,175,350,350,350,453,453,467,64,64,80,80,80,96,96,96,96,112,124,124,140,140,242,292,303,263,277,295,295,324,46,46,70,84,101,101,121,140,140,140,140,140,38,38],"floor_reached":54,"playtime":7029,"items_purged":["Strike_G","Doubt","Injury"],"score":1046,"play_id":"8ad80355-3cf3-41b5-8974-0f8b941a900d","local_time":"20181228025208","is_ascension_mode":true,"campfire_choices":[{"data":"Blind","floor":6,"key":"SMITH"},{"data":"Noxious Fumes","floor":15,"key":"SMITH"},{"data":"Catalyst","floor":23,"key":"SMITH"},{"data":"Burst","floor":25,"key":"SMITH"},{"data":"Neutralize","floor":32,"key":"SMITH"},{"data":"Night Terror","floor":42,"key":"SMITH"},{"data":"Well Laid Plans","floor":46,"key":"SMITH"},{"floor":49,"key":"RECALL"},{"data":"Bouncing Flask","floor":52,"key":"SMITH"}],"neow_cost":"NONE","seed_source_timestamp":2712703457344169,"circlet_count":0,"master_deck":["Defend_G","Defend_G","Defend_G","Defend_G","Defend_G","Strike_G","Strike_G","Strike_G","Survivor","Neutralize+1","Blind+1","PiercingWail+1","Noxious Fumes+1","Masterful Stab","Night Terror+1","Deflect","Bouncing Flask","Neutralize+1","Burst+1","Setup+1","Deadly Poison","Catalyst+1","Footwork","PiercingWail","Dash","Deadly Poison","Bouncing Flask+1","Dodge and Roll","Deadly Poison","Outmaneuver+1","Well Laid Plans+1","Escape Plan+1","Footwork"],"relics":["Ring of the Snake","Blood Vial","Pocketwatch","Bag of Marbles","Orichalcum","Oddly Smooth Stone","Coffee Dripper","Bottled Tornado","Boot","Meat on the Bone","Tiny House","Omamori","Art of War"],"potions_floor_usage":[8,21,33,35,35,37,37,37,38,44,45,45,48,50,54],"damage_taken":[{"damage":0,"enemies":"Jaw Worm","floor":1,"turns":5},{"damage":0,"enemies":"Cultist","floor":4,"turns":6},{"damage":0,"enemies":"Small Slimes","floor":5,"turns":4},{"damage":23,"enemies":"3 Sentries","floor":8,"turns":9},{"damage":20,"enemies":"Lagavulin","floor":10,"turns":9},{"damage":3,"enemies":"Exordium Wildlife","floor":11,"turns":5},{"damage":0,"enemies":"Hexaghost","floor":16,"turns":7},{"damage":0,"enemies":"Spheric Guardian","floor":18,"turns":3},{"damage":12,"enemies":"2 Thieves","floor":21,"turns":4},{"damage":5,"enemies":"Snecko","floor":24,"turns":3},{"damage":7,"enemies":"Centurion and Healer","floor":28,"turns":5},{"damage":10,"enemies":"Snake Plant","floor":29,"turns":3},{"damage":11,"enemies":"3 Cultists","floor":31,"turns":5},{"damage":31,"enemies":"Collector","floor":33,"turns":7},{"damage":0,"enemies":"3 Darklings","floor":35,"turns":4},{"damage":5,"enemies":"Orb Walker","floor":37,"turns":2},{"damage":2,"enemies":"Jaw Worm Horde","floor":38,"turns":5},{"damage":49,"enemies":"Reptomancer","floor":40,"turns":4},{"damage":9,"enemies":"Spire Growth","floor":44,"turns":4},{"damage":18,"enemies":"Sphere and 2 Shapes","floor":45,"turns":3},{"damage":10,"enemies":"4 Shapes","floor":47,"turns":5},{"damage":11,"enemies":"Maw","floor":48,"turns":6},{"damage":38,"enemies":"Time Eater","floor":50,"turns":5},{"damage":73,"enemies":"Shield and Spear","floor":54,"turns":5}],"seed_played":"7033077107975901548","potions_obtained":[{"floor":5,"key":"Energy Potion"},{"floor":16,"key":"Swift Potion"},{"floor":18,"key":"Explosive Potion"},{"floor":28,"key":"Block Potion"},{"floor":33,"key":"Swift Potion"},{"floor":34,"key":"EssenceOfSteel"},{"floor":36,"key":"EntropicBrew"},{"floor":36,"key":"AttackPotion"},{"floor":36,"key":"SneckoOil"},{"floor":37,"key":"Swift Potion"},{"floor":40,"key":"FearPotion"},{"floor":44,"key":"SkillPotion"},{"floor":45,"key":"Swift Potion"}],"is_trial":false,"path_per_floor":["M","?","$","M","M","R","?","E","T","E","M","T","?","?","R","B",null,"M","$","?","M","?","R","M","R","T","$","M","M","?","M","R","B",null,"M","?","M","M","?","E","$","R","T","M","M","R","M","M","R","B",null,"R","$","E"],"character_chosen":"THE_SILENT","items_purchased":["Bottled Tornado","Deadly Poison","Art of War","Poison Potion","Block Potion"],"campfire_rested":0,"item_purchase_floors":[19,19,41,53,53],"current_hp_per_floor":[63,63,63,63,63,63,51,30,30,12,11,11,11,11,11,13,56,58,58,58,48,48,48,45,45,45,45,40,44,44,47,47,30,65,67,67,64,64,64,29,29,29,29,34,30,30,34,37,37,13,60,60,60,0],"gold":38,"neow_bonus":"RANDOM_COLORLESS","is_prod":false,"is_daily":false,"chose_seed":false,"campfire_upgraded":8,"win_rate":0,"timestamp":1545994328,"path_taken":["M","?","$","?","M","R","?","E","T","E","M","?","?","?","R","BOSS","M","$","?","M","?","R","M","R","T","?","M","M","?","?","R","BOSS","M","?","?","M","?","E","?","R","T","M","M","R","M","?","R","BOSS","R","$","E"],"build_version":"2018-12-20","purchased_purges":3,"victory":false,"max_hp_per_floor":[70,70,70,70,70,70,70,70,70,70,70,70,70,70,70,70,70,70,70,70,70,70,70,70,70,70,70,70,70,70,70,70,70,75,75,75,75,75,75,75,75,75,75,75,75,75,75,75,75,75,75,75,75,75],"card_choices":[{"not_picked":["Underhanded Strike","Setup"],"picked":"PiercingWail","floor":1},{"not_picked":["Flying Knee","Noxious Fumes"],"picked":"Bouncing Flask","floor":4},{"not_picked":["Quick Slash","Underhanded Strike"],"picked":"Noxious Fumes","floor":5},{"not_picked":["Bane","Phantasmal Killer"],"picked":"Masterful Stab","floor":8},{"not_picked":["PiercingWail","Dagger Spray"],"picked":"Night Terror","floor":10},{"not_picked":["Finisher","Skewer"],"picked":"Deflect","floor":11},{"not_picked":["Venomology","A Thousand Cuts"],"picked":"Burst","floor":16},{"not_picked":["Blade Dance+1","Dagger Spray"],"picked":"Setup+1","floor":18},{"not_picked":["Deflect","Predator"],"picked":"Catalyst","floor":21},{"not_picked":["Slice+1","Blade Dance","Acrobatics"],"picked":"SKIP","floor":24},{"not_picked":["Outmaneuver","Terror","Prepared"],"picked":"SKIP","floor":28},{"not_picked":["Dagger Throw","Dodge and Roll"],"picked":"PiercingWail","floor":29},{"not_picked":["Flying Knee","Dagger Spray"],"picked":"Deadly Poison","floor":31},{"not_picked":["Backstab","PiercingWail"],"picked":"Bouncing Flask","floor":34},{"not_picked":["Reflex+1","Masterful Stab"],"picked":"Dodge and Roll","floor":35},{"not_picked":["Slice+1","Prepared+1"],"picked":"Deadly Poison","floor":37},{"not_picked":["Slice+1","Underhanded Strike+1","Dagger Throw+1"],"picked":"SKIP","floor":38},{"not_picked":["Eviscerate+1","Deflect","Poisoned Stab"],"picked":"SKIP","floor":40},{"not_picked":["Quick Slash+1","Sucker Punch+1"],"picked":"Outmaneuver+1","floor":44},{"not_picked":["Tactician+1","After Image"],"picked":"Well Laid Plans","floor":45},{"not_picked":["Dagger Spray","Underhanded Strike+1"],"picked":"Escape Plan+1","floor":47},{"not_picked":["Cloak And Dagger","Calculated Gamble+1"],"picked":"Footwork","floor":48}],"player_experience":155189,"relics_obtained":[{"floor":8,"key":"Pocketwatch"},{"floor":9,"key":"Bag of Marbles"},{"floor":10,"key":"Orichalcum"},{"floor":12,"key":"Oddly Smooth Stone"},{"floor":26,"key":"Meat on the Bone"},{"floor":40,"key":"Omamori"}],"event_choices":[{"damage_healed":0,"gold_gain":0,"player_choice":"Upgraded","damage_taken":0,"max_hp_gain":0,"max_hp_loss":0,"event_name":"Upgrade Shrine","floor":2,"gold_loss":0,"cards_upgraded":["Neutralize"]},{"damage_healed":0,"gold_gain":0,"player_choice":"Success","damage_taken":12,"relics_obtained":["Blood Vial"],"max_hp_gain":0,"max_hp_loss":0,"event_name":"Scrap Ooze","floor":7,"gold_loss":0},{"damage_healed":0,"gold_gain":175,"player_choice":"AGREE","damage_taken":0,"max_hp_gain":0,"max_hp_loss":0,"event_name":"Liars Game","floor":13,"gold_loss":0,"cards_obtained":["Doubt"]},{"damage_healed":0,"gold_gain":0,"player_choice":"2 cards matched","damage_taken":0,"max_hp_gain":0,"max_hp_loss":0,"event_name":"Match and Keep!","floor":14,"gold_loss":0,"cards_obtained":["Bouncing Flask","Neutralize"]},{"damage_healed":0,"gold_gain":0,"player_choice":"Stole Relic","damage_taken":0,"relics_obtained":["Boot"],"max_hp_gain":0,"max_hp_loss":0,"event_name":"Addict","floor":20,"gold_loss":0,"cards_obtained":["Shame"]},{"damage_healed":0,"gold_gain":0,"player_choice":"Read","damage_taken":0,"max_hp_gain":0,"max_hp_loss":0,"event_name":"The Library","floor":22,"gold_loss":0,"cards_obtained":["Footwork"]},{"damage_healed":0,"gold_gain":0,"cards_transformed":["Shame","Strike_G"],"player_choice":"Became Test Subject","damage_taken":0,"max_hp_gain":0,"max_hp_loss":0,"event_name":"Drug Dealer","floor":30,"gold_loss":0,"cards_obtained":["Injury","Dash"]},{"damage_healed":0,"gold_gain":0,"player_choice":"Bought 3 Potions","damage_taken":0,"max_hp_gain":0,"max_hp_loss":0,"event_name":"The Woman in Blue","floor":36,"gold_loss":0},{"cards_removed":["Bouncing Flask"],"damage_healed":0,"gold_gain":0,"player_choice":"Removed Skill","damage_taken":0,"max_hp_gain":0,"max_hp_loss":0,"event_name":"Falling","floor":39,"gold_loss":0}],"is_beta":false,"boss_relics":[{"not_picked":["Lizard Tail","Ring of the Serpent"],"picked":"Coffee Dripper"},{"not_picked":["Black Star","Pandora\u0027s Box"],"picked":"Tiny House"}],"items_purged_floors":[3,19,41],"is_endless":false,"potions_floor_spawned":[5,16,18,28,33,37,40,44,45],"killed_by":"Shield and Spear","ascension_level":8}