{"gold_per_floor":[109,109,109,109,184,184,216,9,33,33,33,47,57,73,73,144,194,211,211,228,228],"floor_reached":21,"playtime":392,"items_purged":[],"score":336,"play_id":"65125950-59b3-4b1e-9699-bc6e306e6096","local_time":"20190119194007","is_ascension_mode":true,"campfire_choices":[{"data":"Cleave","floor":6,"key":"SMITH"},{"data":"Evolve","floor":11,"key":"SMITH"},{"data":"Carnage","floor":15,"key":"SMITH"}],"neow_cost":"NONE","seed_source_timestamp":31273272724586,"circlet_count":0,"master_deck":["AscendersBane","Strike_R+1","Strike_R","Strike_R","Strike_R","Strike_R","Defend_R","Defend_R","Defend_R","Defend_R","Bash+1","Cleave+1","Evolve+1","Carnage+1","Iron Wave","Immolate","True Grit","Power Through","True Grit"],"relics":["Burning Blood","Mercury Hourglass","Bag of Preparation","Omamori","Bag of Marbles","Tiny House"],"potions_floor_usage":[],"damage_taken":[{"damage":5,"enemies":"2 Louse","floor":1,"turns":4},{"damage":30,"enemies":"3 Sentries","floor":7,"turns":5},{"damage":7,"enemies":"Jaw Worm","floor":12,"turns":2},{"damage":0,"enemies":"Small Slimes","floor":13,"turns":1},{"damage":0,"enemies":"2 Fungi Beasts","floor":14,"turns":1},{"damage":47,"enemies":"The Guardian","floor":16,"turns":13},{"damage":25,"enemies":"Spheric Guardian","floor":18,"turns":4},{"damage":12,"enemies":"3 Byrds","floor":20,"turns":2},{"damage":56,"enemies":"Centurion and Healer","floor":21,"turns":7}],"seed_played":"3951458634232550180","potions_obtained":[{"floor":12,"key":"BloodPotion"},{"floor":13,"key":"SkillPotion"},{"floor":14,"key":"Dexterity Potion"}],"is_trial":false,"path_per_floor":["M","?","T","?","?","R","E","$","T","?","R","M","M","M","R","B",null,"M","?","M","M"],"character_chosen":"IRONCLAD","items_purchased":["Evolve","Omamori"],"campfire_rested":0,"item_purchase_floors":[8,8],"current_hp_per_floor":[76,76,76,81,70,70,46,46,46,46,46,45,51,57,57,16,74,55,55,49,0],"gold":228,"neow_bonus":"TEN_PERCENT_HP_BONUS","is_prod":false,"is_daily":false,"chose_seed":false,"campfire_upgraded":3,"win_rate":0,"timestamp":1547926807,"path_taken":["M","?","?","?","?","R","E","$","T","?","R","M","M","M","R","BOSS","M","?","M","M"],"build_version":"2019-01-17v2","purchased_purges":0,"victory":false,"max_hp_per_floor":[82,82,82,87,87,87,87,87,87,87,87,87,87,87,87,87,92,92,92,92,92],"card_choices":[{"not_picked":["Twin Strike","True Grit"],"picked":"Cleave","floor":1},{"not_picked":["Fire Breathing","Heavy Blade","Bloodletting"],"picked":"SKIP","floor":7},{"not_picked":["Body Slam","Cleave"],"picked":"Carnage","floor":12},{"not_picked":["Body Slam","Clothesline","Clash"],"picked":"SKIP","floor":13},{"not_picked":["Clothesline","Pummel"],"picked":"Iron Wave","floor":14},{"not_picked":["Bludgeon","Impervious"],"picked":"Immolate","floor":16},{"not_picked":["Clash","Sentinel"],"picked":"True Grit","floor":17},{"not_picked":["Wild Strike","Shrug It Off"],"picked":"Power Through","floor":18},{"not_picked":["Pommel Strike","Clash"],"picked":"True Grit","floor":20}],"player_experience":403451,"relics_obtained":[{"floor":3,"key":"Mercury Hourglass"},{"floor":7,"key":"Bag of Preparation"},{"floor":9,"key":"Bag of Marbles"}],"event_choices":[{"damage_healed":0,"gold_gain":0,"player_choice":"Ignored","damage_taken":0,"max_hp_gain":0,"max_hp_loss":0,"event_name":"Liars Game","floor":2,"gold_loss":0},{"damage_healed":0,"gold_gain":0,"player_choice":"Donut","damage_taken":0,"max_hp_gain":5,"max_hp_loss":0,"event_name":"Big Fish","floor":4,"gold_loss":0},{"damage_healed":0,"gold_gain":75,"player_choice":"Gather Gold","damage_taken":11,"max_hp_gain":0,"max_hp_loss":0,"event_name":"World of Goop","floor":5,"gold_loss":0},{"damage_healed":0,"gold_gain":0,"player_choice":"Grow","damage_taken":0,"max_hp_gain":0,"max_hp_loss":0,"event_name":"Living Wall","floor":10,"gold_loss":0,"cards_upgraded":["Bash"]},{"damage_healed":0,"gold_gain":0,"player_choice":"Ignored","damage_taken":0,"max_hp_gain":0,"max_hp_loss":0,"event_name":"The Mausoleum","floor":19,"gold_loss":0}],"is_beta":false,"boss_relics":[{"not_picked":["Runic Cube","White Beast Statue"],"picked":"Tiny House"}],"items_purged_floors":[],"is_endless":false,"potions_floor_spawned":[12,13,14,16,20],"killed_by":"Centurion and Healer","ascension_level":18}