{"gold_per_floor":[116,27,27,27,41,41,73,73,73,30,94,109,109,129,129,205,205,224,224,237,0,11,11,11,21,21,21],"floor_reached":27,"playtime":1323,"items_purged":[],"score":455,"play_id":"1a89413d-1560-4cbb-ac14-9995a3ff4691","local_time":"20190203170943","is_ascension_mode":true,"campfire_choices":[{"data":"Well Laid Plans","floor":6,"key":"SMITH"},{"data":"Bouncing Flask","floor":8,"key":"SMITH"},{"data":"Cloak And Dagger","floor":15,"key":"SMITH"},{"floor":23,"key":"REST"}],"neow_cost":"NONE","seed_source_timestamp":2071500109611716,"circlet_count":0,"master_deck":["AscendersBane","Defend_G","Defend_G","Defend_G","Defend_G","Defend_G","Strike_G","Strike_G","Survivor","Neutralize","Sucker Punch","Well Laid Plans+1","Backflip","Bouncing Flask+1","Infinite Blades","Bane+1","Deadly Poison","Cloak And Dagger+1","After Image","Backflip","RitualDagger+1","Noxious Fumes","Accuracy","Bouncing Flask+1","Reflex","Outmaneuver","Blade Dance","Normality"],"relics":["Ring of the Snake","NeowsBlessing","Mercury Hourglass","Molten Egg 2","Tiny Chest","Cursed Key","Juzu Bracelet","Boot"],"potions_floor_usage":[11,11,22,25],"damage_taken":[{"damage":0,"enemies":"Jaw Worm","floor":1,"turns":1},{"damage":0,"enemies":"Small Slimes","floor":5,"turns":1},{"damage":0,"enemies":"Lagavulin","floor":7,"turns":1},{"damage":14,"enemies":"3 Sentries","floor":11,"turns":5},{"damage":0,"enemies":"Cultist","floor":12,"turns":3},{"damage":17,"enemies":"Large Slime","floor":14,"turns":5},{"damage":10,"enemies":"Hexaghost","floor":16,"turns":8},{"damage":19,"enemies":"2 Thieves","floor":18,"turns":4},{"damage":12,"enemies":"3 Byrds","floor":20,"turns":4},{"damage":18,"enemies":"3 Cultists","floor":22,"turns":4},{"damage":20,"enemies":"Snake Plant","floor":25,"turns":3},{"damage":13,"enemies":"Centurion and Healer","floor":27,"turns":5}],"seed_played":"-8315270950737355259","potions_obtained":[{"floor":1,"key":"FearPotion"},{"floor":5,"key":"Swift Potion"},{"floor":7,"key":"Strength Potion"},{"floor":18,"key":"SteroidPotion"},{"floor":22,"key":"Block Potion"},{"floor":25,"key":"Explosive Potion"}],"is_trial":false,"path_per_floor":["M","$","?","?","M","R","E","R","T","$","E","M","?","M","R","B",null,"M","?","M","$","M","R","?","M","T","M"],"character_chosen":"THE_SILENT","items_purchased":["Well Laid Plans","Infinite Blades","Juzu Bracelet","Accuracy"],"campfire_rested":1,"item_purchase_floors":[2,10,21,21],"current_hp_per_floor":[59,59,64,71,71,71,71,71,71,71,57,57,50,33,33,23,59,40,34,22,22,4,25,25,5,5,0],"gold":21,"neow_bonus":"THREE_ENEMY_KILL","is_prod":false,"is_daily":false,"chose_seed":false,"campfire_upgraded":3,"win_rate":0,"timestamp":1549242583,"path_taken":["M","$","?","?","?","R","E","R","T","$","E","M","?","M","R","BOSS","M","?","M","$","M","R","?","M","T","M"],"build_version":"2019-01-23","purchased_purges":0,"victory":false,"max_hp_per_floor":[66,66,71,71,71,71,71,71,71,71,71,71,71,71,71,71,71,71,71,71,71,71,71,71,71,71,71],"card_choices":[{"not_picked":["Flechettes","Outmaneuver"],"picked":"Sucker Punch","floor":1},{"not_picked":["Poisoned Stab","Slice"],"picked":"Backflip","floor":5},{"not_picked":["Catalyst","Finisher"],"picked":"Bouncing Flask","floor":7},{"not_picked":["Reflex","Dodge and Roll"],"picked":"Bane+1","floor":11},{"not_picked":["Outmaneuver","Riddle With Holes+1"],"picked":"Deadly Poison","floor":12},{"not_picked":["Deadly Poison","Outmaneuver"],"picked":"Cloak And Dagger","floor":14},{"not_picked":["Bullet Time","Adrenaline"],"picked":"After Image","floor":16},{"not_picked":["Reflex","Outmaneuver"],"picked":"Backflip","floor":18},{"not_picked":["Flying Knee+1","Deflect"],"picked":"Noxious Fumes","floor":20},{"not_picked":["Wraith Form v2","Tactician"],"picked":"Bouncing Flask+1","floor":22},{"not_picked":["Deflect","Flying Knee+1"],"picked":"Blade Dance","floor":25}],"player_experience":602722,"relics_obtained":[{"floor":7,"key":"Mercury Hourglass"},{"floor":9,"key":"Molten Egg 2"},{"floor":11,"key":"Tiny Chest"},{"floor":26,"key":"Boot"}],"event_choices":[{"damage_healed":0,"gold_gain":0,"player_choice":"Donut","damage_taken":0,"max_hp_gain":5,"max_hp_loss":0,"event_name":"Big Fish","floor":3,"gold_loss":0},{"damage_healed":7,"gold_gain":0,"player_choice":"Full Heal","damage_taken":0,"max_hp_gain":0,"max_hp_loss":0,"event_name":"Wheel of Change","floor":4,"gold_loss":0},{"cards_removed":["Strike_G"],"damage_healed":0,"gold_gain":0,"player_choice":"Card Removal","damage_taken":7,"max_hp_gain":0,"max_hp_loss":0,"event_name":"Golden Wing","floor":13,"gold_loss":0},{"damage_healed":0,"gold_gain":0,"player_choice":"Joined the Cult","damage_taken":6,"max_hp_gain":0,"max_hp_loss":0,"event_name":"Nest","floor":19,"gold_loss":0,"cards_obtained":["RitualDagger"]},{"damage_healed":0,"gold_gain":0,"cards_transformed":["Strike_G","Strike_G"],"player_choice":"Became Test Subject","damage_taken":0,"max_hp_gain":0,"max_hp_loss":0,"event_name":"Drug Dealer","floor":24,"gold_loss":0,"cards_obtained":["Reflex","Outmaneuver"]}],"is_beta":false,"boss_relics":[{"not_picked":["Eternal Feather","Astrolabe"],"picked":"Cursed Key"}],"items_purged_floors":[],"is_endless":false,"potions_floor_spawned":[1,5,7,18,22,25],"killed_by":"Centurion and Healer","ascension_level":17}