{"gold_per_floor":[117,131,131,131,141,141,156,171,220,220,69,144,144,75,75,172,172,191,191,211,231,87,87,116,116,139,151,0,12,24,48,60,72],"floor_reached":33,"playtime":1556,"items_purged":[],"score":291,"play_id":"79beac8d-80b7-434d-ba68-47e489763945","local_time":"20190122005225","is_ascension_mode":true,"campfire_choices":[{"data":"Dodge and Roll","floor":6,"key":"SMITH"},{"floor":10,"key":"REST"},{"data":"Caltrops","floor":13,"key":"SMITH"},{"data":"Footwork","floor":15,"key":"SMITH"},{"floor":23,"key":"REST"},{"floor":27,"key":"REST"},{"floor":30,"key":"REST"},{"floor":32,"key":"REST"}],"neow_cost":"NONE","seed_source_timestamp":857539234359006,"circlet_count":0,"master_deck":["Defend_G+1","Defend_G","Defend_G+1","Defend_G","Defend_G","Strike_G","Strike_G","Strike_G","Strike_G","Strike_G","Survivor","Neutralize","Well Laid Plans","Dodge and Roll+1","Dagger Throw","Caltrops+1","Footwork+1","Leg Sweep+1","Acrobatics","Dagger Throw+1"],"relics":["Ring of the Snake","Pen Nib","Meat on the Bone","Orichalcum","War Paint","Black Star","Juzu Bracelet","Molten Egg 2","Anchor","MawBank"],"potions_floor_usage":[7,16,16,16,21,21,24,33],"damage_taken":[{"damage":5,"enemies":"Cultist","floor":1,"turns":5},{"damage":0,"enemies":"2 Louse","floor":2,"turns":3},{"damage":2,"enemies":"Jaw Worm","floor":5,"turns":5},{"damage":0,"enemies":"Large Slime","floor":7,"turns":7},{"damage":29,"enemies":"Gremlin Gang","floor":8,"turns":7},{"damage":31,"enemies":"Slime Boss","floor":16,"turns":16},{"damage":12,"enemies":"Spheric Guardian","floor":18,"turns":8},{"damage":21,"enemies":"3 Byrds","floor":20,"turns":5},{"damage":8,"enemies":"Sentry and Sphere","floor":21,"turns":12},{"damage":59,"enemies":"Slavers","floor":24,"turns":11},{"damage":25,"enemies":"Snecko","floor":31,"turns":10},{"damage":73,"enemies":"Champ","floor":33,"turns":27}],"seed_played":"3516379810896054376","potions_obtained":[{"floor":1,"key":"PowerPotion"},{"floor":4,"key":"EntropicBrew"},{"floor":4,"key":"Block Potion"},{"floor":7,"key":"Strength Potion"},{"floor":31,"key":"GamblersBrew"}],"is_trial":false,"path_per_floor":["M","T","?","M","?","$","?","M","?","?","?"],"character_chosen":"THE_SILENT","items_purchased":["War Paint","Footwork","Juzu Bracelet"],"campfire_rested":5,"item_purchase_floors":[11,14,22],"current_hp_per_floor":[65,65,65,65,63,63,63,46,46,67,67,56,56,56,56,37,70,58,51,42,46,46,67,20,7,7,29,29,29,51,38,60,0],"gold":72,"neow_bonus":"RANDOM_COMMON_RELIC","is_prod":false,"is_daily":false,"chose_seed":false,"campfire_upgraded":3,"win_rate":0,"timestamp":1548139945,"path_taken":["M","?","?","?","M","R","M","?","T","R","$","?","R","?","R","BOSS","M","?","?","M","$","R","E","?","T","R","?","?","R","M","R","BOSS"],"build_version":"2019-01-20","purchased_purges":0,"victory":false,"max_hp_per_floor":[70,70,70,70,70,70,70,70,70,70,70,70,70,70,70,70,70,70,70,70,70,70,70,70,75,75,75,75,75,75,75,75,75],"card_choices":[{"not_picked":["Dagger Spray","Choke"],"picked":"Well Laid Plans","floor":1},{"not_picked":["All Out Attack","Deadly Poison"],"picked":"Dodge and Roll","floor":2},{"not_picked":["Blur","Riddle With Holes"],"picked":"Dagger Throw","floor":5},{"not_picked":["Flying Knee","Escape Plan","Deflect"],"picked":"SKIP","floor":7},{"not_picked":["Footwork","Underhanded Strike"],"picked":"Caltrops","floor":8},{"not_picked":["Dagger Throw","Flying Knee","Escape Plan"],"picked":"SKIP","floor":18},{"not_picked":["Concentrate","Blur"],"picked":"Leg Sweep+1","floor":20},{"not_picked":["Dagger Spray","Underhanded Strike+1","Backflip+1"],"picked":"SKIP","floor":21},{"not_picked":["Deflect","PiercingWail+1"],"picked":"Acrobatics","floor":24},{"not_picked":["Finisher+1","Skewer+1"],"picked":"Dagger Throw+1","floor":31}],"player_experience":69189,"relics_obtained":[{"floor":3,"key":"Meat on the Bone"},{"floor":9,"key":"Orichalcum"},{"floor":24,"key":"Molten Egg 2"},{"floor":24,"key":"Anchor"},{"floor":26,"key":"MawBank"}],"event_choices":[{"damage_healed":0,"gold_gain":0,"player_choice":"Got Potions","damage_taken":0,"max_hp_gain":0,"max_hp_loss":0,"event_name":"Lab","floor":4,"gold_loss":0},{"damage_healed":0,"gold_gain":75,"player_choice":"Gather Gold","damage_taken":11,"max_hp_gain":0,"max_hp_loss":0,"event_name":"World of Goop","floor":12,"gold_loss":0},{"damage_healed":0,"gold_gain":0,"player_choice":"","damage_taken":7,"max_hp_gain":0,"max_hp_loss":0,"event_name":"Knowing Skull","floor":19,"potions_obtained":[],"gold_loss":0,"cards_obtained":[]},{"damage_healed":0,"gold_gain":0,"player_choice":"Shed Blood","damage_taken":18,"max_hp_gain":5,"max_hp_loss":0,"event_name":"Forgotten Altar","floor":25,"gold_loss":0},{"damage_healed":0,"gold_gain":0,"player_choice":"Paid Fearfully","damage_taken":0,"max_hp_gain":0,"max_hp_loss":0,"event_name":"Masked Bandits","floor":28,"gold_loss":163},{"damage_healed":0,"gold_gain":0,"player_choice":"Ignored","damage_taken":0,"max_hp_gain":0,"max_hp_loss":0,"event_name":"Vampires","floor":29,"gold_loss":0}],"is_beta":true,"boss_relics":[{"not_picked":["Runic Dome","Empty Cage"],"picked":"Black Star"}],"items_purged_floors":[],"is_endless":false,"potions_floor_spawned":[1,7,18,31],"killed_by":"Champ","ascension_level":3}