{"gold_per_floor":[114,129,129,144,144,144,174,98,98,113,113,128,143,158,158,258,258,273,273,288,303,303,303,278,308,358,358,358,358,373,403,403,503,503,518,533,633,483,513,513,163,163,163,163,163,193,193,208,208,208],"floor_reached":51,"playtime":8041,"items_purged":[],"score":738,"play_id":"cbcbebea-231c-4c4e-aa11-cbefc037f2a2","local_time":"20190203200126","daily_mods":["Draft","Colorless Cards","Night Terrors"],"is_ascension_mode":false,"campfire_choices":[{"data":"Streamline","floor":6,"key":"SMITH"},{"data":"Hologram","floor":11,"key":"SMITH"},{"data":"Hologram","floor":15,"key":"SMITH"},{"data":"Creative AI","floor":23,"key":"SMITH"},{"data":"Trip","floor":27,"key":"SMITH"},{"data":"Hologram","floor":29,"key":"SMITH"},{"floor":32,"key":"REST"},{"floor":40,"key":"REST"},{"data":"Beam Cell","floor":42,"key":"SMITH"},{"data":"Rainbow","floor":47,"key":"SMITH"},{"data":"Defragment","floor":49,"key":"SMITH"}],"neow_cost":"","seed_source_timestamp":0,"circlet_count":0,"master_deck":["Streamline+1","Leap","Discovery+1","Hologram+1","Self Repair","Gash","Conserve Battery","Compile Driver","Ball Lightning","Beam Cell","Undo","Panacea","Trip+1","Cold Snap","Gash","Conserve Battery","Rip and Tear","Defragment+1","Coolheaded","Gash","Gash","Bandage Up","Hologram+1","Stack","Creative AI+1","Bandage Up+1","Discovery","Dramatic Entrance","Hologram+1","Beam Cell+1","Auto Shields+1","Beam Cell","Rainbow+1","Hologram+1","Coolheaded+1","Flash of Steel+1","Panacea+1","Madness","Madness","Blind+1"],"special_seed":17931,"relics":["Cracked Core","Peace Pipe","Calipers","Philosopher\u0027s Stone","Omamori","DataDisk","Lantern","Potion Belt","Sozu","Du-Vu Doll","Pen Nib","Torii","Bag of Marbles","Runic Capacitor","Pocketwatch","Bag of Preparation"],"potions_floor_usage":[30,33,33,37],"damage_taken":[{"damage":0,"enemies":"Small Slimes","floor":1,"turns":2},{"damage":0,"enemies":"Jaw Worm","floor":2,"turns":2},{"damage":0,"enemies":"2 Louse","floor":4,"turns":2},{"damage":4,"enemies":"Gremlin Nob","floor":7,"turns":3},{"damage":0,"enemies":"Blue Slaver","floor":10,"turns":1},{"damage":0,"enemies":"2 Fungi Beasts","floor":12,"turns":2},{"damage":0,"enemies":"Gremlin Gang","floor":13,"turns":3},{"damage":11,"enemies":"3 Louse","floor":14,"turns":2},{"damage":17,"enemies":"The Guardian","floor":16,"turns":7},{"damage":7,"enemies":"Shell Parasite","floor":18,"turns":4},{"damage":14,"enemies":"Spheric Guardian","floor":20,"turns":4},{"damage":3,"enemies":"3 Cultists","floor":21,"turns":6},{"damage":16,"enemies":"Slavers","floor":25,"turns":5},{"damage":25,"enemies":"Shelled Parasite and Fungi","floor":30,"turns":5},{"damage":32,"enemies":"Book of Stabbing","floor":31,"turns":5},{"damage":32,"enemies":"Automaton","floor":33,"turns":9},{"damage":9,"enemies":"Orb Walker","floor":35,"turns":4},{"damage":16,"enemies":"3 Darklings","floor":36,"turns":8},{"damage":5,"enemies":"Mind Bloom Boss Battle","floor":37,"turns":6},{"damage":79,"enemies":"2 Orb Walkers","floor":39,"turns":6},{"damage":14,"enemies":"Giant Head","floor":46,"turns":7},{"damage":0,"enemies":"Transient","floor":48,"turns":5},{"damage":32,"enemies":"Awakened One","floor":50,"turns":15}],"seed_played":"-1671587602843192700","potions_obtained":[{"floor":7,"key":"EssenceOfSteel"},{"floor":10,"key":"Energy Potion"},{"floor":13,"key":"Fire Potion"},{"floor":18,"key":"Weak Potion"},{"floor":31,"key":"Fruit Juice"},{"floor":33,"key":"SteroidPotion"}],"is_trial":false,"path_per_floor":["M","M","?","M","?","R","E","$","T","M","R","M","M","M","R","B",null,"M","?","M","M","?","R","$","E","T","R","?","R","M","E","R","B",null,"M","M","?","$","?","R","$","R","T","?","?","E","R","M","R","B",null],"character_chosen":"DEFECT","items_purchased":["Coolheaded","Gash","Hologram","Pen Nib","Bag of Marbles","Runic Capacitor"],"campfire_rested":2,"item_purchase_floors":[8,8,24,38,41,41],"current_hp_per_floor":[75,75,75,75,75,75,71,71,71,71,71,71,75,71,71,58,75,75,75,67,75,75,75,75,75,75,75,75,75,60,39,70,60,75,72,73,75,75,9,70,70,70,70,70,61,64,64,70,70,48],"gold":208,"neow_bonus":"","is_prod":false,"is_daily":true,"chose_seed":false,"campfire_upgraded":9,"win_rate":0,"timestamp":1549252886,"path_taken":["M","M","?","M","?","R","E","?","T","M","R","M","M","M","R","BOSS","M","?","M","M","?","R","?","E","T","R","?","R","M","E","R","BOSS","M","?","?","$","?","R","$","R","T","?","?","E","R","M","R","BOSS"],"build_version":"2019-01-23","purchased_purges":0,"victory":true,"max_hp_per_floor":[75,75,75,75,75,75,75,75,75,75,75,75,75,75,75,75,75,75,75,75,75,75,75,75,75,75,75,75,75,75,75,70,75,75,75,75,75,75,75,70,70,70,70,70,70,70,70,70,70,70],"card_choices":[{"not_picked":["Rebound","Enlightenment"],"picked":"Streamline","floor":0},{"not_picked":["Go for the Eyes","Blizzard"],"picked":"Leap","floor":0},{"not_picked":["Steam","Cold Snap"],"picked":"Discovery","floor":0},{"not_picked":["Auto Shields","Swift Strike"],"picked":"Hologram","floor":0},{"not_picked":["Redo","FTL"],"picked":"Self Repair","floor":0},{"not_picked":["Redo","Sunder"],"picked":"Gash","floor":0},{"not_picked":["Steam","Reprogram"],"picked":"Conserve Battery","floor":0},{"not_picked":["Redo","Stack"],"picked":"Compile Driver","floor":0},{"not_picked":["Conserve Battery","Tempest"],"picked":"Ball Lightning","floor":0},{"not_picked":["Redo","Dark Shackles"],"picked":"Beam Cell","floor":0},{"not_picked":["Tempest","Redo"],"picked":"Undo","floor":0},{"not_picked":["Enlightenment","Finesse"],"picked":"Sweeping Beam","floor":0},{"not_picked":["Go for the Eyes","Redo"],"picked":"Panacea","floor":0},{"not_picked":["Stack","Impatience"],"picked":"Trip","floor":0},{"not_picked":["Rebound","Conserve Battery"],"picked":"Cold Snap","floor":0},{"not_picked":["Sweeping Beam","Rebound"],"picked":"Gash","floor":1},{"not_picked":["Cold Snap","Stack"],"picked":"Conserve Battery","floor":2},{"not_picked":["Reprogram","Rebound"],"picked":"Rip and Tear","floor":4},{"not_picked":["Enlightenment","Stack"],"picked":"Defragment","floor":7},{"not_picked":["Hologram","Beam Cell"],"picked":"Gash","floor":10},{"not_picked":["Melter","Turbo"],"picked":"Bandage Up","floor":12},{"not_picked":["Steam","Panacea"],"picked":"Hologram","floor":13},{"not_picked":["Conserve Battery","Dark Shackles"],"picked":"Stack","floor":14},{"not_picked":["Secret Technique","Mayhem"],"picked":"Creative AI","floor":16},{"not_picked":["Lockon","Sweeping Beam+1"],"picked":"Bandage Up+1","floor":18},{"not_picked":["Compile Driver","Skim"],"picked":"Discovery","floor":20},{"not_picked":["Steam Power","Compile Driver"],"picked":"Dramatic Entrance","floor":21},{"not_picked":["Barrage","Steam"],"picked":"Beam Cell","floor":25},{"not_picked":["Conserve Battery","FTL"],"picked":"Auto Shields+1","floor":30},{"not_picked":["Streamline","Turbo"],"picked":"Beam Cell","floor":31},{"not_picked":["Creative AI","Buffer"],"picked":"Rainbow","floor":33},{"not_picked":["Go for the Eyes+1","Jack Of All Trades+1"],"picked":"Hologram+1","floor":35},{"not_picked":["Redo","Streamline+1"],"picked":"Coolheaded+1","floor":36},{"not_picked":["White Noise","Sunder+1"],"picked":"Flash of Steel+1","floor":37},{"not_picked":["FTL+1","Sadistic Nature"],"picked":"Panacea+1","floor":39},{"not_picked":["Streamline","Conserve Battery"],"picked":"Blind+1","floor":46},{"not_picked":["Conserve Battery+1","Redo","Enlightenment+1"],"picked":"SKIP","floor":48}],"player_experience":430037,"relics_obtained":[{"floor":7,"key":"Peace Pipe"},{"floor":9,"key":"Calipers"},{"floor":25,"key":"DataDisk"},{"floor":26,"key":"Lantern"},{"floor":31,"key":"Potion Belt"},{"floor":37,"key":"Du-Vu Doll"},{"floor":39,"key":"Torii"},{"floor":43,"key":"Pocketwatch"},{"floor":46,"key":"Bag of Preparation"}],"event_choices":[{"damage_healed":0,"gold_gain":0,"player_choice":"Grow","damage_taken":0,"max_hp_gain":0,"max_hp_loss":0,"event_name":"Living Wall","floor":3,"gold_loss":0,"cards_upgraded":["Discovery"]},{"damage_healed":0,"gold_gain":0,"player_choice":"Ignored","damage_taken":0,"max_hp_gain":0,"max_hp_loss":0,"event_name":"Liars Game","floor":5,"gold_loss":0},{"damage_healed":0,"gold_gain":0,"player_choice":"Ignored","damage_taken":0,"max_hp_gain":0,"max_hp_loss":0,"event_name":"Beggar","floor":19,"gold_loss":0},{"damage_healed":0,"gold_gain":0,"player_choice":"Opened","damage_taken":0,"relics_obtained":["Omamori"],"max_hp_gain":0,"max_hp_loss":0,"event_name":"The Mausoleum","floor":22,"gold_loss":0},{"damage_healed":0,"gold_gain":0,"player_choice":"Bought 0 Potions","damage_taken":0,"max_hp_gain":0,"max_hp_loss":0,"event_name":"The Woman in Blue","floor":28,"gold_loss":0},{"damage_healed":0,"gold_gain":0,"player_choice":"Fight","damage_taken":0,"max_hp_gain":0,"max_hp_loss":0,"event_name":"MindBloom","floor":37,"gold_loss":0},{"damage_healed":0,"gold_gain":0,"player_choice":"Fight","damage_taken":0,"max_hp_gain":0,"max_hp_loss":0,"event_name":"Mysterious Sphere","floor":39,"gold_loss":0},{"cards_removed":["Sweeping Beam"],"damage_healed":0,"gold_gain":0,"player_choice":"Removed Attack","damage_taken":0,"max_hp_gain":0,"max_hp_loss":0,"event_name":"Falling","floor":44,"gold_loss":0},{"damage_healed":0,"gold_gain":0,"player_choice":"Embrace Madness","damage_taken":9,"max_hp_gain":0,"max_hp_loss":0,"event_name":"Winding Halls","floor":45,"gold_loss":0,"cards_obtained":["Madness","Madness"]}],"is_beta":false,"boss_relics":[{"not_picked":["Snecko Eye","Ectoplasm"],"picked":"Philosopher\u0027s Stone"},{"not_picked":["Runic Dome","Empty Cage"],"picked":"Sozu"}],"items_purged_floors":[],"is_endless":false,"potions_floor_spawned":[7,10,13,18,21,31,33,46],"ascension_level":0}