{"gold_per_floor":[109,126,126,144,144,176,176,187,187,187,200,200,219,235,235,312,312,330,16,27,27,77,77,77,77,101,101],"floor_reached":27,"playtime":528,"items_purged":["Aggregate"],"score":426,"play_id":"4b8808f8-0872-4534-88b9-5365adeef1bf","local_time":"20190114203555","is_ascension_mode":true,"campfire_choices":[{"data":"Doom and Gloom","floor":7,"key":"SMITH"},{"floor":10,"key":"REST"},{"floor":15,"key":"REST"},{"data":"Scrape","floor":23,"key":"SMITH"},{"data":"Hologram","floor":25,"key":"SMITH"}],"neow_cost":"NONE","seed_source_timestamp":8071305659944,"circlet_count":0,"master_deck":["AscendersBane","Zap+1","Dualcast","Doom and Gloom+1","Leap","Hologram+1","Defragment","Steam","Ball Lightning","Echo Form","Creative AI","Scrape+1","Hologram","Rebound","Chaos","Biased Cognition","Gash","Cold Snap"],"relics":["Cracked Core","NeowsBlessing","Darkstone Periapt","Cables","Pandora\u0027s Box","Runic Capacitor","Happy Flower"],"potions_floor_usage":[6,6,13,27,27],"damage_taken":[{"damage":0,"enemies":"Cultist","floor":1,"turns":1},{"damage":0,"enemies":"2 Louse","floor":2,"turns":1},{"damage":0,"enemies":"Jaw Worm","floor":4,"turns":1},{"damage":3,"enemies":"3 Sentries","floor":6,"turns":5},{"damage":13,"enemies":"Large Slime","floor":8,"turns":7},{"damage":12,"enemies":"Exordium Wildlife","floor":11,"turns":5},{"damage":6,"enemies":"Gremlin Gang","floor":13,"turns":3},{"damage":4,"enemies":"3 Louse","floor":14,"turns":2},{"damage":38,"enemies":"Slime Boss","floor":16,"turns":6},{"damage":8,"enemies":"Spheric Guardian","floor":18,"turns":3},{"damage":6,"enemies":"Shell Parasite","floor":20,"turns":5},{"damage":47,"enemies":"Book of Stabbing","floor":27,"turns":4}],"seed_played":"-4367933524800725960","potions_obtained":[{"floor":2,"key":"SteroidPotion"},{"floor":4,"key":"SpeedPotion"},{"floor":11,"key":"Block Potion"},{"floor":13,"key":"EssenceOfSteel"},{"floor":16,"key":"Poison Potion"}],"is_trial":false,"path_per_floor":["M","M","?","M","?","E","R","M","T","R","M","?","M","M","R","B",null,"M","$","M","$","?","R","?","R","T","E"],"character_chosen":"DEFECT","items_purchased":["Runic Capacitor","Cold Snap"],"campfire_rested":2,"item_purchase_floors":[19,19],"current_hp_per_floor":[64,64,64,64,43,40,40,27,27,48,36,36,30,26,47,9,56,48,48,42,42,42,42,42,42,42,0],"gold":101,"neow_bonus":"THREE_ENEMY_KILL","is_prod":false,"is_daily":false,"chose_seed":false,"campfire_upgraded":3,"win_rate":0,"timestamp":1547498155,"path_taken":["M","?","?","M","?","E","R","M","T","R","M","?","M","?","R","BOSS","M","$","?","$","?","R","?","R","T","E"],"build_version":"2019-01-10","purchased_purges":1,"victory":false,"max_hp_per_floor":[71,71,71,71,71,71,71,71,71,71,71,71,71,71,71,71,71,71,71,71,71,71,71,71,71,71,71],"card_choices":[{"not_picked":["Redo","Stack"],"picked":"Doom and Gloom","floor":1},{"not_picked":["Redo","Undo"],"picked":"Leap","floor":2},{"not_picked":["Go for the Eyes","Stack"],"picked":"Hologram","floor":4},{"not_picked":["Force Field","Melter","Hologram"],"picked":"SKIP","floor":6},{"not_picked":["Stack","Beam Cell"],"picked":"Defragment","floor":8},{"not_picked":["Hologram","Conserve Battery"],"picked":"Steam","floor":11},{"not_picked":["Scrape","Coolheaded","Streamline"],"picked":"SKIP","floor":13},{"not_picked":["Cold Snap","Fusion"],"picked":"Ball Lightning","floor":14},{"not_picked":["All For One","Hyperbeam"],"picked":"Echo Form","floor":16},{"not_picked":["Turbo","Genetic Algorithm+1"],"picked":"Gash","floor":18},{"not_picked":["Leap","Fusion+1","Streamline"],"picked":"SKIP","floor":20}],"player_experience":389200,"relics_obtained":[{"floor":6,"key":"Darkstone Periapt"},{"floor":9,"key":"Cables"},{"floor":26,"key":"Happy Flower"}],"event_choices":[{"cards_removed":["Strike_B"],"damage_healed":0,"gold_gain":0,"player_choice":"Forget","damage_taken":0,"max_hp_gain":0,"max_hp_loss":0,"event_name":"Living Wall","floor":3,"gold_loss":0},{"damage_healed":0,"gold_gain":0,"player_choice":"Entered Light","damage_taken":21,"max_hp_gain":0,"max_hp_loss":0,"event_name":"Shining Light","floor":5,"gold_loss":0,"cards_upgraded":["Zap","Strike_B"]},{"damage_healed":0,"gold_gain":0,"player_choice":"Fled","damage_taken":0,"max_hp_gain":0,"max_hp_loss":0,"event_name":"Scrap Ooze","floor":12,"gold_loss":0},{"damage_healed":0,"gold_gain":50,"player_choice":"Stole From Cult","damage_taken":0,"max_hp_gain":0,"max_hp_loss":0,"event_name":"Nest","floor":22,"gold_loss":0},{"damage_healed":0,"gold_gain":0,"player_choice":"Ignored","damage_taken":0,"max_hp_gain":0,"max_hp_loss":0,"event_name":"The Mausoleum","floor":24,"gold_loss":0}],"is_beta":false,"boss_relics":[{"not_picked":["Black Star","Calling Bell"],"picked":"Pandora\u0027s Box"}],"items_purged_floors":[19],"is_endless":false,"potions_floor_spawned":[2,4,11,13,16,18],"killed_by":"Book of Stabbing","ascension_level":20}