{"gold_per_floor":[113,126,126,144,160,160,160,160,187,197,222,172,192,219,219,314,314,331,65,65,65,84,24,50,62,113,157,189,201,228,250,262,378,390,419,431,454,207,207,234,234,260,260,286,286,286],"floor_reached":46,"playtime":2335,"items_purged":["Defend_R"],"score":618,"play_id":"6a5ac49c-9490-4844-b121-fcdfa36c0051","local_time":"20190129191131","is_ascension_mode":false,"campfire_choices":[{"data":"Cleave","floor":6,"key":"SMITH"},{"data":"Double Tap","floor":8,"key":"SMITH"},{"data":"Spot Weakness","floor":15,"key":"SMITH"},{"data":"Heavy Blade","floor":29,"key":"SMITH"},{"data":"Metallicize","floor":32,"key":"SMITH"},{"data":"Dual Wield","floor":45,"key":"SMITH"}],"neow_cost":"NONE","seed_source_timestamp":147254081092432,"circlet_count":0,"master_deck":["Strike_R","Strike_R+1","Strike_R+1","Defend_R","Defend_R","Bash","Double Tap+1","Dual Wield+1","Cleave+1","Spot Weakness+1","Inflame","Spot Weakness+1","Limit Break+1","Metallicize+1","Warcry+1","Carnage","Blood for Blood","Disarm+1","Heavy Blade+1","Battle Trance+1","Feed","Armaments+1","Panacea+1","Shrug It Off+1","Bloodletting+1","Armaments+1"],"relics":["Burning Blood","Oddly Smooth Stone","Anchor","Whetstone","Toxic Egg 2","Coffee Dripper","Vajra","Orichalcum","Omamori","MawBank","Boot","Philosopher\u0027s Stone","Paper Frog","Shuriken","Ginger","Art of War"],"potions_floor_usage":[14,16,22,24,25,28,33,42,46],"damage_taken":[{"damage":12,"enemies":"Small Slimes","floor":1,"turns":3},{"damage":6,"enemies":"Cultist","floor":2,"turns":3},{"damage":6,"enemies":"Jaw Worm","floor":4,"turns":4},{"damage":13,"enemies":"Exordium Wildlife","floor":5,"turns":5},{"damage":0,"enemies":"2 Fungi Beasts","floor":10,"turns":3},{"damage":0,"enemies":"Blue Slaver","floor":13,"turns":2},{"damage":0,"enemies":"3 Sentries","floor":14,"turns":3},{"damage":82,"enemies":"Hexaghost","floor":16,"turns":10},{"damage":27,"enemies":"3 Byrds","floor":18,"turns":7},{"damage":4,"enemies":"Shell Parasite","floor":22,"turns":4},{"damage":27,"enemies":"Gremlin Leader","floor":24,"turns":4},{"damage":0,"enemies":"3 Cultists","floor":25,"turns":3},{"damage":23,"enemies":"Slavers","floor":27,"turns":3},{"damage":12,"enemies":"Snake Plant","floor":28,"turns":3},{"damage":0,"enemies":"Cultist and Chosen","floor":30,"turns":3},{"damage":8,"enemies":"Centurion and Healer","floor":31,"turns":4},{"damage":0,"enemies":"Champ","floor":33,"turns":6},{"damage":0,"enemies":"3 Shapes","floor":35,"turns":4},{"damage":21,"enemies":"3 Darklings","floor":37,"turns":4},{"damage":29,"enemies":"Giant Head","floor":40,"turns":7},{"damage":47,"enemies":"Reptomancer","floor":42,"turns":5},{"damage":35,"enemies":"Nemesis","floor":46,"turns":4}],"seed_played":"-4241491815289934033","potions_obtained":[{"floor":5,"key":"Strength Potion"},{"floor":10,"key":"Energy Potion"},{"floor":16,"key":"Fire Potion"},{"floor":18,"key":"SneckoOil"},{"floor":22,"key":"Energy Potion"},{"floor":24,"key":"SpeedPotion"},{"floor":28,"key":"FearPotion"},{"floor":40,"key":"SkillPotion"},{"floor":42,"key":"SkillPotion"}],"is_trial":false,"path_per_floor":["M","M","?","M","M","R","?","R","T","M","T","?","M","E","R","B",null,"M","$","?","?","M","?","E","M","T","E","M","R","M","M","R","B",null,"M","?","M","$","?","E","?","E","T","T","R","E"],"character_chosen":"IRONCLAD","items_purchased":["Vajra","Metallicize","Paper Frog"],"campfire_rested":0,"item_purchase_floors":[19,19,38],"current_hp_per_floor":[74,74,74,74,67,67,72,72,72,78,78,78,84,85,85,9,85,64,64,64,48,50,50,29,35,35,18,12,12,18,16,16,22,90,90,90,75,75,75,52,52,14,14,14,14,0],"gold":286,"neow_bonus":"ONE_RANDOM_RARE_CARD","is_prod":false,"is_daily":false,"chose_seed":false,"campfire_upgraded":6,"win_rate":0,"timestamp":1548807091,"path_taken":["M","M","?","?","M","R","?","R","T","M","?","?","M","E","R","BOSS","M","$","?","?","M","?","E","M","T","E","M","R","M","M","R","BOSS","M","?","?","$","?","E","?","E","T","?","R","E"],"build_version":"2019-01-23","purchased_purges":1,"victory":false,"max_hp_per_floor":[80,80,80,80,80,80,85,85,85,85,85,85,85,85,85,85,85,85,85,85,90,90,90,90,90,90,90,90,90,90,90,90,90,90,90,90,90,90,90,90,85,88,88,88,88,88],"card_choices":[{"not_picked":["Havoc","Flex","Sever Soul"],"picked":"SKIP","floor":1},{"not_picked":["Infernal Blade","Thunderclap"],"picked":"Clothesline","floor":2},{"not_picked":["Reckless Charge","Anger"],"picked":"Dual Wield","floor":4},{"not_picked":["Uppercut","Clash"],"picked":"Cleave","floor":5},{"not_picked":["Rage","Perfected Strike"],"picked":"Spot Weakness","floor":10},{"not_picked":["Twin Strike","Burning Pact"],"picked":"Inflame","floor":13},{"not_picked":["Power Through","Searing Blow"],"picked":"Spot Weakness","floor":14},{"not_picked":["Offering+1","Barricade"],"picked":"Limit Break+1","floor":16},{"not_picked":["Searing Blow","Blood for Blood","Second Wind+1"],"picked":"SKIP","floor":18},{"not_picked":["Second Wind+1","Wild Strike"],"picked":"Warcry+1","floor":22},{"not_picked":["Dropkick","True Grit+1"],"picked":"Disarm+1","floor":24},{"not_picked":["Cleave","Sever Soul","Clothesline"],"picked":"SKIP","floor":25},{"not_picked":["Bloodletting+1","Pommel Strike+1"],"picked":"Heavy Blade","floor":27},{"not_picked":["Dropkick+1","Iron Wave","Body Slam"],"picked":"SKIP","floor":28},{"not_picked":["Headbutt","Infernal Blade+1"],"picked":"Battle Trance+1","floor":30},{"not_picked":["Fire Breathing","Anger","Cleave+1"],"picked":"SKIP","floor":31},{"not_picked":["Juggernaut","Barricade"],"picked":"Feed","floor":33},{"not_picked":["Wild Strike","Fire Breathing+1"],"picked":"Armaments+1","floor":35},{"not_picked":["Corruption+1","True Grit+1"],"picked":"Shrug It Off+1","floor":37},{"not_picked":["Flex+1","Armaments+1"],"picked":"Bloodletting+1","floor":40},{"not_picked":["Wild Strike+1","Battle Trance+1"],"picked":"Armaments+1","floor":42}],"player_experience":407808,"relics_obtained":[{"floor":9,"key":"Anchor"},{"floor":11,"key":"Whetstone"},{"floor":14,"key":"Toxic Egg 2"},{"floor":24,"key":"Omamori"},{"floor":26,"key":"MawBank"},{"floor":27,"key":"Boot"},{"floor":40,"key":"Shuriken"},{"floor":42,"key":"Ginger"},{"floor":44,"key":"Art of War"}],"event_choices":[{"cards_removed":["Clothesline"],"damage_healed":0,"gold_gain":0,"player_choice":"Gave Card","damage_taken":0,"relics_obtained":["Oddly Smooth Stone"],"max_hp_gain":0,"max_hp_loss":0,"event_name":"WeMeetAgain","floor":3,"gold_loss":0},{"damage_healed":0,"gold_gain":0,"player_choice":"Donut","damage_taken":0,"max_hp_gain":5,"max_hp_loss":0,"event_name":"Big Fish","floor":7,"gold_loss":0},{"cards_removed":["Strike_R"],"damage_healed":0,"gold_gain":0,"player_choice":"Card Removal","damage_taken":0,"max_hp_gain":0,"max_hp_loss":0,"event_name":"The Cleric","floor":12,"gold_loss":50},{"damage_healed":0,"gold_gain":0,"player_choice":"Opened","damage_taken":0,"relics_obtained":["Orichalcum"],"max_hp_gain":0,"max_hp_loss":0,"event_name":"The Mausoleum","floor":20,"gold_loss":0},{"damage_healed":0,"gold_gain":0,"player_choice":"Shed Blood","damage_taken":21,"max_hp_gain":5,"max_hp_loss":0,"event_name":"Forgotten Altar","floor":21,"gold_loss":0},{"damage_healed":0,"gold_gain":0,"cards_transformed":["Strike_R","Defend_R"],"player_choice":"Transformed Cards","damage_taken":0,"max_hp_gain":0,"max_hp_loss":0,"event_name":"Designer","floor":23,"gold_loss":60,"cards_obtained":["Carnage","Blood for Blood"]},{"damage_healed":0,"gold_gain":0,"player_choice":"1 cards matched","damage_taken":0,"max_hp_gain":0,"max_hp_loss":0,"event_name":"Match and Keep!","floor":36,"gold_loss":0,"cards_obtained":["Panacea"]},{"damage_healed":0,"gold_gain":0,"player_choice":"Ignored","damage_taken":0,"max_hp_gain":0,"max_hp_loss":0,"event_name":"Tomb of Lord Red Mask","floor":39,"gold_loss":0},{"damage_healed":0,"gold_gain":0,"player_choice":"Max HP","damage_taken":0,"max_hp_gain":0,"max_hp_loss":5,"event_name":"Winding Halls","floor":41,"gold_loss":0}],"is_beta":false,"boss_relics":[{"not_picked":["Black Blood","Lizard Tail"],"picked":"Coffee Dripper"},{"not_picked":["White Beast Statue","Snecko Eye"],"picked":"Philosopher\u0027s Stone"}],"items_purged_floors":[19],"is_endless":false,"potions_floor_spawned":[5,10,16,18,22,24,28,40,42],"killed_by":"Nemesis","ascension_level":0}