{"gold_per_floor":[114,129,33,48,63,63,93,93,93,93,108,108,108,123,123,223,223,238,253,3,18,33,33,33,33,33,63,78,93,93,123,123,223,223,238,238,85,100,200,200,230,245,245,245,260,275,275,290,290,290],"floor_reached":51,"playtime":5376,"items_purged":[],"score":971,"play_id":"6f72671b-a06d-4ce1-8066-45d244019925","local_time":"20190120221250","daily_mods":["Shiny","Hoarder","Binary"],"is_ascension_mode":false,"campfire_choices":[{"data":"Armaments","floor":6,"key":"SMITH"},{"floor":8,"key":"DIG"},{"data":"Armaments","floor":12,"key":"SMITH"},{"data":"Armaments","floor":15,"key":"SMITH"},{"floor":23,"key":"DIG"},{"floor":25,"key":"DIG"},{"floor":30,"key":"DIG"},{"floor":32,"key":"DIG"},{"floor":40,"key":"DIG"},{"floor":44,"key":"REST"},{"floor":47,"key":"REST"},{"floor":49,"key":"DIG"}],"neow_cost":"","seed_source_timestamp":70092511959345,"circlet_count":0,"master_deck":["Double Tap","Demon Form","Bludgeon","Feed","Limit Break","Barricade","Fiend Fire","Dark Embrace","Berserk","Impervious","Juggernaut","Brutality","Reaper","Exhume","Offering","Immolate","Armaments+1","Armaments+1","Armaments+1","Dark Shackles","Dark Shackles","Shrug It Off","Shrug It Off","Shrug It Off","Ghostly Armor","Ghostly Armor","Ghostly Armor","Shrug It Off+1","Shrug It Off+1","Shrug It Off+1","Immolate","Immolate","Immolate","Entrench+1","Entrench+1","Entrench+1","Headbutt+1","Headbutt+1","Headbutt+1","Flame Barrier+1","Flame Barrier+1","Flame Barrier+1","Offering+1","Offering+1","Offering+1","Secret Technique+1","Secret Technique+1","Secret Technique+1","Feed","Feed","Feed","Rupture+1","Rupture+1","Rupture+1"],"special_seed":17917,"relics":["Burning Blood","Shovel","Kunai","Toxic Egg 2","Fusion Hammer","Bottled Tornado","Turnip","Sundial","Mango","Potion Belt","Frozen Egg 2","Bronze Scales","Calipers","White Beast Statue","Red Skull","PreservedInsect","Torii","Blue Candle"],"potions_floor_usage":[28,31,38,38,41,42,42,48,50,50,50,50],"damage_taken":[{"damage":6,"enemies":"Small Slimes","floor":1,"turns":1},{"damage":0,"enemies":"Cultist","floor":2,"turns":3},{"damage":6,"enemies":"2 Louse","floor":4,"turns":1},{"damage":16,"enemies":"Gremlin Gang","floor":5,"turns":5},{"damage":27,"enemies":"3 Sentries","floor":7,"turns":9},{"damage":6,"enemies":"Looter","floor":11,"turns":3},{"damage":6,"enemies":"3 Louse","floor":14,"turns":14},{"damage":6,"enemies":"Slime Boss","floor":16,"turns":7},{"damage":12,"enemies":"3 Byrds","floor":18,"turns":6},{"damage":12,"enemies":"Chosen","floor":19,"turns":13},{"damage":30,"enemies":"Centurion and Healer","floor":21,"turns":8},{"damage":25,"enemies":"Snake Plant","floor":22,"turns":6},{"damage":39,"enemies":"Gremlin Leader","floor":27,"turns":11},{"damage":28,"enemies":"Cultist and Chosen","floor":28,"turns":6},{"damage":26,"enemies":"Shelled Parasite and Fungi","floor":29,"turns":9},{"damage":17,"enemies":"Book of Stabbing","floor":31,"turns":6},{"damage":24,"enemies":"Champ","floor":33,"turns":11},{"damage":18,"enemies":"Orb Walker","floor":35,"turns":5},{"damage":32,"enemies":"3 Shapes","floor":38,"turns":4},{"damage":46,"enemies":"Reptomancer","floor":41,"turns":8},{"damage":23,"enemies":"Transient","floor":42,"turns":5},{"damage":18,"enemies":"Sphere and 2 Shapes","floor":45,"turns":6},{"damage":18,"enemies":"Jaw Worm Horde","floor":46,"turns":6},{"damage":24,"enemies":"Transient","floor":48,"turns":5},{"damage":30,"enemies":"Time Eater","floor":50,"turns":12}],"seed_played":"8847064133434649062","potions_obtained":[{"floor":4,"key":"Energy Potion"},{"floor":7,"key":"Fire Potion"},{"floor":14,"key":"PowerPotion"},{"floor":22,"key":"GamblersBrew"},{"floor":27,"key":"Swift Potion"},{"floor":28,"key":"SkillPotion"},{"floor":29,"key":"GamblersBrew"},{"floor":35,"key":"Fire Potion"},{"floor":38,"key":"SkillPotion"},{"floor":41,"key":"GamblersBrew"},{"floor":42,"key":"Strength Potion"},{"floor":45,"key":"LiquidBronze"},{"floor":46,"key":"Swift Potion"},{"floor":48,"key":"Ancient Potion"}],"is_trial":false,"path_per_floor":["M","M","$","M","M","R","E","R","T","?","M","R","?","M","R","B",null,"M","M","$","M","M","R","$","R","T","E","M","M","R","E","R","B",null,"M","?","$","M","?","R","E","M","T","R","M","M","R","M","R","B",null],"character_chosen":"IRONCLAD","items_purchased":["Dark Shackles","Bottled Tornado","Feed"],"campfire_rested":2,"item_purchase_floors":[3,20,37],"current_hp_per_floor":[83,83,83,90,87,87,87,87,87,87,89,89,89,105,105,105,105,103,105,105,113,113,113,113,113,127,130,108,111,111,119,119,137,137,128,118,118,101,101,101,84,67,67,112,106,101,150,138,138,124],"gold":290,"neow_bonus":"","is_prod":false,"is_daily":true,"chose_seed":false,"campfire_upgraded":3,"win_rate":0,"timestamp":1548043970,"path_taken":["M","M","$","M","M","R","E","R","T","?","?","R","?","M","R","BOSS","M","M","$","M","M","R","?","R","T","E","M","M","R","E","R","BOSS","M","?","$","M","?","R","E","M","T","R","M","M","R","M","R","BOSS"],"build_version":"2019-01-17v2","purchased_purges":0,"victory":true,"max_hp_per_floor":[83,83,83,90,93,93,97,97,97,97,97,97,97,105,105,105,105,105,109,109,113,113,113,113,113,127,130,130,133,133,133,133,137,137,140,140,140,149,149,149,152,152,152,152,158,165,165,165,165,165],"card_choices":[{"not_picked":["Sword Boomerang"],"picked":"Armaments","floor":1},{"not_picked":["True Grit","Cleave"],"picked":"SKIP","floor":2},{"not_picked":["Corruption","Clothesline"],"picked":"SKIP","floor":4},{"not_picked":["Headbutt"],"picked":"Shrug It Off","floor":5},{"not_picked":["Clash"],"picked":"Ghostly Armor","floor":7},{"not_picked":["Second Wind+1","Fiend Fire"],"picked":"SKIP","floor":11},{"not_picked":["Anger"],"picked":"Shrug It Off+1","floor":14},{"not_picked":["Shrug It Off+1","Whirlwind"],"picked":"SKIP","floor":18},{"not_picked":["Iron Wave","Spot Weakness+1"],"picked":"SKIP","floor":19},{"not_picked":["Heavy Blade"],"picked":"Immolate","floor":21},{"not_picked":["Headbutt"],"picked":"Entrench+1","floor":22},{"not_picked":["Corruption+1"],"picked":"Headbutt+1","floor":27},{"not_picked":["Battle Trance+1","Clash"],"picked":"SKIP","floor":28},{"not_picked":["Cleave","Clash"],"picked":"SKIP","floor":29},{"not_picked":["Cleave"],"picked":"Flame Barrier+1","floor":31},{"not_picked":["Double Tap+1"],"picked":"Offering+1","floor":33},{"not_picked":["Havoc+1","Carnage"],"picked":"SKIP","floor":35},{"not_picked":["Havoc+1","Carnage"],"picked":"SKIP","floor":35},{"not_picked":["Chrysalis+1"],"picked":"Secret Technique+1","floor":36},{"not_picked":["True Grit+1","Heavy Blade"],"picked":"SKIP","floor":38},{"not_picked":["Clash","Uppercut+1"],"picked":"SKIP","floor":41},{"not_picked":["Bloodletting+1","Searing Blow+1"],"picked":"SKIP","floor":42},{"not_picked":["Shrug It Off+1","Second Wind+1"],"picked":"SKIP","floor":45},{"not_picked":["Uppercut"],"picked":"Rupture+1","floor":46},{"not_picked":["Immolate","Twin Strike"],"picked":"SKIP","floor":48}],"player_experience":507984,"relics_obtained":[{"floor":7,"key":"Shovel"},{"floor":8,"key":"Kunai"},{"floor":9,"key":"Toxic Egg 2"},{"floor":23,"key":"Turnip"},{"floor":25,"key":"Sundial"},{"floor":26,"key":"Mango"},{"floor":27,"key":"Potion Belt"},{"floor":30,"key":"Frozen Egg 2"},{"floor":31,"key":"Bronze Scales"},{"floor":32,"key":"Calipers"},{"floor":40,"key":"Red Skull"},{"floor":41,"key":"PreservedInsect"},{"floor":43,"key":"Torii"},{"floor":49,"key":"Blue Candle"}],"event_choices":[{"damage_healed":0,"gold_gain":0,"player_choice":"Bought 0 Potions","damage_taken":0,"max_hp_gain":0,"max_hp_loss":0,"event_name":"The Woman in Blue","floor":10,"gold_loss":0},{"cards_removed":["Dark Shackles"],"damage_healed":0,"gold_gain":0,"player_choice":"Purged","damage_taken":0,"max_hp_gain":0,"max_hp_loss":0,"event_name":"Purifier","floor":13,"gold_loss":0},{"damage_healed":0,"gold_gain":0,"player_choice":"Memory 3","damage_taken":10,"max_hp_gain":0,"max_hp_loss":0,"event_name":"SensoryStone","floor":36,"gold_loss":0},{"damage_healed":0,"gold_gain":100,"player_choice":"Pray","damage_taken":0,"max_hp_gain":0,"max_hp_loss":0,"event_name":"Golden Shrine","floor":39,"gold_loss":0}],"is_beta":false,"boss_relics":[{"not_picked":["Cursed Key","Sozu"],"picked":"Fusion Hammer"},{"not_picked":["Runic Dome","Black Blood"],"picked":"White Beast Statue"}],"items_purged_floors":[],"is_endless":false,"potions_floor_spawned":[4,7,14,19,22,27,28,29,35,38,41,42,45,46,48],"ascension_level":0}