{"gold_per_floor":[110,126,126,126,143,143,157,157,157,9,9,32,32,50,50,123,123,133,146,161,161,185,185],"floor_reached":23,"playtime":1399,"items_purged":[],"score":317,"play_id":"9b58e5a0-7183-4fd1-be6a-40bc9b71e2cb","local_time":"20190116224459","is_ascension_mode":true,"campfire_choices":[{"data":"Entrench","floor":6,"key":"SMITH"},{"data":"Fiend Fire","floor":8,"key":"SMITH"},{"data":"Uppercut","floor":11,"key":"SMITH"},{"data":"Uppercut","floor":13,"key":"SMITH"},{"floor":15,"key":"REST"}],"neow_cost":"PERCENT_DAMAGE","seed_source_timestamp":536346481861471,"circlet_count":0,"master_deck":["AscendersBane","Strike_R","Strike_R","Defend_R","Defend_R","Defend_R","Defend_R","Bash","Entrench+1","Hemokinesis","Clothesline","Uppercut+1","Fiend Fire+1","Dropkick","Uppercut+1","Double Tap","Ghostly","Ghostly","Ghostly"],"relics":["Burning Blood","Letter Opener","Bottled Flame","Happy Flower","Odd Mushroom","Sozu","Regal Pillow"],"potions_floor_usage":[12,16,16],"damage_taken":[{"damage":4,"enemies":"2 Louse","floor":1,"turns":2},{"damage":12,"enemies":"Jaw Worm","floor":2,"turns":6},{"damage":3,"enemies":"Small Slimes","floor":5,"turns":4},{"damage":6,"enemies":"Red Slaver","floor":7,"turns":3},{"damage":11,"enemies":"The Mushroom Lair","floor":12,"turns":3},{"damage":11,"enemies":"3 Louse","floor":14,"turns":2},{"damage":27,"enemies":"Slime Boss","floor":16,"turns":11},{"damage":30,"enemies":"2 Thieves","floor":18,"turns":4},{"damage":6,"enemies":"Chosen","floor":19,"turns":2},{"damage":22,"enemies":"Centurion and Healer","floor":20,"turns":4},{"damage":20,"enemies":"Book of Stabbing","floor":23,"turns":5}],"seed_played":"650830953182388384","potions_obtained":[{"floor":7,"key":"Fire Potion"},{"floor":12,"key":"Poison Potion"},{"floor":14,"key":"GamblersBrew"}],"is_trial":false,"path_per_floor":["M","M","?","?","M","R","M","R","T","$","R","?","R","M","R","B",null,"M","M","M","?","T","E"],"character_chosen":"IRONCLAD","items_purchased":["Happy Flower"],"campfire_rested":1,"item_purchase_floors":[10],"current_hp_per_floor":[52,46,20,20,23,23,23,23,23,23,23,18,18,13,35,14,60,36,36,20,20,20,0],"gold":185,"neow_bonus":"TRANSFORM_TWO_CARDS","is_prod":false,"is_daily":false,"chose_seed":false,"campfire_upgraded":4,"win_rate":0,"timestamp":1547707499,"path_taken":["M","M","?","?","M","R","M","R","T","$","R","?","R","M","R","BOSS","M","M","M","?","?","E"],"build_version":"2019-01-10","purchased_purges":0,"victory":false,"max_hp_per_floor":[75,75,75,75,75,75,75,75,75,75,75,75,75,75,75,75,75,75,75,75,37,37,37],"card_choices":[{"not_picked":["Sword Boomerang","Perfected Strike"],"picked":"Clothesline","floor":1},{"not_picked":["Sentinel","Sever Soul"],"picked":"Uppercut","floor":2},{"not_picked":["Armaments","Cleave"],"picked":"Dropkick","floor":5},{"not_picked":["Iron Wave","Perfected Strike"],"picked":"Uppercut","floor":7},{"not_picked":["Warcry","Cleave","Clothesline"],"picked":"SKIP","floor":14},{"not_picked":["Limit Break","Berserk"],"picked":"Double Tap","floor":16},{"not_picked":["Blood for Blood","Wild Strike","Burning Pact"],"picked":"SKIP","floor":18},{"not_picked":["True Grit","Armaments","Warcry"],"picked":"SKIP","floor":19},{"not_picked":["Wild Strike","Pummel","Clothesline"],"picked":"SKIP","floor":20}],"player_experience":366905,"relics_obtained":[{"floor":9,"key":"Bottled Flame"},{"floor":12,"key":"Odd Mushroom"},{"floor":22,"key":"Regal Pillow"}],"event_choices":[{"damage_healed":0,"gold_gain":0,"player_choice":"Success","damage_taken":26,"relics_obtained":["Letter Opener"],"max_hp_gain":0,"max_hp_loss":0,"event_name":"Scrap Ooze","floor":3,"gold_loss":0},{"damage_healed":0,"gold_gain":0,"cards_transformed":["Strike_R"],"player_choice":"Change","damage_taken":0,"max_hp_gain":0,"max_hp_loss":0,"event_name":"Living Wall","floor":4,"gold_loss":0,"cards_obtained":["Fiend Fire"]},{"damage_healed":0,"gold_gain":0,"player_choice":"Fought Mushrooms","damage_taken":0,"max_hp_gain":0,"max_hp_loss":0,"event_name":"Mushrooms","floor":12,"gold_loss":0},{"damage_healed":0,"gold_gain":0,"player_choice":"Became a Ghost","damage_taken":0,"max_hp_gain":0,"max_hp_loss":38,"event_name":"Ghosts","floor":21,"gold_loss":0,"cards_obtained":["Ghostly","Ghostly","Ghostly"]}],"is_beta":false,"boss_relics":[{"not_picked":["Runic Cube","Eternal Feather"],"picked":"Sozu"}],"items_purged_floors":[],"is_endless":false,"potions_floor_spawned":[7,12,14,18,19,20],"killed_by":"Book of Stabbing","ascension_level":15}