{"gold_per_floor":[117,136,151,25,38,68,68,143,143,143,143,171,183,202,202,202],"floor_reached":16,"playtime":731,"items_purged":["Strike_B"],"score":146,"play_id":"8134e5e8-36db-4ead-aac7-3c88262df10b","local_time":"20190120183756","is_ascension_mode":true,"campfire_choices":[{"data":"Zap","floor":7,"key":"SMITH"},{"floor":11,"key":"REST"},{"data":"Dualcast","floor":15,"key":"SMITH"}],"neow_cost":"NONE","seed_source_timestamp":66362407201703,"circlet_count":0,"master_deck":["Strike_B","Strike_B","Strike_B","Defend_B","Defend_B","Defend_B","Defend_B","Zap+1","Dualcast+1","All For One","Beam Cell","Go for the Eyes","Reinforced Body","Storm","Blizzard","Go for the Eyes","BootSequence","Hologram","Scrape","Double Energy"],"relics":["Cracked Core","Prayer Wheel","Kunai","Cables","Lantern"],"potions_floor_usage":[5,6,12],"damage_taken":[{"damage":7,"enemies":"Jaw Worm","floor":1,"turns":3},{"damage":9,"enemies":"2 Louse","floor":2,"turns":2},{"damage":0,"enemies":"Cultist","floor":3,"turns":3},{"damage":0,"enemies":"2 Fungi Beasts","floor":5,"turns":2},{"damage":25,"enemies":"3 Sentries","floor":6,"turns":9},{"damage":24,"enemies":"Lagavulin","floor":12,"turns":5},{"damage":10,"enemies":"Gremlin Gang","floor":13,"turns":3},{"damage":5,"enemies":"Large Slime","floor":14,"turns":6},{"damage":16,"enemies":"Hexaghost","floor":16,"turns":7}],"seed_played":"3654437490273434236","potions_obtained":[{"floor":2,"key":"FairyPotion"},{"floor":5,"key":"Strength Potion"},{"floor":12,"key":"Fruit Juice"},{"floor":14,"key":"Ancient Potion"}],"is_trial":false,"path_per_floor":["M","M","M","$","M","E","R","?","T","?","R","E","M","M","R","B"],"character_chosen":"DEFECT","items_purchased":["Fire Potion"],"campfire_rested":1,"item_purchase_floors":[4],"current_hp_per_floor":[61,52,52,52,52,27,27,16,16,16,38,19,9,4,4,0],"gold":202,"neow_bonus":"ONE_RANDOM_RARE_CARD","is_prod":false,"is_daily":false,"chose_seed":false,"campfire_upgraded":2,"win_rate":0,"timestamp":1548031076,"path_taken":["M","M","M","$","M","E","R","?","T","?","R","E","M","M","R","BOSS"],"build_version":"2019-01-17v2","purchased_purges":1,"victory":false,"max_hp_per_floor":[75,75,75,75,75,75,75,75,75,75,75,80,80,80,80,80],"card_choices":[{"not_picked":["Barrage","Storm"],"picked":"Beam Cell","floor":1},{"not_picked":["Leap","Hologram"],"picked":"Go for the Eyes","floor":2},{"not_picked":["Leap","Reprogram"],"picked":"Reinforced Body","floor":3},{"not_picked":["Redo","Darkness"],"picked":"Storm","floor":5},{"not_picked":["Static Discharge","All For One"],"picked":"Blizzard","floor":6},{"not_picked":["Force Field","Steam"],"picked":"Go for the Eyes","floor":12},{"not_picked":["Steam Power","Stack"],"picked":"BootSequence","floor":13},{"not_picked":["Ball Lightning","Force Field"],"picked":"Hologram","floor":13},{"not_picked":["Heatsinks","Genetic Algorithm"],"picked":"Scrape","floor":14},{"not_picked":["Streamline","Redo"],"picked":"Double Energy","floor":14}],"player_experience":499944,"relics_obtained":[{"floor":6,"key":"Prayer Wheel"},{"floor":9,"key":"Kunai"},{"floor":10,"key":"Cables"},{"floor":12,"key":"Lantern"}],"event_choices":[{"damage_healed":0,"gold_gain":75,"player_choice":"Gather Gold","damage_taken":11,"max_hp_gain":0,"max_hp_loss":0,"event_name":"World of Goop","floor":8,"gold_loss":0},{"damage_healed":0,"gold_gain":0,"player_choice":"Relic","damage_taken":0,"max_hp_gain":0,"max_hp_loss":0,"event_name":"Wheel of Change","floor":10,"gold_loss":0}],"is_beta":false,"boss_relics":[],"items_purged_floors":[4],"is_endless":false,"potions_floor_spawned":[2,5,12,14],"killed_by":"Hexaghost","ascension_level":6}