{"gold_per_floor":[117,117,42,57,72,72,101,101,127,147,174,174,50,68,68,169,169,180,180,55,65,35,35,63,63,63,95,106,15,29,29,29,132,132,151,163,179,7,7,7,32,32,32,32,51,51,62,96,96,96],"floor_reached":51,"playtime":1615,"items_purged":["Strike_R","Strike_R","Strike_R"],"score":1094,"play_id":"aefe0fc6-41dd-4000-99be-b510ac41edee","local_time":"20181120193704","is_ascension_mode":true,"campfire_choices":[{"data":"Rampage","floor":6,"key":"SMITH"},{"data":"Shockwave","floor":8,"key":"SMITH"},{"data":"Disarm","floor":12,"key":"SMITH"},{"data":"Warcry","floor":15,"key":"SMITH"},{"floor":23,"key":"RECALL"},{"floor":25,"key":"REST"},{"floor":32,"key":"REST"},{"floor":40,"key":"REST"},{"floor":42,"key":"REST"},{"floor":49,"key":"REST"}],"neow_cost":"NONE","seed_source_timestamp":2098774907716,"circlet_count":0,"master_deck":["Defend_R","Defend_R","Defend_R","Bash","Rampage+1","Headbutt","Shrug It Off","Shockwave+1","Disarm+1","Disarm","Warcry+1","Warcry","Reaper","Whirlwind+1","Impervious","Burning Pact","Flame Barrier+1","Panacea","Warcry+1","Limit Break","Flex","Feel No Pain"],"relics":["Burning Blood","Potion Belt","PreservedInsect","Centennial Puzzle","Fusion Hammer","Anchor","Pear","Strawberry","Sundial","Sozu","Meat on the Bone","Self Forming Clay","Ornamental Fan"],"potions_floor_usage":[18,21,30,37,50,50],"damage_taken":[{"damage":1,"enemies":"Cultist","floor":1,"turns":4},{"damage":7,"enemies":"Jaw Worm","floor":4,"turns":2},{"damage":1,"enemies":"2 Louse","floor":5,"turns":2},{"damage":24,"enemies":"Gremlin Nob","floor":7,"turns":4},{"damage":1,"enemies":"Red Slaver","floor":10,"turns":4},{"damage":3,"enemies":"Lagavulin","floor":11,"turns":6},{"damage":6,"enemies":"Exordium Wildlife","floor":14,"turns":6},{"damage":37,"enemies":"The Guardian","floor":16,"turns":7},{"damage":0,"enemies":"3 Byrds","floor":18,"turns":5},{"damage":3,"enemies":"Spheric Guardian","floor":21,"turns":6},{"damage":1,"enemies":"Book of Stabbing","floor":24,"turns":5},{"damage":12,"enemies":"Gremlin Leader","floor":27,"turns":6},{"damage":7,"enemies":"3 Cultists","floor":28,"turns":3},{"damage":11,"enemies":"Cultist and Chosen","floor":30,"turns":6},{"damage":83,"enemies":"Automaton","floor":33,"turns":11},{"damage":6,"enemies":"3 Darklings","floor":35,"turns":3},{"damage":19,"enemies":"3 Shapes","floor":36,"turns":2},{"damage":48,"enemies":"Spire Growth","floor":37,"turns":6},{"damage":43,"enemies":"Reptomancer","floor":41,"turns":5},{"damage":0,"enemies":"4 Shapes","floor":45,"turns":2},{"damage":0,"enemies":"Maw","floor":47,"turns":8},{"damage":44,"enemies":"Nemesis","floor":48,"turns":7},{"damage":117,"enemies":"Donu and Deca","floor":50,"turns":12}],"seed_played":"5147873373651688656","potions_obtained":[{"floor":1,"key":"Fire Potion"},{"floor":7,"key":"Block Potion"},{"floor":14,"key":"GamblersBrew"},{"floor":18,"key":"Dexterity Potion"},{"floor":21,"key":"Strength Potion"},{"floor":22,"key":"SneckoOil"},{"floor":22,"key":"FairyPotion"},{"floor":28,"key":"Strength Potion"}],"is_trial":false,"path_per_floor":["M","?","$","M","M","R","E","R","T","M","E","R","$","M","R","B",null,"M","?","$","M","?","R","E","R","T","E","M","$","M","T","R","B",null,"M","M","M","$","$","R","E","R","T","$","M","?","M","E","R","B",null],"character_chosen":"IRONCLAD","items_purchased":["Warcry","Panacea","Limit Break","Flex"],"campfire_rested":5,"item_purchase_floors":[13,29,38,38],"current_hp_per_floor":[77,70,70,69,74,74,56,56,56,61,64,64,64,64,64,33,68,80,80,80,80,80,80,80,80,90,91,90,90,92,92,97,20,78,78,65,29,29,29,58,36,65,65,65,87,87,97,59,88,27],"gold":96,"neow_bonus":"TRANSFORM_CARD","is_prod":false,"is_daily":false,"chose_seed":false,"campfire_upgraded":4,"win_rate":0,"timestamp":1542742624,"path_taken":["M","?","$","M","M","R","E","R","T","M","E","R","$","M","R","BOSS","M","?","$","M","?","R","E","R","T","E","M","$","?","?","R","BOSS","M","M","M","?","$","R","E","R","T","$","M","?","M","E","R","BOSS"],"build_version":"2018-11-15","purchased_purges":3,"victory":true,"max_hp_per_floor":[80,80,80,80,80,80,80,80,80,80,80,80,80,80,80,80,80,80,80,80,80,80,80,80,80,90,97,97,97,97,97,97,97,97,97,97,97,97,97,97,97,97,97,97,97,97,97,97,97,97],"card_choices":[{"not_picked":["Fire Breathing","Body Slam"],"picked":"Headbutt","floor":1},{"not_picked":["Ghostly Armor","Twin Strike"],"picked":"Shrug It Off","floor":4},{"not_picked":["Wild Strike","Searing Blow","Intimidate"],"picked":"SKIP","floor":5},{"not_picked":["Hemokinesis","Sword Boomerang"],"picked":"Shockwave","floor":7},{"not_picked":["True Grit","Searing Blow"],"picked":"Disarm","floor":10},{"not_picked":["Perfected Strike","Dual Wield"],"picked":"Disarm","floor":11},{"not_picked":["Anger","Pommel Strike"],"picked":"Warcry","floor":14},{"not_picked":["Berserk","Demon Form"],"picked":"Reaper","floor":16},{"not_picked":["Anger","Heavy Blade","Hemokinesis"],"picked":"SKIP","floor":18},{"not_picked":["Clothesline+1","Heavy Blade"],"picked":"Whirlwind+1","floor":21},{"not_picked":["Entrench","Pommel Strike"],"picked":"Impervious","floor":24},{"not_picked":["Carnage","Flex+1"],"picked":"Burning Pact","floor":27},{"not_picked":["Bloodletting","Rupture"],"picked":"Flame Barrier+1","floor":28},{"not_picked":["Cleave+1","Armaments","Rampage"],"picked":"SKIP","floor":30},{"not_picked":["Heavy Blade","Carnage+1","Reckless Charge"],"picked":"SKIP","floor":35},{"not_picked":["Carnage","Perfected Strike"],"picked":"Warcry+1","floor":36},{"not_picked":["Iron Wave+1","Flex","Body Slam"],"picked":"SKIP","floor":37},{"not_picked":["Fiend Fire","Pummel+1","Sentinel"],"picked":"SKIP","floor":41},{"not_picked":["Thunderclap+1","Sword Boomerang","Shrug It Off"],"picked":"SKIP","floor":45},{"not_picked":["Heavy Blade","Warcry","Body Slam"],"picked":"SKIP","floor":47},{"not_picked":["Heavy Blade","Carnage+1"],"picked":"Feel No Pain","floor":48}],"player_experience":195156,"relics_obtained":[{"floor":7,"key":"Potion Belt"},{"floor":9,"key":"PreservedInsect"},{"floor":11,"key":"Centennial Puzzle"},{"floor":24,"key":"Anchor"},{"floor":26,"key":"Pear"},{"floor":27,"key":"Strawberry"},{"floor":31,"key":"Sundial"},{"floor":41,"key":"Meat on the Bone"},{"floor":43,"key":"Self Forming Clay"},{"floor":48,"key":"Ornamental Fan"}],"event_choices":[{"cards_removed":["Strike_R"],"damage_healed":0,"gold_gain":0,"player_choice":"Card Removal","damage_taken":7,"max_hp_gain":0,"max_hp_loss":0,"event_name":"Golden Wing","floor":2,"gold_loss":0},{"damage_healed":0,"gold_gain":0,"player_choice":"Ignored","damage_taken":0,"max_hp_gain":0,"max_hp_loss":0,"event_name":"Cursed Tome","floor":19,"gold_loss":0},{"damage_healed":0,"gold_gain":0,"player_choice":"Bought 2 Potions","damage_taken":0,"max_hp_gain":0,"max_hp_loss":0,"event_name":"The Woman in Blue","floor":22,"gold_loss":0},{"cards_removed":["Defend_R"],"damage_healed":0,"gold_gain":0,"player_choice":"Offered Basic","damage_taken":0,"max_hp_gain":0,"max_hp_loss":0,"event_name":"Bonfire Elementals","floor":46,"gold_loss":0}],"is_beta":false,"boss_relics":[{"not_picked":["Calling Bell","Mark of Pain"],"picked":"Fusion Hammer"},{"not_picked":["Eternal Feather","Tiny House"],"picked":"Sozu"}],"items_purged_floors":[3,13,20],"is_endless":false,"potions_floor_spawned":[1,7,14,18,21,24,28,37,48],"ascension_level":9}