{"gold_per_floor":[118,118,118,268,30,30,368,293,293,328,328,0,16,56,56,149,149,167,167,167,167,6,6,31,62,62,96,119,119,12,12,12,108,108,129,129,142,116,116,116,159,174,174,507,507,554,554,564,564,564],"floor_reached":50,"playtime":2892,"items_purged":["Doubt"],"score":1261,"play_id":"c24d695d-feb4-492d-afa3-054bb7f4f3ed","local_time":"20190128170941","is_ascension_mode":true,"campfire_choices":[{"data":"Bash","floor":6,"key":"SMITH"},{"data":"Offering","floor":11,"key":"SMITH"},{"data":"Demon Form","floor":15,"key":"SMITH"},{"data":"Flame Barrier","floor":23,"key":"SMITH"},{"floor":29,"key":"REST"},{"data":"Offering","floor":32,"key":"SMITH"},{"data":"Barricade","floor":40,"key":"SMITH"},{"data":"Metallicize","floor":45,"key":"SMITH"},{"data":"Body Slam","floor":47,"key":"SMITH"},{"floor":49,"key":"RECALL"}],"neow_cost":"NONE","seed_source_timestamp":1551530252454596,"circlet_count":0,"master_deck":["AscendersBane","Strike_R","Strike_R","Strike_R","Strike_R","Defend_R","Defend_R","Defend_R","Defend_R","Bash+1","Offering+1","Iron Wave","Demon Form+1","Immolate","Metallicize+1","Flame Barrier+1","Perfected Strike+1","Offering+1","Flex+1","Panacea","Barricade+1","Pummel+1","Shrug It Off","Shrug It Off","Flame Barrier+1","Limit Break","Body Slam+1","Infernal Blade+1"],"relics":["Burning Blood","NeowsBlessing","Blue Candle","Juzu Bracelet","Old Coin","Lantern","Bag of Marbles","Oddly Smooth Stone","PreservedInsect","Matryoshka","Sozu","Paper Frog","Bronze Scales","Darkstone Periapt","Letter Opener","Regal Pillow","Coffee Dripper","Art of War","Centennial Puzzle","Peace Pipe"],"potions_floor_usage":[14,16],"damage_taken":[{"damage":0,"enemies":"Jaw Worm","floor":1,"turns":1},{"damage":0,"enemies":"Lagavulin","floor":7,"turns":2},{"damage":0,"enemies":"3 Sentries","floor":10,"turns":2},{"damage":6,"enemies":"Small Slimes","floor":13,"turns":2},{"damage":26,"enemies":"Lagavulin","floor":14,"turns":3},{"damage":17,"enemies":"The Guardian","floor":16,"turns":7},{"damage":30,"enemies":"Shell Parasite","floor":18,"turns":4},{"damage":3,"enemies":"3 Byrds","floor":24,"turns":3},{"damage":21,"enemies":"Book of Stabbing","floor":25,"turns":3},{"damage":7,"enemies":"Slavers","floor":27,"turns":2},{"damage":16,"enemies":"Shelled Parasite and Fungi","floor":28,"turns":3},{"damage":12,"enemies":"Champ","floor":33,"turns":8},{"damage":6,"enemies":"Orb Walker","floor":35,"turns":1},{"damage":0,"enemies":"3 Shapes","floor":37,"turns":3},{"damage":13,"enemies":"Giant Head","floor":41,"turns":4},{"damage":25,"enemies":"Spire Growth","floor":42,"turns":5},{"damage":7,"enemies":"2 Orb Walkers","floor":46,"turns":2},{"damage":20,"enemies":"Writhing Mass","floor":48,"turns":7},{"damage":38,"enemies":"Donu and Deca","floor":50,"turns":4}],"seed_played":"7696882383457808676","potions_obtained":[{"floor":1,"key":"GamblersBrew"},{"floor":13,"key":"Dexterity Potion"},{"floor":16,"key":"SteroidPotion"}],"is_trial":false,"path_per_floor":["M","?","?","?","$","R","E","?","T","E","R","$","M","E","R","B",null,"M","?","?","?","$","R","M","E","T","E","M","R","$","?","R","B",null,"M","?","M","$","?","R","E","M","T","?","R","?","R","M","R","B"],"character_chosen":"IRONCLAD","items_purchased":["Juzu Bracelet","Oddly Smooth Stone","PreservedInsect","Metallicize","Flame Barrier","Panacea","Shrug It Off"],"campfire_rested":1,"item_purchase_floors":[5,12,12,22,22,30,38],"current_hp_per_floor":[74,74,56,56,56,56,62,62,62,68,68,68,68,48,48,37,66,42,42,57,57,57,57,60,45,45,44,34,71,71,71,71,65,73,73,73,75,75,75,75,68,49,49,49,49,48,48,34,34,0],"gold":564,"neow_bonus":"THREE_ENEMY_KILL","is_prod":false,"is_daily":false,"chose_seed":false,"campfire_upgraded":8,"win_rate":0,"timestamp":1548724181,"path_taken":["M","?","?","?","$","R","E","?","T","E","R","$","M","E","R","BOSS","M","?","?","?","$","R","M","E","T","E","M","R","?","?","R","BOSS","M","?","M","?","?","R","E","M","T","?","R","?","R","M","R","BOSS"],"build_version":"2019-01-23","purchased_purges":1,"victory":false,"max_hp_per_floor":[75,75,75,75,75,75,75,75,75,75,75,75,75,75,75,75,75,75,75,75,75,75,75,75,75,75,75,75,75,75,75,75,75,75,75,75,75,75,75,75,75,75,75,75,75,75,75,75,75,75],"card_choices":[{"not_picked":["Sword Boomerang","Havoc","Thunderclap"],"picked":"SKIP","floor":1},{"not_picked":["Clothesline","Second Wind"],"picked":"Intimidate","floor":7},{"not_picked":["Seeing Red","Headbutt"],"picked":"Offering","floor":10},{"not_picked":["Combust","Warcry"],"picked":"Iron Wave","floor":13},{"not_picked":["Armaments","Bloodletting"],"picked":"Demon Form","floor":14},{"not_picked":["Offering","Berserk"],"picked":"Immolate","floor":16},{"not_picked":["Sentinel","Twin Strike","Warcry"],"picked":"SKIP","floor":18},{"not_picked":["Armaments","Clash"],"picked":"Perfected Strike+1","floor":24},{"not_picked":["Entrench","Havoc+1"],"picked":"Offering","floor":25},{"not_picked":["Fire Breathing","Brutality","Armaments"],"picked":"SKIP","floor":27},{"not_picked":["Infernal Blade","Cleave"],"picked":"Flex+1","floor":28},{"not_picked":["Fiend Fire","Feed"],"picked":"Barricade","floor":33},{"not_picked":["Warcry","Cleave"],"picked":"Pummel+1","floor":35},{"not_picked":["Heavy Blade+1","Sword Boomerang"],"picked":"Shrug It Off","floor":37},{"not_picked":["Disarm","Shrug It Off"],"picked":"Limit Break","floor":41},{"not_picked":["Headbutt","Bloodletting+1","Havoc"],"picked":"SKIP","floor":42},{"not_picked":["Fire Breathing","Headbutt"],"picked":"Body Slam","floor":46},{"not_picked":["Searing Blow","Armaments"],"picked":"Infernal Blade+1","floor":48}],"player_experience":510670,"relics_obtained":[{"floor":7,"key":"Old Coin"},{"floor":9,"key":"Lantern"},{"floor":10,"key":"Bag of Marbles"},{"floor":14,"key":"Matryoshka"},{"floor":25,"key":"Bronze Scales"},{"floor":26,"key":"Darkstone Periapt"},{"floor":26,"key":"Letter Opener"},{"floor":27,"key":"Regal Pillow"},{"floor":41,"key":"Art of War"},{"floor":43,"key":"Centennial Puzzle"},{"floor":46,"key":"Peace Pipe"}],"event_choices":[{"damage_healed":0,"gold_gain":0,"player_choice":"Take Wound","damage_taken":0,"relics_obtained":["Golden Idol"],"max_hp_gain":0,"max_hp_loss":0,"event_name":"Golden Idol","floor":2,"gold_loss":0,"cards_obtained":["Injury"]},{"damage_healed":0,"gold_gain":0,"player_choice":"Success","damage_taken":18,"relics_obtained":["Blue Candle"],"max_hp_gain":0,"max_hp_loss":0,"event_name":"Scrap Ooze","floor":3,"gold_loss":0},{"damage_healed":0,"gold_gain":150,"player_choice":"AGREE","damage_taken":0,"max_hp_gain":0,"max_hp_loss":0,"event_name":"Liars Game","floor":4,"gold_loss":0,"cards_obtained":["Doubt"]},{"cards_removed":["Injury"],"damage_healed":0,"gold_gain":0,"player_choice":"Card Removal","damage_taken":0,"max_hp_gain":0,"max_hp_loss":0,"event_name":"The Cleric","floor":8,"gold_loss":75},{"cards_removed":["Intimidate"],"damage_healed":0,"gold_gain":0,"player_choice":"Gave Card","damage_taken":0,"relics_obtained":["Paper Frog"],"max_hp_gain":0,"max_hp_loss":0,"event_name":"WeMeetAgain","floor":19,"gold_loss":0},{"damage_healed":15,"gold_gain":0,"player_choice":"Heal","damage_taken":0,"max_hp_gain":0,"max_hp_loss":0,"event_name":"The Library","floor":20,"gold_loss":0},{"damage_healed":0,"gold_gain":0,"player_choice":"Got Potions","damage_taken":0,"max_hp_gain":0,"max_hp_loss":0,"event_name":"Lab","floor":21,"gold_loss":0},{"damage_healed":0,"gold_gain":0,"player_choice":"Ignored","damage_taken":0,"max_hp_gain":0,"max_hp_loss":0,"event_name":"Ghosts","floor":31,"gold_loss":0},{"cards_removed":["Strike_R"],"damage_healed":0,"gold_gain":0,"player_choice":"Purged","damage_taken":0,"max_hp_gain":0,"max_hp_loss":0,"event_name":"Purifier","floor":36,"gold_loss":0},{"damage_healed":0,"gold_gain":0,"player_choice":"Copied","damage_taken":0,"max_hp_gain":0,"max_hp_loss":0,"event_name":"Duplicator","floor":39,"gold_loss":0,"cards_obtained":["Flame Barrier"]},{"damage_healed":0,"gold_gain":333,"player_choice":"Gave Idol","damage_taken":0,"max_hp_gain":0,"max_hp_loss":0,"event_name":"The Moai Head","floor":44,"relics_lost":["Golden Idol"],"gold_loss":0},{"damage_healed":0,"gold_gain":0,"player_choice":"Fight","damage_taken":0,"max_hp_gain":0,"max_hp_loss":0,"event_name":"Mysterious Sphere","floor":46,"gold_loss":0}],"is_beta":false,"boss_relics":[{"not_picked":["Runic Cube","White Beast Statue"],"picked":"Sozu"},{"not_picked":["Pandora\u0027s Box","Philosopher\u0027s Stone"],"picked":"Coffee Dripper"}],"items_purged_floors":[5],"is_endless":false,"potions_floor_spawned":[1,13,16,24,25,33,35],"killed_by":"Donu and Deca","ascension_level":20}