{"gold_per_floor":[119,134,146,159,159,159,186,186,186,186,11,22,33,58,58,159,159,179,195,195,195,206,206,220,220,301,301,201,201,215,21,21,120,120,130,130,145,145,145,173,173,202,253,253,271,271,30,43,43,43],"floor_reached":51,"playtime":4737,"items_purged":["Strike_G","Strike_G","Defend_G"],"score":803,"play_id":"cc0ab58f-eeca-4c33-baa3-00e80982434b","local_time":"20180820221448","is_ascension_mode":true,"campfire_choices":[{"floor":6,"key":"REST"},{"floor":8,"key":"REST"},{"floor":10,"key":"REST"},{"data":"Infinite Blades","floor":15,"key":"SMITH"},{"floor":23,"key":"REST"},{"data":"Accuracy","floor":27,"key":"SMITH"},{"floor":32,"key":"REST"},{"floor":41,"key":"REST"},{"data":"After Image","floor":44,"key":"SMITH"},{"floor":46,"key":"REST"},{"floor":49,"key":"REST"}],"neow_cost":"","seed_source_timestamp":1288132004661003,"circlet_count":0,"master_deck":["Defend_G","Defend_G","Strike_G","Strike_G","Survivor","Neutralize+1","Finisher+1","Backflip+1","Blade Dance","Slice","Blade Dance","Infinite Blades+1","Slice","Accuracy+1","Finisher","Slice","Adrenaline","Blade Dance+1","Blade Dance","Finisher","Footwork","After Image+1","Crippling Poison+1","Blade Dance","Cloak And Dagger+1","Blade Dance"],"relics":["Ring of the Snake","Dream Catcher","Singing Bowl","Centennial Puzzle","Orichalcum","Empty Cage","Nilry\u0027s Codex","Whetstone","Question Card","Runic Dome","War Paint","Gremlin Horn","Strawberry","Ninja Scroll"],"potions_floor_usage":[2,16,22,22,22,45,50,50,50,50,50],"damage_taken":[{"damage":0,"enemies":"Cultist","floor":1,"turns":6},{"damage":4,"enemies":"Small Slimes","floor":2,"turns":3},{"damage":18,"enemies":"Jaw Worm","floor":3,"turns":5},{"damage":7,"enemies":"Blue Slaver","floor":4,"turns":4},{"damage":52,"enemies":"Lagavulin","floor":7,"turns":7},{"damage":0,"enemies":"Exordium Wildlife","floor":12,"turns":4},{"damage":0,"enemies":"Looter","floor":13,"turns":1},{"damage":33,"enemies":"Hexaghost","floor":16,"turns":8},{"damage":18,"enemies":"2 Thieves","floor":18,"turns":3},{"damage":4,"enemies":"Shell Parasite","floor":19,"turns":3},{"damage":4,"enemies":"Snake Plant","floor":22,"turns":6},{"damage":21,"enemies":"Shelled Parasite and Fungi","floor":24,"turns":3},{"damage":6,"enemies":"Cultist and Chosen","floor":30,"turns":3},{"damage":57,"enemies":"Automaton","floor":33,"turns":8},{"damage":40,"enemies":"3 Shapes","floor":35,"turns":2},{"damage":3,"enemies":"Orb Walker","floor":37,"turns":3},{"damage":11,"enemies":"Giant Head","floor":40,"turns":7},{"damage":21,"enemies":"Nemesis","floor":42,"turns":5},{"damage":0,"enemies":"Maw","floor":45,"turns":5},{"damage":0,"enemies":"Sphere and 2 Shapes","floor":48,"turns":3},{"damage":42,"enemies":"Awakened One","floor":50,"turns":8}],"seed_played":"7018882584255330027","potions_obtained":[{"floor":1,"key":"SteroidPotion"},{"floor":4,"key":"EssenceOfSteel"},{"floor":12,"key":"PowerPotion"},{"floor":16,"key":"Block Potion"},{"floor":18,"key":"Dexterity Potion"},{"floor":19,"key":"EssenceOfSteel"},{"floor":33,"key":"Fire Potion"},{"floor":37,"key":"Strength Potion"},{"floor":38,"key":"EssenceOfSteel"},{"floor":38,"key":"EntropicBrew"}],"is_trial":false,"path_per_floor":["M","M","M","M","?","R","E","R","T","R","$","M","M","T","R","B",null,"M","M","?","?","M","R","M","T","T","R","$","?","M","$","R","B",null,"M","?","M","?","?","E","R","E","T","R","M","R","$","M","R","B"],"character_chosen":"THE_SILENT","items_purchased":["Finisher","Backflip","Footwork","Ninja Scroll"],"campfire_rested":8,"item_purchase_floors":[11,11,31,47],"current_hp_per_floor":[70,66,48,41,41,62,10,31,31,52,52,52,54,54,54,21,72,54,52,36,36,32,56,37,37,37,37,37,37,33,33,59,2,82,44,44,41,41,41,32,57,36,43,43,43,72,72,74,99,57],"gold":43,"neow_bonus":"","is_prod":false,"is_daily":false,"chose_seed":false,"campfire_upgraded":3,"win_rate":0,"timestamp":1534821288,"path_taken":["M","M","?","M","?","R","E","R","T","R","?","M","M","?","R","BOSS","M","M","?","?","M","R","M","?","T","R","$","?","?","$","R","BOSS","M","?","M","?","?","E","R","E","T","R","?","R","?","M","R","BOSS"],"build_version":"2018-08-16","purchased_purges":3,"victory":true,"max_hp_per_floor":[70,70,70,70,70,70,70,70,70,70,70,70,72,72,72,72,72,72,74,74,74,74,76,78,78,78,78,78,78,80,80,82,82,82,84,84,84,84,84,86,86,86,93,93,93,95,95,97,99,99],"card_choices":[{"not_picked":["Eviscerate","Distraction"],"picked":"Finisher","floor":1},{"not_picked":["Predator","Sucker Punch"],"picked":"Backflip","floor":2},{"not_picked":["Dagger Spray","Footwork"],"picked":"Blade Dance","floor":3},{"not_picked":["Quick Slash","Acrobatics"],"picked":"Slice","floor":4},{"not_picked":["Outmaneuver","Adrenaline"],"picked":"Blade Dance","floor":6},{"not_picked":["Bullet Time","Dagger Spray"],"picked":"Infinite Blades","floor":7},{"not_picked":["Dagger Throw","Endless Agony"],"picked":"Slice","floor":8},{"not_picked":["Leg Sweep","Infinite Blades"],"picked":"Accuracy","floor":10},{"not_picked":["Dagger Throw","PiercingWail"],"picked":"Slice","floor":12},{"not_picked":["Blur","Dodge and Roll","PiercingWail"],"picked":"Singing Bowl","floor":13},{"not_picked":["Envenom","Night Terror"],"picked":"Adrenaline","floor":16},{"not_picked":["Calculated Gamble","Bane"],"picked":"Blade Dance","floor":18},{"not_picked":["All Out Attack","Backflip+1","Distraction"],"picked":"Singing Bowl","floor":19},{"not_picked":["Noxious Fumes+1","Leg Sweep"],"picked":"Blade Dance","floor":22},{"not_picked":["Endless Agony","PiercingWail","Heel Hook"],"picked":"Singing Bowl","floor":23},{"not_picked":["Blur","Dodge and Roll","Predator"],"picked":"Singing Bowl","floor":24},{"not_picked":["Quick Slash","Catalyst+1","Outmaneuver+1","Sucker Punch"],"picked":"Singing Bowl","floor":30},{"not_picked":["Deflect","Dagger Spray","Dodge and Roll","Corpse Explosion"],"picked":"Singing Bowl","floor":32},{"not_picked":["Wraith Form v2","Die Die Die","Glass Knife"],"picked":"After Image","floor":33},{"not_picked":["Distraction+1","Poisoned Stab","Sucker Punch+1","Deflect"],"picked":"Singing Bowl","floor":35},{"not_picked":["Outmaneuver","Dagger Throw","PiercingWail+1"],"picked":"Crippling Poison+1","floor":37},{"not_picked":["Caltrops","Sucker Punch","Leg Sweep","Burst"],"picked":"Singing Bowl","floor":40},{"not_picked":["Dagger Spray+1","Sucker Punch","Prepared+1"],"picked":"Blade Dance","floor":41},{"not_picked":["Eviscerate","Acrobatics+1","All Out Attack+1"],"picked":"Cloak And Dagger+1","floor":42},{"not_picked":["Backflip","Die Die Die","Riddle With Holes+1"],"picked":"Blade Dance","floor":45},{"not_picked":["Underhanded Strike+1","Acrobatics","Cloak And Dagger","Dagger Spray"],"picked":"Singing Bowl","floor":46},{"not_picked":["Predator+1","Flying Knee+1","Underhanded Strike+1","All Out Attack+1"],"picked":"Singing Bowl","floor":48},{"not_picked":["Sucker Punch","Deflect+1","Dagger Spray+1","PiercingWail+1"],"picked":"Singing Bowl","floor":49}],"player_experience":164814,"relics_obtained":[{"floor":7,"key":"Singing Bowl"},{"floor":9,"key":"Centennial Puzzle"},{"floor":14,"key":"Orichalcum"},{"floor":20,"key":"Nilry\u0027s Codex"},{"floor":25,"key":"Whetstone"},{"floor":26,"key":"Question Card"},{"floor":40,"key":"War Paint"},{"floor":42,"key":"Gremlin Horn"},{"floor":43,"key":"Strawberry"}],"event_choices":[{"event_name":"WeMeetAgain","player_choice":"Potion","floor":5,"damage_taken":0},{"event_name":"Cursed Tome","player_choice":"Obtained Book","floor":20,"damage_taken":0},{"event_name":"Back to Basics","player_choice":"Elegance","floor":21,"damage_taken":0},{"event_name":"The Library","player_choice":"Read","floor":29,"damage_taken":0},{"event_name":"Falling","player_choice":"Removed Skill","floor":36,"damage_taken":0},{"event_name":"The Lab","player_choice":"Got Potions","floor":38,"damage_taken":0},{"event_name":"The Woman in Blue","player_choice":"Bought 0 Potions","floor":39,"damage_taken":0}],"is_beta":false,"boss_relics":[{"not_picked":["Runic Pyramid","Cursed Key"],"picked":"Empty Cage"},{"not_picked":["Eternal Feather","Tiny House"],"picked":"Runic Dome"}],"items_purged_floors":[11,28,31],"is_endless":false,"potions_floor_spawned":[1,4,12,16,18,19,33,37,40],"ascension_level":3}