{"gold_per_floor":[114,114,84,98,111,145,145],"floor_reached":7,"playtime":549,"items_purged":[],"score":54,"play_id":"140cea14-0eac-4e38-b5d4-dccecc338181","local_time":"20190118121029","is_ascension_mode":true,"campfire_choices":[],"neow_cost":"NONE","seed_source_timestamp":781643179110200,"circlet_count":0,"master_deck":["Defend_G","Defend_G","Defend_G","Defend_G","Defend_G","Strike_G","Strike_G","Strike_G","Strike_G","Strike_G","Survivor","Neutralize","Backflip","Blur","Flying Knee","Backflip"],"relics":["Ring of the Snake","NeowsBlessing","Anchor"],"potions_floor_usage":[6,7,7],"damage_taken":[{"damage":0,"enemies":"Jaw Worm","floor":1,"turns":1},{"damage":0,"enemies":"Small Slimes","floor":4,"turns":1},{"damage":0,"enemies":"Cultist","floor":5,"turns":1},{"damage":28,"enemies":"3 Sentries","floor":6,"turns":15},{"damage":0,"enemies":"Exordium Thugs","floor":7,"turns":3}],"seed_played":"4404418597283185956","potions_obtained":[{"floor":3,"key":"Regen Potion"},{"floor":3,"key":"Energy Potion"},{"floor":4,"key":"GamblersBrew"},{"floor":6,"key":"Dexterity Potion"}],"is_trial":false,"path_per_floor":["M","?","?","M","M","E","M"],"character_chosen":"THE_SILENT","items_purchased":[],"campfire_rested":0,"item_purchase_floors":[],"current_hp_per_floor":[70,70,70,70,70,42,42],"gold":145,"neow_bonus":"THREE_ENEMY_KILL","is_prod":false,"is_daily":false,"chose_seed":false,"campfire_upgraded":0,"win_rate":1,"timestamp":1547831429,"path_taken":["M","?","?","?","M","E","M"],"build_version":"2019-01-17v2","purchased_purges":0,"victory":false,"max_hp_per_floor":[70,70,70,70,70,70,70],"card_choices":[{"not_picked":["Heel Hook","Flying Knee"],"picked":"Backflip","floor":1},{"not_picked":["Bouncing Flask","Accuracy"],"picked":"Blur","floor":4},{"not_picked":["Predator","Riddle With Holes"],"picked":"Flying Knee","floor":5},{"not_picked":["Endless Agony","Sucker Punch"],"picked":"Backflip","floor":6}],"player_experience":36721,"relics_obtained":[{"floor":6,"key":"Anchor"}],"event_choices":[{"damage_healed":0,"gold_gain":0,"player_choice":"Ignored","damage_taken":0,"max_hp_gain":0,"max_hp_loss":0,"event_name":"Liars Game","floor":2,"gold_loss":0},{"damage_healed":0,"gold_gain":0,"player_choice":"Bought 2 Potions","damage_taken":0,"max_hp_gain":0,"max_hp_loss":0,"event_name":"The Woman in Blue","floor":3,"gold_loss":0}],"is_beta":false,"boss_relics":[],"items_purged_floors":[],"is_endless":false,"potions_floor_spawned":[4,6],"killed_by":"Exordium Thugs","ascension_level":1}