{"gold_per_floor":[115,135,148,148,158,158,174,174,174,203,203,222,222,557,557,653,653,668,94,94,111,123,155,155,155,155,185,185,216,236,335,335,438,488,501,55,155,166,182,208,208,208,281,357,357,374,394,423,423,423,423,423,16,45,45],"floor_reached":56,"playtime":4039,"items_purged":[],"score":1869,"play_id":"b4d9af40-ee23-49ff-a3d4-e39dfe28f47a","local_time":"20190125002145","is_ascension_mode":true,"campfire_choices":[{"data":"Zap","floor":6,"key":"SMITH"},{"floor":11,"key":"REST"},{"data":"Dualcast","floor":13,"key":"SMITH"},{"floor":15,"key":"REST"},{"floor":25,"key":"REST"},{"floor":28,"key":"REST"},{"data":"Defragment","floor":32,"key":"SMITH"},{"data":"Defragment","floor":41,"key":"SMITH"},{"floor":49,"key":"RECALL"},{"data":"Storm","floor":52,"key":"SMITH"}],"neow_cost":"NONE","seed_source_timestamp":194353057555802,"circlet_count":0,"master_deck":["Zap+1","Dualcast+1","Defragment+1","Gash+1","Cold Snap","Leap","Ball Lightning","Tempest+1","Defragment+1","Seek+1","Streamline","Sweeping Beam","Double Energy+1","Machine Learning","Skim+1","Barrage","Capacitor","Conserve Battery+1","Conserve Battery+1","Leap+1","Fission+1","Loop","Capacitor","Fission+1","Tempest+1","Defragment+1","Storm+1","Mayhem","Conserve Battery+1","Loop","Electrodynamics","Conserve Battery+1","White Noise+1","Thunder Strike","Fission+1","Skim+1","Defragment","Force Field+1"],"relics":["Cracked Core","Smiling Mask","Lantern","Toxic Egg 2","Shuriken","Old Coin","Pandora\u0027s Box","Pantograph","Torii","Enchiridion","Mummified Hand","Turnip","FossilizedHelix","Centennial Puzzle","Tiny House","PreservedInsect","Meat on the Bone","Bottled Lightning","Gremlin Horn","DollysMirror","Ornamental Fan"],"potions_floor_usage":[23,23,29,50,55],"damage_taken":[{"damage":7,"enemies":"Jaw Worm","floor":1,"turns":3},{"damage":0,"enemies":"2 Louse","floor":2,"turns":3},{"damage":0,"enemies":"Small Slimes","floor":3,"turns":3},{"damage":5,"enemies":"3 Louse","floor":5,"turns":4},{"damage":0,"enemies":"Large Slime","floor":7,"turns":6},{"damage":16,"enemies":"Lagavulin","floor":10,"turns":7},{"damage":9,"enemies":"Red Slaver","floor":12,"turns":2},{"damage":21,"enemies":"3 Sentries","floor":14,"turns":4},{"damage":5,"enemies":"Slime Boss","floor":16,"turns":7},{"damage":0,"enemies":"3 Byrds","floor":18,"turns":3},{"damage":2,"enemies":"Chosen","floor":21,"turns":4},{"damage":1,"enemies":"Centurion and Healer","floor":22,"turns":3},{"damage":29,"enemies":"Slavers","floor":23,"turns":2},{"damage":0,"enemies":"Book of Stabbing","floor":27,"turns":2},{"damage":0,"enemies":"Gremlin Leader","floor":29,"turns":4},{"damage":0,"enemies":"3 Cultists","floor":30,"turns":3},{"damage":0,"enemies":"Automaton","floor":33,"turns":6},{"damage":0,"enemies":"Orb Walker","floor":35,"turns":2},{"damage":8,"enemies":"3 Darklings","floor":38,"turns":3},{"damage":0,"enemies":"Maw","floor":39,"turns":3},{"damage":0,"enemies":"Giant Head","floor":40,"turns":3},{"damage":0,"enemies":"Writhing Mass","floor":46,"turns":1},{"damage":0,"enemies":"3 Darklings","floor":47,"turns":2},{"damage":0,"enemies":"Nemesis","floor":48,"turns":1},{"damage":21,"enemies":"Donu and Deca","floor":50,"turns":5},{"damage":40,"enemies":"Shield and Spear","floor":54,"turns":3},{"damage":44,"enemies":"The Heart","floor":55,"turns":4}],"seed_played":"8054458966675240804","potions_obtained":[{"floor":2,"key":"Strength Potion"},{"floor":5,"key":"FocusPotion"},{"floor":16,"key":"Poison Potion"},{"floor":18,"key":"Strength Potion"},{"floor":23,"key":"FocusPotion"},{"floor":27,"key":"Fire Potion"},{"floor":33,"key":"Energy Potion"},{"floor":34,"key":"SmokeBomb"},{"floor":39,"key":"PowerPotion"},{"floor":46,"key":"Ancient Potion"}],"is_trial":false,"path_per_floor":["M","M","M","?","M","R","M","?","T","E","R","M","R","E","R","B",null,"M","$","?","M","M","E","?","R","T","E","R","E","M","?","R","B",null,"M","$","?","M","M","E","R","?","T","T","$","M","M","E","R","B",null,"R","$","E","B",null],"character_chosen":"DEFECT","items_purchased":["Pantograph","Torii","Conserve Battery+1","Storm","PreservedInsect","Mayhem","Conserve Battery+1","DollysMirror","Skim+1","Defragment","Energy Potion"],"campfire_rested":4,"item_purchase_floors":[19,19,19,36,36,36,36,53,53,53,53],"current_hp_per_floor":[61,61,61,61,56,56,56,44,44,28,50,41,41,20,42,37,66,66,66,50,48,47,18,18,40,40,40,62,62,62,62,62,75,80,80,80,80,72,72,72,72,72,72,72,72,72,72,72,72,59,75,75,75,47,40],"gold":45,"neow_bonus":"RANDOM_COMMON_RELIC","is_prod":false,"is_daily":false,"chose_seed":false,"campfire_upgraded":5,"win_rate":0,"timestamp":1548397305,"path_taken":["M","M","M","?","M","R","M","?","T","E","R","M","R","E","R","BOSS","M","$","?","M","M","E","?","R","T","E","R","E","M","?","R","BOSS","M","$","?","M","?","E","R","?","T","?","?","M","M","E","R","BOSS","R","$","E","BOSS"],"build_version":"2019-01-23","purchased_purges":0,"victory":true,"max_hp_per_floor":[75,75,75,75,75,75,75,75,75,75,75,75,75,75,75,75,75,75,75,75,75,75,75,75,75,75,75,75,75,75,75,75,75,80,80,80,80,80,80,80,80,80,80,80,80,80,80,80,80,80,80,80,80,80,80],"card_choices":[{"not_picked":["Stack","Steam"],"picked":"Defragment","floor":1},{"not_picked":["Chaos","Turbo"],"picked":"Gash","floor":2},{"not_picked":["Melter","Streamline"],"picked":"Cold Snap","floor":3},{"not_picked":["Reprogram","Beam Cell"],"picked":"Leap","floor":5},{"not_picked":["Stack","Sweeping Beam"],"picked":"Ball Lightning","floor":7},{"not_picked":["Hologram+1","Sunder"],"picked":"Tempest+1","floor":10},{"not_picked":["Stack+1","Sweeping Beam","Compile Driver"],"picked":"SKIP","floor":12},{"not_picked":["Stack+1","Sweeping Beam","Compile Driver"],"picked":"SKIP","floor":12},{"not_picked":["Fission+1","Darkness+1"],"picked":"Defragment","floor":14},{"not_picked":["Machine Learning","Meteor Strike"],"picked":"Seek+1","floor":16},{"not_picked":["Darkness+1","Go for the Eyes"],"picked":"Capacitor","floor":18},{"not_picked":["Ball Lightning+1","Hologram+1"],"picked":"Conserve Battery+1","floor":21},{"not_picked":["Go for the Eyes","Consume+1"],"picked":"Leap+1","floor":22},{"not_picked":["Tempest+1","Steam Power+1"],"picked":"Fission+1","floor":23},{"not_picked":["Glacier+1","Leap+1"],"picked":"Loop","floor":27},{"not_picked":["White Noise+1","Melter"],"picked":"Capacitor","floor":29},{"not_picked":["Scrape","Compile Driver+1","Auto Shields+1"],"picked":"SKIP","floor":30},{"not_picked":["Echo Form","Multi-Cast+1"],"picked":"Fission+1","floor":33},{"not_picked":["Sweeping Beam","Rebound"],"picked":"Tempest+1","floor":34},{"not_picked":["Barrage+1","Steam+1"],"picked":"Defragment","floor":35},{"not_picked":["Compile Driver","Undo+1","Beam Cell+1"],"picked":"SKIP","floor":38},{"not_picked":["Steam+1","Consume+1"],"picked":"Loop","floor":39},{"not_picked":["Ball Lightning+1","Chaos+1"],"picked":"Electrodynamics","floor":40},{"not_picked":["Hologram+1","Leap+1"],"picked":"Conserve Battery+1","floor":46},{"not_picked":["Chaos+1","Conserve Battery+1"],"picked":"White Noise+1","floor":47},{"not_picked":["Turbo+1","Stack+1"],"picked":"Thunder Strike","floor":48},{"not_picked":["Chill+1","Steam+1"],"picked":"Force Field+1","floor":54}],"player_experience":554415,"relics_obtained":[{"floor":9,"key":"Toxic Egg 2"},{"floor":10,"key":"Shuriken"},{"floor":14,"key":"Old Coin"},{"floor":20,"key":"Enchiridion"},{"floor":23,"key":"Mummified Hand"},{"floor":26,"key":"Turnip"},{"floor":27,"key":"FossilizedHelix"},{"floor":29,"key":"Centennial Puzzle"},{"floor":40,"key":"Meat on the Bone"},{"floor":44,"key":"Bottled Lightning"},{"floor":48,"key":"Gremlin Horn"},{"floor":54,"key":"Ornamental Fan"}],"event_choices":[{"damage_healed":0,"gold_gain":0,"player_choice":"Grow","damage_taken":0,"max_hp_gain":0,"max_hp_loss":0,"event_name":"Living Wall","floor":4,"gold_loss":0,"cards_upgraded":["Defragment"]},{"damage_healed":0,"gold_gain":0,"player_choice":"Success","damage_taken":12,"relics_obtained":["Lantern"],"max_hp_gain":0,"max_hp_loss":0,"event_name":"Scrap Ooze","floor":8,"gold_loss":0},{"damage_healed":0,"gold_gain":0,"player_choice":"Obtained Book","damage_taken":16,"max_hp_gain":0,"max_hp_loss":0,"event_name":"Cursed Tome","floor":20,"gold_loss":0},{"cards_removed":["Reprogram"],"damage_healed":0,"gold_gain":0,"player_choice":"Elegance","damage_taken":0,"max_hp_gain":0,"max_hp_loss":0,"event_name":"Back to Basics","floor":24,"gold_loss":0},{"damage_healed":0,"gold_gain":99,"player_choice":"Stole From Cult","damage_taken":0,"max_hp_gain":0,"max_hp_loss":0,"event_name":"Nest","floor":31,"gold_loss":0},{"damage_healed":0,"gold_gain":100,"player_choice":"Pray","damage_taken":0,"max_hp_gain":0,"max_hp_loss":0,"event_name":"Golden Shrine","floor":37,"gold_loss":0},{"cards_removed":["Sweeping Beam"],"damage_healed":0,"gold_gain":0,"player_choice":"Removed Attack","damage_taken":0,"max_hp_gain":0,"max_hp_loss":0,"event_name":"Falling","floor":42,"gold_loss":0}],"is_beta":false,"boss_relics":[{"not_picked":["Astrolabe","White Beast Statue"],"picked":"Pandora\u0027s Box"},{"not_picked":["Lizard Tail","Empty Cage"],"picked":"Tiny House"}],"items_purged_floors":[],"is_endless":false,"potions_floor_spawned":[2,5,16,18,23,27,33,39,46,47],"ascension_level":7}