{"gold_per_floor":[112,112,112,130,31,31,31,31,54,54,54,54,72,91,91,184,184,204,224,224,237,255,255,255],"floor_reached":24,"playtime":961,"items_purged":[],"score":316,"play_id":"be4fb0bb-5d3b-43a4-be7a-87530678d1d8","local_time":"20181209154840","is_ascension_mode":true,"campfire_choices":[{"data":"Immolate","floor":6,"key":"SMITH"},{"data":"Thunderclap","floor":8,"key":"SMITH"},{"data":"Seeing Red","floor":10,"key":"SMITH"},{"data":"Evolve","floor":15,"key":"SMITH"},{"data":"Reaper","floor":23,"key":"SMITH"}],"neow_cost":"NONE","seed_source_timestamp":3659007544410,"circlet_count":0,"master_deck":["AscendersBane","Strike_R","Strike_R","Strike_R","Defend_R+1","Defend_R+1","Bash","Immolate+1","Feel No Pain","Seeing Red+1","Battle Trance","Thunderclap+1","Rage","Evolve+1","Reaper+1","Juggernaut+1","Evolve+1","Metallicize+1","Metallicize","Iron Wave","Iron Wave"],"relics":["Burning Blood","Pear","Bag of Marbles","Golden Idol","Astrolabe"],"potions_floor_usage":[16,16,16,18,19,21,22],"damage_taken":[{"damage":0,"enemies":"Small Slimes","floor":1,"turns":2},{"damage":7,"enemies":"Jaw Worm","floor":4,"turns":3},{"damage":0,"enemies":"Cultist","floor":13,"turns":1},{"damage":0,"enemies":"3 Louse","floor":14,"turns":1},{"damage":47,"enemies":"Hexaghost","floor":16,"turns":8},{"damage":0,"enemies":"Spheric Guardian","floor":18,"turns":3},{"damage":28,"enemies":"3 Byrds","floor":19,"turns":6},{"damage":20,"enemies":"Cultist and Chosen","floor":21,"turns":5},{"damage":42,"enemies":"Snecko","floor":22,"turns":5},{"damage":48,"enemies":"Snake Plant","floor":24,"turns":4}],"seed_played":"7133591977839261429","potions_obtained":[{"floor":4,"key":"Fire Potion"},{"floor":13,"key":"EntropicBrew"},{"floor":18,"key":"Swift Potion"},{"floor":19,"key":"Regen Potion"},{"floor":21,"key":"Poison Potion"}],"is_trial":false,"path_per_floor":["M","?","?","M","$","R","T","R","T","R","?","?","M","M","R","B",null,"M","M","?","M","M","R","M"],"character_chosen":"IRONCLAD","items_purchased":["Battle Trance","Thunderclap"],"campfire_rested":0,"item_purchase_floors":[5,5],"current_hp_per_floor":[74,67,72,71,71,71,81,81,81,81,81,64,70,76,76,35,71,77,64,64,72,42,42,0],"gold":255,"neow_bonus":"ONE_RANDOM_RARE_CARD","is_prod":false,"is_daily":false,"chose_seed":false,"campfire_upgraded":5,"win_rate":0,"timestamp":1544370520,"path_taken":["M","?","?","M","$","R","?","R","T","R","?","?","M","M","R","BOSS","M","M","?","M","?","R","M"],"build_version":"2018-12-06","purchased_purges":0,"victory":false,"max_hp_per_floor":[75,75,80,80,80,80,90,90,90,90,83,83,83,83,83,83,83,83,83,83,83,83,83,83],"card_choices":[{"not_picked":["Sword Boomerang","Iron Wave"],"picked":"Feel No Pain","floor":1},{"not_picked":["Cleave","Havoc"],"picked":"Seeing Red","floor":4},{"not_picked":["Clothesline","Heavy Blade"],"picked":"Rage","floor":13},{"not_picked":["Clash","Pommel Strike"],"picked":"Evolve","floor":14},{"not_picked":["Juggernaut","Immolate"],"picked":"Reaper","floor":16},{"not_picked":["Sentinel","Evolve","Infernal Blade"],"picked":"SKIP","floor":18},{"not_picked":["Flex","Thunderclap"],"picked":"Metallicize","floor":19},{"not_picked":["Perfected Strike+1","Sever Soul"],"picked":"Iron Wave","floor":21},{"not_picked":["Clash","Headbutt"],"picked":"Iron Wave","floor":22}],"player_experience":253852,"relics_obtained":[{"floor":7,"key":"Pear"},{"floor":9,"key":"Bag of Marbles"}],"event_choices":[{"cards_removed":["Strike_R"],"damage_healed":0,"gold_gain":0,"player_choice":"Card Removal","damage_taken":7,"max_hp_gain":0,"max_hp_loss":0,"event_name":"Golden Wing","floor":2,"gold_loss":0},{"damage_healed":0,"gold_gain":0,"player_choice":"Donut","damage_taken":0,"max_hp_gain":5,"max_hp_loss":0,"event_name":"Big Fish","floor":3,"gold_loss":0},{"damage_healed":0,"gold_gain":0,"player_choice":"Lose Max HP","damage_taken":0,"relics_obtained":["Golden Idol"],"max_hp_gain":0,"max_hp_loss":7,"event_name":"Golden Idol","floor":11,"gold_loss":0},{"damage_healed":0,"gold_gain":0,"player_choice":"Entered Light","damage_taken":17,"max_hp_gain":0,"max_hp_loss":0,"event_name":"Shining Light","floor":12,"gold_loss":0,"cards_upgraded":["Defend_R","Defend_R"]},{"damage_healed":0,"gold_gain":0,"player_choice":"0 cards matched","damage_taken":0,"max_hp_gain":0,"max_hp_loss":0,"event_name":"Match and Keep!","floor":20,"gold_loss":0,"cards_obtained":[]}],"is_beta":false,"boss_relics":[{"not_picked":["Mark of Pain","Runic Pyramid"],"picked":"Astrolabe"}],"items_purged_floors":[],"is_endless":false,"potions_floor_spawned":[4,13,14,18,19,21],"killed_by":"Snake Plant","ascension_level":14}