{"gold_per_floor":[112,112,37,52,27,27,71,92,92,108,148,40,64,7,7,7],"floor_reached":16,"playtime":406,"items_purged":["Strike_G","Strike_G"],"score":143,"play_id":"a434fbae-640b-41fc-b394-7f068f3de309","local_time":"20181111212649","is_ascension_mode":true,"campfire_choices":[{"floor":15,"key":"REST"}],"neow_cost":"NONE","seed_source_timestamp":185143638677404,"circlet_count":0,"master_deck":["Defend_G","Defend_G","Defend_G","Defend_G","Defend_G","Strike_G","Strike_G","Survivor","Neutralize","Deep Breath","Cloak And Dagger","Caltrops","Poisoned Stab","Slice","Slice","Cloak And Dagger","Leg Sweep","Backflip","Slice"],"relics":["Ring of the Snake","Golden Idol","Sundial","Bottled Flame","The Courier"],"potions_floor_usage":[7,16],"damage_taken":[{"damage":0,"enemies":"Jaw Worm","floor":1,"turns":8},{"damage":6,"enemies":"Small Slimes","floor":4,"turns":4},{"damage":28,"enemies":"Lagavulin","floor":7,"turns":10},{"damage":0,"enemies":"Cultist","floor":8,"turns":3},{"damage":0,"enemies":"Red Slaver","floor":10,"turns":4},{"damage":23,"enemies":"Gremlin Nob","floor":11,"turns":5},{"damage":1,"enemies":"Blue Slaver","floor":13,"turns":4},{"damage":25,"enemies":"Hexaghost","floor":16,"turns":11}],"seed_played":"-4378569089784834816","potions_obtained":[{"floor":1,"key":"SpeedPotion"},{"floor":13,"key":"EssenceOfSteel"}],"is_trial":false,"path_per_floor":["M","?","$","M","$","?","E","M","T","M","E","$","M","$","R","B"],"character_chosen":"THE_SILENT","items_purchased":["Poisoned Stab","Leg Sweep","Backflip","Slice"],"campfire_rested":1,"item_purchase_floors":[5,12,14,14],"current_hp_per_floor":[63,63,63,57,57,57,29,29,29,29,6,6,5,5,24,0],"gold":7,"neow_bonus":"RANDOM_COLORLESS","is_prod":false,"is_daily":false,"chose_seed":false,"campfire_upgraded":0,"win_rate":0,"timestamp":1541971609,"path_taken":["M","?","$","M","$","?","E","M","T","?","E","?","M","$","R","BOSS"],"build_version":"2018-11-08","purchased_purges":2,"victory":false,"max_hp_per_floor":[70,65,65,65,65,65,65,65,65,65,65,65,65,65,65,65],"card_choices":[{"not_picked":["Dagger Throw","Terror"],"picked":"Cloak And Dagger","floor":1},{"not_picked":["Tactician","Acrobatics"],"picked":"Caltrops","floor":4},{"not_picked":["Quick Slash","Blade Dance"],"picked":"Slice","floor":7},{"not_picked":["Outmaneuver","Sucker Punch"],"picked":"Slice","floor":8},{"not_picked":["Leg Sweep","Riddle With Holes"],"picked":"Cloak And Dagger","floor":10},{"not_picked":["Poisoned Stab","Prepared","Flechettes"],"picked":"SKIP","floor":11},{"not_picked":["Quick Slash","Unload","All Out Attack"],"picked":"SKIP","floor":13}],"player_experience":145696,"relics_obtained":[{"floor":7,"key":"Sundial"},{"floor":9,"key":"Bottled Flame"},{"floor":11,"key":"The Courier"}],"event_choices":[{"damage_healed":0,"gold_gain":0,"player_choice":"Lose Max HP","damage_taken":0,"relics_obtained":["Golden Idol"],"max_hp_gain":0,"max_hp_loss":5,"event_name":"Golden Idol","floor":2,"gold_loss":0},{"cards_removed":["Strike_G"],"damage_healed":0,"gold_gain":0,"player_choice":"Offered Basic","damage_taken":0,"max_hp_gain":0,"max_hp_loss":0,"event_name":"Bonfire Elementals","floor":6,"gold_loss":0}],"is_beta":false,"boss_relics":[],"items_purged_floors":[3,12],"is_endless":false,"potions_floor_spawned":[1,13],"killed_by":"Hexaghost","ascension_level":6}