{"gold_per_floor":[110,110,110,20,40,59,73,87,111,138,138,155,180,190,190,288,288,301,312,64,64,78,109,124,124,124,124,124,134,84,156,156,156],"floor_reached":33,"playtime":1132,"items_purged":["Strike_R","Strike_R"],"score":446,"play_id":"98b9805e-9ed7-4de6-874a-c84f7bf35861","local_time":"20181130222733","is_ascension_mode":true,"campfire_choices":[{"data":"Swift Strike","floor":11,"key":"SMITH"},{"data":"Clothesline","floor":15,"key":"SMITH"},{"floor":25,"key":"RECALL"},{"data":"Reaper","floor":27,"key":"SMITH"},{"data":"Body Slam","floor":32,"key":"SMITH"}],"neow_cost":"NONE","seed_source_timestamp":7977486099396,"circlet_count":0,"master_deck":["AscendersBane","Strike_R+1","Defend_R","Defend_R","Defend_R","Defend_R+1","Bash+1","Shrug It Off","Swift Strike+1","Iron Wave","Body Slam+1","Disarm","Disarm","Ghostly Armor","Metallicize","Clothesline+1","Reaper+1","Warcry+1","Shrug It Off","Shrug It Off","Havoc","Havoc+1","Armaments+1","Exhume+1"],"relics":["Burning Blood","PreservedInsect","Bag of Marbles","Boot","Coffee Dripper","Membership Card","Toxic Egg 2","Bottled Lightning","Darkstone Periapt"],"potions_floor_usage":[10,14,18,23,33,33],"damage_taken":[{"damage":16,"enemies":"Jaw Worm","floor":1,"turns":4},{"damage":3,"enemies":"Cultist","floor":5,"turns":4},{"damage":4,"enemies":"Small Slimes","floor":6,"turns":4},{"damage":3,"enemies":"Exordium Thugs","floor":7,"turns":8},{"damage":1,"enemies":"Looter","floor":8,"turns":4},{"damage":13,"enemies":"Gremlin Nob","floor":10,"turns":4},{"damage":0,"enemies":"Exordium Wildlife","floor":12,"turns":3},{"damage":17,"enemies":"Lagavulin","floor":13,"turns":5},{"damage":0,"enemies":"Large Slime","floor":14,"turns":4},{"damage":15,"enemies":"The Guardian","floor":16,"turns":15},{"damage":1,"enemies":"3 Byrds","floor":18,"turns":6},{"damage":1,"enemies":"Shell Parasite","floor":19,"turns":7},{"damage":25,"enemies":"Snecko","floor":22,"turns":6},{"damage":29,"enemies":"Slavers","floor":23,"turns":8},{"damage":5,"enemies":"Snake Plant","floor":24,"turns":6},{"damage":0,"enemies":"Centurion and Healer","floor":29,"turns":9},{"damage":58,"enemies":"Champ","floor":33,"turns":23}],"seed_played":"4360027074627985502","potions_obtained":[{"floor":5,"key":"GamblersBrew"},{"floor":7,"key":"EssenceOfSteel"},{"floor":13,"key":"Swift Potion"},{"floor":14,"key":"Explosive Potion"},{"floor":19,"key":"Explosive Potion"},{"floor":24,"key":"Weak Potion"}],"is_trial":false,"path_per_floor":["M","?","?","$","M","M","M","M","T","E","R","M","E","M","R","B",null,"M","M","$","?","M","E","M","R","T","R","?","M","$","T","R","B"],"character_chosen":"IRONCLAD","items_purchased":["Swift Strike","Membership Card","Shrug It Off"],"campfire_rested":0,"item_purchase_floors":[4,20,20],"current_hp_per_floor":[62,46,46,46,49,51,54,59,59,52,52,58,47,53,53,44,71,80,80,80,80,67,48,49,49,49,49,34,50,50,50,50,0],"gold":156,"neow_bonus":"UPGRADE_CARD","is_prod":false,"is_daily":false,"chose_seed":false,"campfire_upgraded":4,"win_rate":0,"timestamp":1543616853,"path_taken":["M","?","?","$","?","M","M","M","T","E","R","M","E","M","R","BOSS","M","M","$","?","?","E","M","R","T","R","?","M","?","?","R","BOSS"],"build_version":"2018-11-15","purchased_purges":2,"victory":false,"max_hp_per_floor":[80,80,80,80,80,80,80,80,80,80,80,80,80,80,80,80,80,80,80,80,80,80,80,80,80,80,80,85,85,85,85,85,85],"card_choices":[{"not_picked":["Thunderclap","Metallicize"],"picked":"Shrug It Off","floor":1},{"not_picked":["Clash","Perfected Strike"],"picked":"Iron Wave","floor":5},{"not_picked":["Impervious","Headbutt"],"picked":"Body Slam","floor":6},{"not_picked":["Heavy Blade","Flex","Clash"],"picked":"SKIP","floor":7},{"not_picked":["Clothesline","Armaments"],"picked":"Disarm","floor":8},{"not_picked":["Iron Wave","Evolve"],"picked":"Disarm","floor":10},{"not_picked":["Havoc","Wild Strike"],"picked":"Ghostly Armor","floor":12},{"not_picked":["Body Slam","Burning Pact"],"picked":"Metallicize","floor":13},{"not_picked":["Hemokinesis","Heavy Blade"],"picked":"Clothesline","floor":14},{"not_picked":["Demon Form","Limit Break"],"picked":"Reaper","floor":16},{"not_picked":["Perfected Strike+1","Intimidate"],"picked":"Warcry+1","floor":18},{"not_picked":["Pommel Strike","Evolve"],"picked":"Shrug It Off","floor":19},{"not_picked":["Havoc","Headbutt","Sword Boomerang"],"picked":"SKIP","floor":22},{"not_picked":["Clash","Blood for Blood"],"picked":"Havoc","floor":23},{"not_picked":["Pommel Strike","Body Slam"],"picked":"Armaments+1","floor":24},{"not_picked":["Clothesline","Headbutt"],"picked":"Exhume+1","floor":29}],"player_experience":223766,"relics_obtained":[{"floor":9,"key":"PreservedInsect"},{"floor":10,"key":"Bag of Marbles"},{"floor":13,"key":"Boot"},{"floor":23,"key":"Toxic Egg 2"},{"floor":26,"key":"Bottled Lightning"},{"floor":31,"key":"Darkstone Periapt"}],"event_choices":[{"damage_healed":0,"gold_gain":0,"player_choice":"Entered Light","damage_taken":16,"max_hp_gain":0,"max_hp_loss":0,"event_name":"Shining Light","floor":2,"gold_loss":0,"cards_upgraded":["Strike_R","Defend_R"]},{"cards_removed":["Strike_R"],"damage_healed":0,"gold_gain":0,"player_choice":"Offered Basic","damage_taken":0,"max_hp_gain":0,"max_hp_loss":0,"event_name":"Bonfire Elementals","floor":3,"gold_loss":0},{"damage_healed":0,"gold_gain":0,"cards_transformed":["Strike_R"],"player_choice":"Transformed","damage_taken":0,"max_hp_gain":0,"max_hp_loss":0,"event_name":"Transmorgrifier","floor":21,"gold_loss":0,"cards_obtained":["Havoc"]},{"damage_healed":0,"gold_gain":0,"player_choice":"Shed Blood","damage_taken":20,"max_hp_gain":5,"max_hp_loss":0,"event_name":"Forgotten Altar","floor":28,"gold_loss":0}],"is_beta":false,"boss_relics":[{"not_picked":["Calling Bell","White Beast Statue"],"picked":"Coffee Dripper"}],"items_purged_floors":[20,30],"is_endless":false,"potions_floor_spawned":[5,7,13,14,19,24],"killed_by":"Champ","ascension_level":12}