{"gold_per_floor":[111,186,186,32,51,51,51,51,104,104,31,42,42,42,42,146,146,160,160,160,93,110,130,142,142,142,155,170,184,199,210,210,308,358,377,44,61,61,161,161,181,216,216,227,227,238,248,266,266,266],"floor_reached":51,"playtime":3509,"items_purged":["Defend_B","Defend_B"],"score":704,"play_id":"8a5e941e-8f93-4f7f-aa9d-f3f929644683","local_time":"20180819165551","is_ascension_mode":true,"campfire_choices":[{"data":"Storm","floor":6,"key":"SMITH"},{"floor":8,"key":"REST"},{"data":"Biased Cognition","floor":10,"key":"SMITH"},{"data":"Zap","floor":13,"key":"SMITH"},{"data":"Dualcast","floor":15,"key":"SMITH"},{"floor":25,"key":"REST"},{"floor":32,"key":"REST"},{"floor":40,"key":"REST"},{"floor":49,"key":"REST"}],"neow_cost":"NONE","seed_source_timestamp":1183829827257446,"circlet_count":0,"master_deck":["Strike_B+1","Strike_B","Defend_B","Zap+1","Dualcast+1","Heatsinks","Coolheaded+1","Storm+1","Biased Cognition+1","Storm","Electrodynamics","Genetic Algorithm","Loop","Loop","Leap+1","Heatsinks","Loop","Creative AI","Static Discharge","Mayhem","Loop","Echo Form","Capacitor","Storm+1"],"relics":["Cracked Core","Pen Nib","Fusion Hammer","Mummified Hand","Calipers","Tiny House","Anchor"],"potions_floor_usage":[33,33,47,50],"damage_taken":[{"damage":2,"enemies":"2 Louse","floor":1,"turns":3},{"damage":6,"enemies":"Jaw Worm","floor":5,"turns":4},{"damage":6,"enemies":"Small Slimes","floor":12,"turns":2},{"damage":31,"enemies":"The Guardian","floor":16,"turns":9},{"damage":3,"enemies":"Spheric Guardian","floor":18,"turns":3},{"damage":15,"enemies":"3 Byrds","floor":22,"turns":3},{"damage":0,"enemies":"Centurion and Healer","floor":23,"turns":2},{"damage":10,"enemies":"Cultist and Chosen","floor":24,"turns":2},{"damage":5,"enemies":"Chosen and Byrds","floor":27,"turns":3},{"damage":0,"enemies":"Snake Plant","floor":28,"turns":2},{"damage":0,"enemies":"Snecko","floor":29,"turns":2},{"damage":7,"enemies":"Centurion and Healer","floor":30,"turns":2},{"damage":5,"enemies":"Shelled Parasite and Fungi","floor":31,"turns":2},{"damage":9,"enemies":"Champ","floor":33,"turns":5},{"damage":0,"enemies":"Orb Walker","floor":35,"turns":2},{"damage":0,"enemies":"3 Shapes","floor":37,"turns":1},{"damage":0,"enemies":"Spire Growth","floor":41,"turns":2},{"damage":21,"enemies":"2 Orb Walkers","floor":42,"turns":3},{"damage":0,"enemies":"Transient","floor":44,"turns":5},{"damage":0,"enemies":"Maw","floor":46,"turns":3},{"damage":0,"enemies":"3 Darklings","floor":47,"turns":2},{"damage":0,"enemies":"Sphere and 2 Shapes","floor":48,"turns":3},{"damage":3,"enemies":"Time Eater","floor":50,"turns":3}],"seed_played":"-7596055680173584101","potions_obtained":[{"floor":5,"key":"SneckoOil"},{"floor":16,"key":"FocusPotion"},{"floor":22,"key":"FearPotion"},{"floor":29,"key":"SpeedPotion"},{"floor":30,"key":"Explosive Potion"},{"floor":34,"key":"GamblersBrew"},{"floor":41,"key":"Fire Potion"},{"floor":42,"key":"Block Potion"},{"floor":48,"key":"EssenceOfSteel"}],"is_trial":false,"path_per_floor":["M","?","?","$","M","R","?","R","T","R","$","M","R","$","R","B",null,"M","?","?","$","M","M","M","R","T","M","M","M","M","M","R","B",null,"M","$","M","?","?","R","M","E","T","M","?","M","M","M","R","B"],"character_chosen":"DEFECT","items_purchased":["Storm","Storm","Loop","Mayhem","Loop"],"campfire_rested":5,"item_purchase_floors":[4,11,21,36,36],"current_hp_per_floor":[73,62,55,55,49,49,34,56,56,56,56,50,50,50,50,19,75,72,72,72,72,57,57,47,69,69,64,64,64,57,52,74,65,80,80,80,80,80,80,80,80,59,59,59,59,59,59,59,80,77],"gold":266,"neow_bonus":"TRANSFORM_CARD","is_prod":false,"is_daily":false,"chose_seed":false,"campfire_upgraded":4,"win_rate":0,"timestamp":1534715751,"path_taken":["M","?","?","$","?","R","?","R","T","R","$","M","R","?","R","BOSS","M","?","?","$","M","M","M","R","T","M","M","M","M","M","R","BOSS","M","$","?","?","?","R","M","E","T","?","?","M","M","M","R","BOSS"],"build_version":"2018-08-16","purchased_purges":2,"victory":true,"max_hp_per_floor":[75,75,75,75,75,75,75,75,75,75,75,75,75,75,75,75,75,75,75,75,75,75,75,75,75,75,75,75,75,75,75,75,75,80,80,80,80,80,80,80,80,80,80,80,80,80,80,80,80,80],"card_choices":[{"not_picked":["Ball Lightning","Leap"],"picked":"Coolheaded","floor":1},{"not_picked":["Steam","Tempest"],"picked":"Biased Cognition","floor":5},{"not_picked":["Compile Driver","Turbo","Leap"],"picked":"SKIP","floor":12},{"not_picked":["Fission","Seek"],"picked":"Electrodynamics","floor":16},{"not_picked":["Fusion","Leap"],"picked":"Genetic Algorithm","floor":18},{"not_picked":["Barrage","Beam Cell"],"picked":"Loop","floor":22},{"not_picked":["Redo","Compile Driver","Conserve Battery"],"picked":"SKIP","floor":23},{"not_picked":["Darkness+1","Doom and Gloom"],"picked":"Leap+1","floor":24},{"not_picked":["Tempest","Double Energy","Skim"],"picked":"SKIP","floor":27},{"not_picked":["Conserve Battery+1","Hologram"],"picked":"Heatsinks","floor":28},{"not_picked":["Fusion","Barrage","Double Energy"],"picked":"SKIP","floor":29},{"not_picked":["Sweeping Beam","Coolheaded","Recycle"],"picked":"SKIP","floor":30},{"not_picked":["Streamline+1","Electrodynamics"],"picked":"Loop","floor":31},{"not_picked":["Hyperbeam","Machine Learning"],"picked":"Creative AI","floor":33},{"not_picked":["Beam Cell","Double Energy"],"picked":"Static Discharge","floor":34},{"not_picked":["Streamline+1","Stack","BootSequence+1"],"picked":"SKIP","floor":35},{"not_picked":["Melter+1","Steam+1","Turbo"],"picked":"SKIP","floor":37},{"not_picked":["Sunder+1","Steam Power","Reprogram"],"picked":"SKIP","floor":41},{"not_picked":["Ball Lightning","Stack+1"],"picked":"Echo Form","floor":42},{"not_picked":["Conserve Battery+1","Steam+1"],"picked":"Capacitor","floor":44},{"not_picked":["Double Energy","Cold Snap","Compile Driver"],"picked":"SKIP","floor":46},{"not_picked":["Ball Lightning+1","Go for the Eyes+1","Genetic Algorithm+1"],"picked":"SKIP","floor":47},{"not_picked":["Undo","Stack"],"picked":"Storm+1","floor":48}],"player_experience":144954,"relics_obtained":[{"floor":9,"key":"Pen Nib"},{"floor":26,"key":"Calipers"},{"floor":42,"key":"Anchor"}],"event_choices":[{"event_name":"World of Goop","player_choice":"Gather Gold","floor":2,"damage_taken":0},{"event_name":"Golden Wing","player_choice":"Card Removal","floor":3,"damage_taken":0},{"event_name":"Shining Light","player_choice":"Entered Light","floor":7,"damage_taken":0},{"event_name":"Drug Dealer","player_choice":"Ignored","floor":19,"damage_taken":0},{"event_name":"The Mausoleum","player_choice":"Yes","floor":20,"damage_taken":0},{"event_name":"Accursed Blacksmith","player_choice":"Ignore","floor":38,"damage_taken":0},{"event_name":"Golden Shrine","player_choice":"Pray","floor":39,"damage_taken":0},{"event_name":"Falling","player_choice":"Removed Attack","floor":45,"damage_taken":0}],"is_beta":false,"boss_relics":[{"not_picked":["Black Star","Eternal Feather"],"picked":"Fusion Hammer"},{"not_picked":["FrozenCore","Coffee Dripper"],"picked":"Tiny House"}],"items_purged_floors":[4,36],"is_endless":false,"potions_floor_spawned":[5,16,22,29,30,31,41,42,44,48],"ascension_level":1}