{"gold_per_floor":[114,39,56,34,34,65,65,65,65,65,85,100,125,135,135,135],"floor_reached":16,"playtime":375,"items_purged":["Strike_R"],"score":149,"play_id":"ace90bcb-2449-40cb-9fbd-ea431be5c197","local_time":"20181111211957","is_ascension_mode":true,"campfire_choices":[{"data":"Rampage","floor":7,"key":"SMITH"},{"data":"Intimidate","floor":10,"key":"SMITH"},{"data":"Burning Pact","floor":15,"key":"SMITH"}],"neow_cost":"TEN_PERCENT_HP_LOSS","seed_source_timestamp":184761606764643,"circlet_count":0,"master_deck":["Strike_R","Strike_R","Strike_R","Defend_R","Defend_R","Defend_R","Defend_R","Bash","Double Tap","Rampage+1","Shrug It Off","Clothesline","Intimidate+1","Hemokinesis","Burning Pact+1","Warcry"],"relics":["Burning Blood","Torii","Du-Vu Doll","Self Forming Clay","Toxic Egg 2"],"potions_floor_usage":[16,16],"damage_taken":[{"damage":7,"enemies":"2 Louse","floor":1,"turns":4},{"damage":9,"enemies":"Jaw Worm","floor":3,"turns":3},{"damage":29,"enemies":"Gremlin Nob","floor":6,"turns":4},{"damage":0,"enemies":"Cultist","floor":11,"turns":2},{"damage":2,"enemies":"2 Fungi Beasts","floor":12,"turns":3},{"damage":11,"enemies":"3 Sentries","floor":13,"turns":9},{"damage":2,"enemies":"Blue Slaver","floor":14,"turns":4},{"damage":47,"enemies":"Slime Boss","floor":16,"turns":8}],"seed_played":"7974832477112790877","potions_obtained":[{"floor":1,"key":"Dexterity Potion"},{"floor":12,"key":"Strength Potion"},{"floor":13,"key":"SteroidPotion"}],"is_trial":false,"path_per_floor":["M","$","M","$","?","E","R","?","T","R","M","M","E","M","R","B"],"character_chosen":"IRONCLAD","items_purchased":["Clothesline"],"campfire_rested":0,"item_purchase_floors":[4],"current_hp_per_floor":[71,71,68,68,61,38,38,38,38,38,44,48,43,47,47,0],"gold":135,"neow_bonus":"THREE_RARE_CARDS","is_prod":false,"is_daily":false,"chose_seed":false,"campfire_upgraded":3,"win_rate":0,"timestamp":1541971197,"path_taken":["M","$","M","$","?","E","R","?","T","R","M","?","E","M","R","BOSS"],"build_version":"2018-11-08","purchased_purges":1,"victory":false,"max_hp_per_floor":[72,72,72,72,72,72,72,72,72,72,72,72,72,72,72,72],"card_choices":[{"not_picked":["Berserk","Barricade"],"picked":"Double Tap","floor":0},{"not_picked":["Thunderclap","Clothesline"],"picked":"Rampage","floor":1},{"not_picked":["Blood for Blood","Perfected Strike"],"picked":"Shrug It Off","floor":3},{"not_picked":["Corruption","Ghostly Armor"],"picked":"Intimidate","floor":6},{"not_picked":["Havoc","Limit Break"],"picked":"Burning Pact","floor":11},{"not_picked":["Feel No Pain","Iron Wave"],"picked":"Warcry","floor":12},{"not_picked":["Body Slam","Sword Boomerang","Bloodletting"],"picked":"SKIP","floor":13},{"not_picked":["Thunderclap","Infernal Blade+1","Iron Wave"],"picked":"SKIP","floor":14}],"player_experience":145321,"relics_obtained":[{"floor":6,"key":"Du-Vu Doll"},{"floor":9,"key":"Self Forming Clay"},{"floor":13,"key":"Toxic Egg 2"}],"event_choices":[{"damage_healed":0,"gold_gain":0,"player_choice":"Success","damage_taken":7,"relics_obtained":["Torii"],"max_hp_gain":0,"max_hp_loss":0,"event_name":"Scrap Ooze","floor":5,"gold_loss":0},{"damage_healed":0,"gold_gain":0,"cards_transformed":["Strike_R"],"player_choice":"Transformed","damage_taken":0,"max_hp_gain":0,"max_hp_loss":0,"event_name":"Transmorgrifier","floor":8,"gold_loss":0,"cards_obtained":["Hemokinesis"]}],"is_beta":false,"boss_relics":[],"items_purged_floors":[2],"is_endless":false,"potions_floor_spawned":[1,12,13,14],"killed_by":"Slime Boss","ascension_level":7}