{"gold_per_floor":[113,128,128,142,32,32,32,45,70,70,70,70,44,71,71,149,149,169,119,132,151,151,151,162,162],"floor_reached":25,"playtime":1566,"items_purged":[],"score":382,"play_id":"cdac44b1-520c-491b-9f30-0b0130efea5d","local_time":"20190121121530","is_ascension_mode":true,"campfire_choices":[{"data":"Shockwave","floor":6,"key":"SMITH"},{"data":"Inflame","floor":10,"key":"SMITH"},{"data":"Bash","floor":12,"key":"SMITH"},{"data":"Shrug It Off","floor":15,"key":"SMITH"},{"data":"Demon Form","floor":23,"key":"SMITH"}],"neow_cost":"NONE","seed_source_timestamp":930407331148625,"circlet_count":0,"master_deck":["AscendersBane","Strike_R","Strike_R","Strike_R","Strike_R","Defend_R","Defend_R","Defend_R","Defend_R","Bash+1","Inflame+1","Shrug It Off+1","Shockwave+1","Shrug It Off","Shrug It Off","Demon Form+1","Inflame","Clothesline+1"],"relics":["Burning Blood","Smiling Mask","Anchor","Ornamental Fan","Busted Crown"],"potions_floor_usage":[5,14,16,20,21,25],"damage_taken":[{"damage":1,"enemies":"Cultist","floor":1,"turns":3},{"damage":4,"enemies":"2 Louse","floor":2,"turns":4},{"damage":11,"enemies":"Small Slimes","floor":4,"turns":4},{"damage":7,"enemies":"Blue Slaver","floor":8,"turns":5},{"damage":15,"enemies":"Lagavulin","floor":14,"turns":6},{"damage":56,"enemies":"The Guardian","floor":16,"turns":15},{"damage":29,"enemies":"Spheric Guardian","floor":18,"turns":6},{"damage":13,"enemies":"Shell Parasite","floor":20,"turns":7},{"damage":7,"enemies":"Shelled Parasite and Fungi","floor":21,"turns":5},{"damage":31,"enemies":"Cultist and Chosen","floor":24,"turns":8},{"damage":16,"enemies":"Gremlin Leader","floor":25,"turns":2}],"seed_played":"-2228475341134521646","potions_obtained":[{"floor":1,"key":"SteroidPotion"},{"floor":8,"key":"EssenceOfSteel"},{"floor":16,"key":"Weak Potion"},{"floor":20,"key":"AttackPotion"},{"floor":24,"key":"Strength Potion"}],"is_trial":false,"path_per_floor":["M","M","?","M","$","R","?","M","T","R","?","R","$","E","R","B",null,"M","?","M","M","?","R","M","E"],"character_chosen":"IRONCLAD","items_purchased":["Fruit Juice","Shrug It Off"],"campfire_rested":0,"item_purchase_floors":[5,13],"current_hp_per_floor":[73,75,75,70,75,75,64,63,63,63,68,68,68,59,59,9,66,43,43,36,35,35,35,10,0],"gold":162,"neow_bonus":"TRANSFORM_CARD","is_prod":false,"is_daily":false,"chose_seed":false,"campfire_upgraded":5,"win_rate":0,"timestamp":1548101730,"path_taken":["M","M","?","M","$","R","?","M","T","R","?","R","?","E","R","BOSS","M","?","?","M","?","R","M","E"],"build_version":"2019-01-17v2","purchased_purges":0,"victory":false,"max_hp_per_floor":[75,75,75,75,80,80,80,80,80,80,85,85,85,85,85,85,85,85,85,85,85,85,85,85,85],"card_choices":[{"not_picked":["Feel No Pain","Clash","Seeing Red"],"picked":"SKIP","floor":1},{"not_picked":["Rage","Anger"],"picked":"Shrug It Off","floor":2},{"not_picked":["Clothesline","Sword Boomerang"],"picked":"Shockwave","floor":4},{"not_picked":["Pommel Strike","Headbutt","Rage"],"picked":"SKIP","floor":8},{"not_picked":["Searing Blow","Combust"],"picked":"Shrug It Off","floor":14},{"not_picked":["Reaper","Double Tap"],"picked":"Demon Form","floor":16},{"not_picked":["Cleave"],"picked":"SKIP","floor":18},{"not_picked":[],"picked":"Inflame","floor":20},{"not_picked":["Twin Strike"],"picked":"SKIP","floor":21},{"not_picked":[],"picked":"Clothesline+1","floor":24}],"player_experience":446955,"relics_obtained":[{"floor":9,"key":"Anchor"},{"floor":14,"key":"Ornamental Fan"}],"event_choices":[{"damage_healed":0,"gold_gain":0,"player_choice":"Leave","damage_taken":0,"max_hp_gain":0,"max_hp_loss":0,"event_name":"The Cleric","floor":3,"gold_loss":0},{"damage_healed":0,"gold_gain":0,"player_choice":"Success","damage_taken":11,"relics_obtained":["Smiling Mask"],"max_hp_gain":0,"max_hp_loss":0,"event_name":"Scrap Ooze","floor":7,"gold_loss":0},{"damage_healed":0,"gold_gain":0,"player_choice":"Donut","damage_taken":0,"max_hp_gain":5,"max_hp_loss":0,"event_name":"Big Fish","floor":11,"gold_loss":0},{"damage_healed":0,"gold_gain":0,"player_choice":"Bet on Murderer","damage_taken":0,"max_hp_gain":0,"max_hp_loss":0,"event_name":"The Joust","floor":19,"gold_loss":50},{"damage_healed":0,"gold_gain":0,"player_choice":"Ignored","damage_taken":0,"max_hp_gain":0,"max_hp_loss":0,"event_name":"Ghosts","floor":22,"gold_loss":0}],"is_beta":false,"boss_relics":[{"not_picked":["Black Blood","Philosopher\u0027s Stone"],"picked":"Busted Crown"}],"items_purged_floors":[],"is_endless":false,"potions_floor_spawned":[1,8,16,20,24],"killed_by":"Gremlin Leader","ascension_level":18}