{"gold_per_floor":[368,379,399,417,50,50,66,66,66,97,97,111,144,162,162,264,264,276,294,29,47,63,63,63,63,138,170,185,185,198,209,209,312,312,323,323,336,436,481,507,507,1,50,50,50,50,50,61,61,61],"floor_reached":51,"playtime":3738,"items_purged":["Strike_B"],"score":1239,"play_id":"3c9bf097-c299-454f-be1f-1dfc51f48f48","local_time":"20190201170752","is_ascension_mode":true,"campfire_choices":[{"data":"Zap","floor":6.0,"key":"SMITH"},{"data":"Dualcast","floor":8.0,"key":"SMITH"},{"data":"Machine Learning","floor":11.0,"key":"SMITH"},{"data":"Streamline","floor":15.0,"key":"SMITH"},{"data":"Defragment","floor":23,"key":"SMITH"},{"data":"Storm","floor":25,"key":"SMITH"},{"data":"Loop","floor":29,"key":"SMITH"},{"data":"Coolheaded","floor":32,"key":"SMITH"},{"data":"Creative AI","floor":41,"key":"SMITH"},{"data":"1","floor":44,"key":"LIFT"},{"data":"2","floor":46,"key":"LIFT"},{"data":"3","floor":49,"key":"LIFT"}],"neow_cost":"TEN_PERCENT_HP_LOSS","seed_source_timestamp":0,"circlet_count":0,"master_deck":["AscendersBane","Strike_B+1","Strike_B+1","Strike_B","Defend_B","Defend_B","Defend_B+1","Zap+1","Dualcast+1","Cold Snap","FTL","Cold Snap","Conserve Battery","Machine Learning+1","Chill","Storm+1","Leap","Loop+1","Glacier","Streamline+1","Electrodynamics","Coolheaded+1","Glacier+1","Defragment+1","Ball Lightning","Genetic Algorithm","Creative AI+1","Reinforced Body+1","Self Repair","White Noise+1","BootSequence","Defragment+1","Consume+1"],"special_seed":0,"relics":["Cracked Core","Bag of Marbles","Blue Candle","DataDisk","FossilizedHelix","Coffee Dripper","ClockworkSouvenir","Omamori","Bottled Tornado","Dream Catcher","Cursed Key","Girya","Pocketwatch","Lantern","Bag of Preparation","DollysMirror","War Paint","Whetstone"],"potions_floor_usage":[33,33,39,40],"damage_taken":[{"damage":1.0,"enemies":"Cultist","floor":1.0,"turns":3.0},{"damage":2.0,"enemies":"2 Louse","floor":2.0,"turns":2.0},{"damage":2.0,"enemies":"Small Slimes","floor":3.0,"turns":3.0},{"damage":6.0,"enemies":"Looter","floor":4.0,"turns":3.0},{"damage":0.0,"enemies":"2 Fungi Beasts","floor":7.0,"turns":3.0},{"damage":6.0,"enemies":"Lagavulin","floor":10.0,"turns":5.0},{"damage":10.0,"enemies":"Large Slime","floor":12.0,"turns":5.0},{"damage":0.0,"enemies":"3 Sentries","floor":13.0,"turns":10.0},{"damage":6.0,"enemies":"Lots of Slimes","floor":14.0,"turns":6.0},{"damage":0.0,"enemies":"The Guardian","floor":16.0,"turns":11.0},{"damage":0,"enemies":"Spheric Guardian","floor":18,"turns":3},{"damage":0,"enemies":"Shell Parasite","floor":19,"turns":5},{"damage":0,"enemies":"Cultist and Chosen","floor":21,"turns":5},{"damage":0,"enemies":"Chosen and Byrds","floor":22,"turns":5},{"damage":21,"enemies":"Slavers","floor":27,"turns":2},{"damage":6,"enemies":"Shelled Parasite and Fungi","floor":28,"turns":3},{"damage":0,"enemies":"Snecko","floor":30,"turns":4},{"damage":9,"enemies":"Centurion and Healer","floor":31,"turns":5},{"damage":1,"enemies":"Champ","floor":33,"turns":9},{"damage":11,"enemies":"3 Darklings","floor":35,"turns":2},{"damage":0,"enemies":"Orb Walker","floor":37,"turns":2},{"damage":0,"enemies":"Mind Bloom Boss Battle","floor":38,"turns":6},{"damage":0,"enemies":"2 Orb Walkers","floor":39,"turns":5},{"damage":0,"enemies":"Nemesis","floor":40,"turns":5},{"damage":0,"enemies":"Spire Growth","floor":48,"turns":4},{"damage":24,"enemies":"Awakened One","floor":50,"turns":10}],"seed_played":"2799982330993066966","potions_obtained":[{"floor":1.0,"key":"FearPotion"},{"floor":4.0,"key":"Block Potion"},{"floor":13.0,"key":"Regen Potion"},{"floor":21,"key":"Energy Potion"},{"floor":27,"key":"SteroidPotion"},{"floor":28,"key":"FearPotion"},{"floor":31,"key":"FocusPotion"},{"floor":35,"key":"FocusPotion"},{"floor":39,"key":"SpeedPotion"},{"floor":48,"key":"GamblersBrew"}],"is_trial":false,"path_per_floor":["M","M","M","M","$","R","M","R","T","E","R","M","E","M","R","B",null,"M","M","$","M","M","R","T","R","T","E","M","R","M","M","R","B",null,"M","?","M","?","?","E","R","$","T","R","?","R","$","M","R","B",null],"character_chosen":"DEFECT","items_purchased":["Machine Learning","Bag of Marbles","Chill","Defragment","ClockworkSouvenir","Bag of Preparation","DollysMirror","War Paint"],"campfire_rested":0,"item_purchase_floors":[5,5,5,20,20,42,42,42],"current_hp_per_floor":[67,65,63,57,57,57,57,57,57,51,51,41,41,50,50,50,64,64,64,64,64,64,64,64,64,64,43,37,37,37,28,28,27,58,47,47,47,47,47,54,54,54,54,54,54,54,54,61,61,37],"gold":61,"neow_bonus":"TWO_FIFTY_GOLD","is_prod":false,"is_daily":false,"chose_seed":false,"campfire_upgraded":9,"win_rate":0,"timestamp":1549069672,"path_taken":["M","M","M","M","$","R","M","R","T","E","R","M","E","M","R","BOSS","M","?","$","?","M","R","?","R","T","E","M","R","M","M","R","BOSS","M","?","M","?","?","E","R","?","T","R","?","R","?","M","R","BOSS"],"build_version":"2019-01-23","purchased_purges":1,"victory":true,"max_hp_per_floor":[68,68,68,68,68,68,68,68,68,68,68,68,68,68,68,68,68,68,68,68,68,68,68,68,68,68,68,68,68,68,68,68,68,68,68,68,68,68,68,68,68,68,68,68,68,68,68,68,68,68],"card_choices":[{"not_picked":["Undo","Chaos"],"picked":"Cold Snap","floor":1.0},{"not_picked":["Rebound","Darkness"],"picked":"FTL","floor":2.0},{"not_picked":["Skim","Hologram"],"picked":"Cold Snap","floor":3.0},{"not_picked":["Stack","Recycle"],"picked":"Conserve Battery","floor":4.0},{"not_picked":["Recycle","Compile Driver"],"picked":"Storm","floor":7.0},{"not_picked":["Barrage","Sweeping Beam"],"picked":"Leap","floor":10.0},{"not_picked":["Streamline","Ball Lightning"],"picked":"Loop","floor":12.0},{"not_picked":["Barrage","Coolheaded"],"picked":"Glacier","floor":13.0},{"not_picked":["Coolheaded","Sweeping Beam"],"picked":"Streamline","floor":14.0},{"not_picked":["Reboot","Meteor Strike"],"picked":"Electrodynamics","floor":16.0},{"not_picked":["Go for the Eyes","Turbo"],"picked":"Coolheaded","floor":18},{"not_picked":["Coolheaded","Static Discharge+1"],"picked":"Glacier","floor":19},{"not_picked":["Heatsinks","Leap","Gash"],"picked":"SKIP","floor":21},{"not_picked":["Go for the Eyes","Leap","Steam"],"picked":"SKIP","floor":22},{"not_picked":["Sweeping Beam","Thunder Strike"],"picked":"Ball Lightning","floor":27},{"not_picked":["Steam","Double Energy","Chaos"],"picked":"SKIP","floor":28},{"not_picked":["Coolheaded","Sunder","Fusion+1"],"picked":"SKIP","floor":30},{"not_picked":["Turbo","Beam Cell"],"picked":"Genetic Algorithm","floor":31},{"not_picked":["Fission","Seek"],"picked":"Creative AI","floor":33},{"not_picked":["Undo","Consume"],"picked":"Reinforced Body+1","floor":35},{"not_picked":["Cold Snap","Leap","Reprogram+1"],"picked":"SKIP","floor":37},{"not_picked":["Stack","Redo"],"picked":"Self Repair","floor":38},{"not_picked":["Coolheaded","Cold Snap"],"picked":"White Noise+1","floor":39},{"not_picked":["Compile Driver","Hello World"],"picked":"BootSequence","floor":40},{"not_picked":["Double Energy","Beam Cell"],"picked":"Consume+1","floor":48}],"player_experience":578795,"relics_obtained":[{"floor":9.0,"key":"Blue Candle"},{"floor":10.0,"key":"DataDisk"},{"floor":13.0,"key":"FossilizedHelix"},{"floor":24,"key":"Omamori"},{"floor":26,"key":"Bottled Tornado"},{"floor":27,"key":"Dream Catcher"},{"floor":38,"key":"Girya"},{"floor":39,"key":"Pocketwatch"},{"floor":40,"key":"Lantern"},{"floor":43,"key":"Whetstone"}],"event_choices":[{"damage_healed":0,"gold_gain":0,"player_choice":"Ignored","damage_taken":0,"max_hp_gain":0,"max_hp_loss":0,"event_name":"Tomb of Lord Red Mask","floor":36,"gold_loss":0},{"damage_healed":0,"gold_gain":0,"player_choice":"Fight","damage_taken":0,"max_hp_gain":0,"max_hp_loss":0,"event_name":"MindBloom","floor":38,"gold_loss":0},{"damage_healed":0,"gold_gain":0,"player_choice":"Fight","damage_taken":0,"max_hp_gain":0,"max_hp_loss":0,"event_name":"Mysterious Sphere","floor":39,"gold_loss":0},{"cards_removed":["Defend_B"],"damage_healed":0,"gold_gain":0,"player_choice":"Removed Skill","damage_taken":0,"max_hp_gain":0,"max_hp_loss":0,"event_name":"Falling","floor":45,"gold_loss":0}],"is_beta":false,"boss_relics":[{"not_picked":["Runic Dome","Nuclear Battery"],"picked":"Coffee Dripper"},{"not_picked":["Runic Pyramid","FrozenCore"],"picked":"Cursed Key"}],"items_purged_floors":[5],"is_endless":false,"potions_floor_spawned":[1,4,7,13,21,27,28,31,35,39,48],"ascension_level":12}