{"gold_per_floor":[365,365,385,118,135,135,163,163,163,194,205,205,205,221,221,319,319,329,22,39,0,12,12,28,57,57,77,89,104,104,122,122,122],"floor_reached":33,"playtime":1789,"items_purged":["Parasite"],"score":436,"play_id":"3c5eb862-a164-41b1-aa01-a08a8e572970","local_time":"20180913233515","is_ascension_mode":true,"campfire_choices":[{"data":"Dark Embrace","floor":6,"key":"SMITH"},{"floor":8,"key":"REST"},{"floor":13,"key":"REST"},{"data":"Body Slam","floor":15,"key":"SMITH"},{"data":"Juggernaut","floor":30,"key":"SMITH"},{"data":"Demon Form","floor":32,"key":"SMITH"}],"neow_cost":"CURSE","seed_source_timestamp":1296513654839847,"circlet_count":0,"master_deck":["Strike_R","Strike_R","Strike_R","Strike_R","Strike_R","Defend_R+1","Defend_R","Defend_R","Defend_R","Bash","AscendersBane","Iron Wave","Cleave","Dark Embrace+1","Entrench+1","Body Slam+1","Perfected Strike","Disarm","Anger","Ghostly Armor","Juggernaut+1","Seeing Red","Shockwave","Havoc+1","Demon Form+1","Intimidate+1","Havoc","Havoc","Metallicize","Ghostly Armor"],"relics":["Burning Blood","Ginger","Charon\u0027s Ashes","Mummified Hand","Coffee Dripper","MealTicket","Peace Pipe","Dream Catcher"],"potions_floor_usage":[16,16,22,27,31,33,33],"damage_taken":[{"damage":6,"enemies":"Cultist","floor":1,"turns":4},{"damage":0,"enemies":"2 Louse","floor":3,"turns":3},{"damage":8,"enemies":"Small Slimes","floor":5,"turns":4},{"damage":40,"enemies":"Gremlin Nob","floor":7,"turns":5},{"damage":30,"enemies":"3 Sentries","floor":10,"turns":8},{"damage":1,"enemies":"Exordium Wildlife","floor":11,"turns":2},{"damage":13,"enemies":"2 Fungi Beasts","floor":14,"turns":4},{"damage":50,"enemies":"Slime Boss","floor":16,"turns":11},{"damage":3,"enemies":"Chosen","floor":18,"turns":4},{"damage":8,"enemies":"3 Byrds","floor":20,"turns":6},{"damage":11,"enemies":"3 Cultists","floor":22,"turns":4},{"damage":30,"enemies":"Snecko","floor":24,"turns":5},{"damage":13,"enemies":"Book of Stabbing","floor":25,"turns":5},{"damage":20,"enemies":"Snake Plant","floor":27,"turns":4},{"damage":17,"enemies":"Shelled Parasite and Fungi","floor":28,"turns":4},{"damage":4,"enemies":"Centurion and Healer","floor":29,"turns":5},{"damage":3,"enemies":"Snake Plant","floor":31,"turns":4},{"damage":17,"enemies":"Automaton","floor":33,"turns":4}],"seed_played":"-5577257473459771167","potions_obtained":[{"floor":3,"key":"PowerPotion"},{"floor":7,"key":"SteroidPotion"},{"floor":14,"key":"EssenceOfSteel"},{"floor":18,"key":"SpeedPotion"},{"floor":20,"key":"Fire Potion"},{"floor":22,"key":"LiquidBronze"},{"floor":29,"key":"GamblersBrew"},{"floor":31,"key":"Weak Potion"}],"is_trial":false,"path_per_floor":["M","?","M","$","M","R","E","R","T","E","M","?","R","M","R","B",null,"M","$","M","?","M","$","M","E","T","M","M","M","R","M","R"],"character_chosen":"IRONCLAD","items_purchased":["Dark Embrace","Entrench","Body Slam","MealTicket","Seeing Red","Shockwave"],"campfire_rested":2,"item_purchase_floors":[4,4,4,19,19,19],"current_hp_per_floor":[72,77,83,82,80,80,46,70,70,46,51,35,59,52,52,8,64,67,67,65,65,60,67,43,36,36,22,11,13,13,16,16,0],"gold":122,"neow_bonus":"TWO_FIFTY_GOLD","is_prod":false,"is_daily":false,"chose_seed":false,"campfire_upgraded":4,"win_rate":0,"timestamp":1536899715,"path_taken":["M","?","M","$","?","R","E","R","T","E","M","?","R","M","R","BOSS","M","$","M","?","M","$","?","E","T","?","?","M","R","M","R","BOSS"],"build_version":"2018-09-06","purchased_purges":1,"victory":false,"max_hp_per_floor":[80,85,85,82,82,82,82,82,82,82,82,82,82,82,82,82,82,82,82,82,82,82,82,82,82,82,82,82,82,82,82,82,82],"card_choices":[{"not_picked":["Heavy Blade","Armaments"],"picked":"Iron Wave","floor":1},{"not_picked":["Headbutt","Havoc"],"picked":"Cleave","floor":3},{"not_picked":["Shrug It Off","Sentinel"],"picked":"Perfected Strike","floor":5},{"not_picked":["Cleave","Thunderclap","Wild Strike"],"picked":"SKIP","floor":7},{"not_picked":["Heavy Blade","Spot Weakness"],"picked":"Disarm","floor":10},{"not_picked":["Armaments","Clothesline"],"picked":"Anger","floor":11},{"not_picked":["Body Slam","Heavy Blade"],"picked":"Ghostly Armor","floor":14},{"not_picked":["Berserk","Bludgeon"],"picked":"Juggernaut","floor":16},{"not_picked":["Blood for Blood","Clothesline+1","Sword Boomerang"],"picked":"SKIP","floor":18},{"not_picked":["Flex","Cleave"],"picked":"Havoc+1","floor":20},{"not_picked":["Clash","Twin Strike","Flex"],"picked":"SKIP","floor":22},{"not_picked":["Inflame+1","Armaments"],"picked":"Demon Form","floor":24},{"not_picked":["Infernal Blade+1","Heavy Blade"],"picked":"Intimidate+1","floor":25},{"not_picked":["Searing Blow","Anger"],"picked":"Havoc","floor":27},{"not_picked":["Anger","Clash"],"picked":"Havoc","floor":28},{"not_picked":["Perfected Strike","Uppercut"],"picked":"Metallicize","floor":29},{"not_picked":["Cleave","Sever Soul"],"picked":"Ghostly Armor","floor":31}],"player_experience":328289,"relics_obtained":[{"floor":7,"key":"Ginger"},{"floor":9,"key":"Charon\u0027s Ashes"},{"floor":10,"key":"Mummified Hand"},{"floor":25,"key":"Peace Pipe"},{"floor":26,"key":"Dream Catcher"}],"event_choices":[{"event_name":"Big Fish","player_choice":"Donut","floor":2,"damage_taken":0},{"event_name":"Shining Light","player_choice":"Entered Light","floor":12,"damage_taken":0},{"event_name":"Masked Bandits","player_choice":"Paid Fearfully","floor":21,"damage_taken":0}],"is_beta":false,"boss_relics":[{"not_picked":["Astrolabe","Tiny House"],"picked":"Coffee Dripper"}],"items_purged_floors":[4],"is_endless":false,"potions_floor_spawned":[3,7,14,18,20,22,29,31],"killed_by":"Automaton","ascension_level":11}