{"gold_per_floor":[118,128,203,219,235,235,90,90,117,117,136,136,136,86,86,188,188,203,153,169,200,219,219,254,254],"floor_reached":25,"playtime":1392,"items_purged":[],"score":253,"play_id":"137a38e3-2d8e-40b0-ab26-f352c5add42a","local_time":"20180913202039","is_ascension_mode":true,"campfire_choices":[{"data":"Sunder","floor":6,"key":"SMITH"},{"data":"Storm","floor":8,"key":"SMITH"},{"floor":10,"key":"REST"},{"data":"Doom and Gloom","floor":13,"key":"SMITH"},{"data":"Dualcast","floor":15,"key":"SMITH"},{"floor":23,"key":"REST"}],"neow_cost":"","seed_source_timestamp":1285235392558301,"circlet_count":0,"master_deck":["Strike_B","Strike_B","Defend_B","Defend_B","Defend_B","Defend_B","Zap","Dualcast+1","Sunder+1","Storm+1","Conserve Battery","Storm","Doom and Gloom+1","Coolheaded","Seek","Steam+1","Redo","Streamline","Fission"],"relics":["Cracked Core","Ancient Tea Set","Velvet Choker","Red Mask","Art of War"],"potions_floor_usage":[16,16,22,22,24,24],"damage_taken":[{"damage":1,"enemies":"2 Louse","floor":1,"turns":2},{"damage":9,"enemies":"Jaw Worm","floor":2,"turns":3},{"damage":1,"enemies":"Cultist","floor":4,"turns":3},{"damage":0,"enemies":"Large Slime","floor":5,"turns":4},{"damage":0,"enemies":"2 Fungi Beasts","floor":11,"turns":2},{"damage":32,"enemies":"Slime Boss","floor":16,"turns":7},{"damage":39,"enemies":"Shell Parasite","floor":18,"turns":5},{"damage":21,"enemies":"3 Byrds","floor":20,"turns":5},{"damage":7,"enemies":"Masked Bandits","floor":21,"turns":4},{"damage":10,"enemies":"3 Cultists","floor":22,"turns":4},{"damage":31,"enemies":"Slavers","floor":24,"turns":8},{"damage":12,"enemies":"Shelled Parasite and Fungi","floor":25,"turns":2}],"seed_played":"-9077980072641478920","potions_obtained":[{"floor":2,"key":"Regen Potion"},{"floor":4,"key":"PowerPotion"},{"floor":5,"key":"FocusPotion"},{"floor":16,"key":"Fruit Juice"},{"floor":18,"key":"PowerPotion"},{"floor":22,"key":"SkillPotion"}],"is_trial":false,"path_per_floor":["M","M","?","M","M","R","$","R","T","R","M","?","R","?","R","B",null,"M","?","M","?","M","R","E"],"character_chosen":"DEFECT","items_purchased":["Storm","Doom and Gloom"],"campfire_rested":2,"item_purchase_floors":[7,7],"current_hp_per_floor":[74,65,54,53,53,53,53,53,53,75,75,75,75,75,75,48,80,41,41,20,13,15,39,8,0],"gold":254,"neow_bonus":"","is_prod":false,"is_daily":false,"chose_seed":false,"campfire_upgraded":4,"win_rate":0,"timestamp":1536888039,"path_taken":["M","M","?","M","M","R","$","R","T","R","M","?","R","?","R","BOSS","M","?","M","?","M","R","E","M"],"build_version":"2018-09-06","purchased_purges":0,"victory":false,"max_hp_per_floor":[75,75,75,75,75,75,75,75,75,75,75,75,75,75,75,80,80,80,80,80,80,80,80,80,80],"card_choices":[{"not_picked":["Turbo","Stack","Undo"],"picked":"SKIP","floor":1},{"not_picked":["Gash","Turbo"],"picked":"Sunder","floor":2},{"not_picked":["Redo","FTL"],"picked":"Storm","floor":4},{"not_picked":["Sweeping Beam","Coolheaded"],"picked":"Conserve Battery","floor":5},{"not_picked":["Lockon","Barrage"],"picked":"Coolheaded","floor":11},{"not_picked":["Multi-Cast","Amplify"],"picked":"Seek","floor":16},{"not_picked":["Compile Driver+1","Turbo","Sweeping Beam"],"picked":"SKIP","floor":18},{"not_picked":["Hologram","Streamline"],"picked":"Steam+1","floor":20},{"not_picked":["Streamline","Conserve Battery+1"],"picked":"Redo","floor":21},{"not_picked":["Blizzard","Recycle"],"picked":"Streamline","floor":22},{"not_picked":["FTL","Chaos"],"picked":"Fission","floor":24}],"player_experience":317176,"relics_obtained":[{"floor":9,"key":"Ancient Tea Set"},{"floor":21,"key":"Red Mask"},{"floor":24,"key":"Art of War"}],"event_choices":[{"event_name":"World of Goop","player_choice":"Gather Gold","floor":3,"damage_taken":0},{"event_name":"Bonfire Elementals","player_choice":"BASIC","floor":12,"damage_taken":0},{"event_name":"The Cleric","player_choice":"Card Removal","floor":14,"damage_taken":0},{"event_name":"The Joust","player_choice":"Bet on Owner","floor":19,"damage_taken":0},{"event_name":"Masked Bandits","player_choice":"Fought Bandits","floor":21,"damage_taken":0}],"is_beta":false,"boss_relics":[{"not_picked":["White Beast Statue","Lizard Tail"],"picked":"Velvet Choker"}],"items_purged_floors":[],"is_endless":false,"potions_floor_spawned":[2,4,5,16,18,22],"killed_by":"Shelled Parasite and Fungi","ascension_level":4}