{"gold_per_floor":[113,113,38,38,13,13,45,62,89,89,101,101,112,6,6,78,78,90,15,34,34,54,54,54],"floor_reached":24,"playtime":559,"items_purged":["Strike_G"],"score":416,"play_id":"c6484840-0bd0-41fb-8b9f-a7f016999bcd","local_time":"20190121000211","is_ascension_mode":true,"campfire_choices":[{"data":"Dagger Spray","floor":6,"key":"SMITH"},{"data":"Bouncing Flask","floor":10,"key":"SMITH"},{"data":"Sucker Punch","floor":12,"key":"SMITH"},{"data":"Poisoned Stab","floor":15,"key":"SMITH"},{"data":"Backflip","floor":23,"key":"SMITH"}],"neow_cost":"NONE","seed_source_timestamp":40499736374525,"circlet_count":0,"master_deck":["AscendersBane","Defend_G","Defend_G","Defend_G","Defend_G","Defend_G","Strike_G","Strike_G","Strike_G","Survivor","Neutralize","Footwork+1","Dagger Spray+1","Sucker Punch+1","Bouncing Flask+1","PiercingWail","Cloak And Dagger","Poisoned Stab+1","Backflip+1","Corpse Explosion","PiercingWail"],"relics":["Ring of the Snake","NeowsBlessing","Anchor","PreservedInsect","Velvet Choker"],"potions_floor_usage":[16,16],"damage_taken":[{"damage":0,"enemies":"Small Slimes","floor":1,"turns":1},{"damage":0,"enemies":"Gremlin Nob","floor":7,"turns":1},{"damage":0,"enemies":"Jaw Worm","floor":8,"turns":1},{"damage":0,"enemies":"Cultist","floor":11,"turns":3},{"damage":0,"enemies":"3 Louse","floor":13,"turns":3},{"damage":47,"enemies":"Slime Boss","floor":16,"turns":11},{"damage":3,"enemies":"3 Byrds","floor":18,"turns":2},{"damage":16,"enemies":"Chosen","floor":20,"turns":5},{"damage":1,"enemies":"Shelled Parasite and Fungi","floor":22,"turns":6},{"damage":39,"enemies":"Gremlin Leader","floor":24,"turns":6}],"seed_played":"-3667006783331117798","potions_obtained":[{"floor":7,"key":"Fire Potion"},{"floor":11,"key":"SkillPotion"}],"is_trial":false,"path_per_floor":["M","?","?","$","$","R","E","M","T","R","M","R","M","$","R","B",null,"M","$","M","?","M","R","E"],"character_chosen":"THE_SILENT","items_purchased":["Dagger Spray","Poisoned Stab","Backflip"],"campfire_rested":0,"item_purchase_floors":[5,14,14],"current_hp_per_floor":[59,64,64,64,64,64,64,64,64,64,64,64,64,64,64,17,58,55,55,39,39,38,38,0],"gold":54,"neow_bonus":"THREE_ENEMY_KILL","is_prod":false,"is_daily":false,"chose_seed":false,"campfire_upgraded":5,"win_rate":0,"timestamp":1548028931,"path_taken":["M","?","?","?","$","R","E","M","T","R","M","R","M","$","R","BOSS","M","$","M","?","M","R","E"],"build_version":"2019-01-17v2","purchased_purges":1,"victory":false,"max_hp_per_floor":[66,71,71,71,71,71,71,71,71,71,71,71,71,71,71,71,71,71,71,71,71,71,71,71],"card_choices":[{"not_picked":["Backflip","Underhanded Strike"],"picked":"Footwork","floor":1},{"not_picked":["Outmaneuver","Riddle With Holes"],"picked":"Sucker Punch","floor":7},{"not_picked":["Setup","Blade Dance"],"picked":"Bouncing Flask","floor":8},{"not_picked":["Venomology","Tactician"],"picked":"PiercingWail","floor":11},{"not_picked":["Blade Dance","Accuracy"],"picked":"Cloak And Dagger","floor":13},{"not_picked":["Adrenaline","Envenom"],"picked":"Corpse Explosion","floor":16},{"not_picked":["Concentrate","Accuracy"],"picked":"PiercingWail","floor":18},{"not_picked":["Dagger Spray","Slice","Sucker Punch"],"picked":"SKIP","floor":20},{"not_picked":["Slice","Bouncing Flask","Choke"],"picked":"SKIP","floor":22}],"player_experience":410806,"relics_obtained":[{"floor":7,"key":"Anchor"},{"floor":9,"key":"PreservedInsect"}],"event_choices":[{"damage_healed":0,"gold_gain":0,"player_choice":"Donut","damage_taken":0,"max_hp_gain":5,"max_hp_loss":0,"event_name":"Big Fish","floor":2,"gold_loss":0},{"cards_removed":["Strike_G"],"damage_healed":0,"gold_gain":0,"player_choice":"Card Removal","damage_taken":0,"max_hp_gain":0,"max_hp_loss":0,"event_name":"The Cleric","floor":3,"gold_loss":75},{"damage_healed":0,"gold_gain":0,"player_choice":"Forge","damage_taken":0,"max_hp_gain":0,"max_hp_loss":0,"event_name":"Accursed Blacksmith","floor":21,"gold_loss":0,"cards_upgraded":["Footwork"]}],"is_beta":false,"boss_relics":[{"not_picked":["Coffee Dripper","Pandora\u0027s Box"],"picked":"Velvet Choker"}],"items_purged_floors":[19],"is_endless":false,"potions_floor_spawned":[7,11],"killed_by":"Gremlin Leader","ascension_level":18}