{"gold_per_floor":[111,131,131,150,0,31,31,57,57,75,92,107,107,134,134,238,238,256,88,103,119,219,219],"floor_reached":23,"playtime":2730,"items_purged":["Strike_G","Strike_G"],"score":276,"play_id":"a88cb877-f347-4f79-9146-950b926d40cb","local_time":"20190203131034","is_ascension_mode":true,"campfire_choices":[{"floor":7,"key":"REST"},{"floor":13,"key":"REST"},{"data":"Skewer","floor":15,"key":"SMITH"}],"neow_cost":"NONE","seed_source_timestamp":498979681856912,"circlet_count":0,"master_deck":["Defend_G","Defend_G","Defend_G","Defend_G","Strike_G","Strike_G","Strike_G","Survivor","Neutralize","Endless Agony","Predator","Escape Plan","Noxious Fumes","Caltrops","Bouncing Flask","Dash","Skewer+1","Noxious Fumes","Deflect+1","Predator","Phantasmal Killer+1","Bane","Bane","Dodge and Roll+1","Backflip+1","Blur+1","Poisoned Stab+1","Caltrops","Noxious Fumes","Deadly Poison+1"],"relics":["Ring of the Snake","CultistMask","Bird Faced Urn","Toxic Egg 2","Bottled Flame","WingedGreaves","Orrery"],"potions_floor_usage":[6,16,20,23],"damage_taken":[{"damage":0,"enemies":"Small Slimes","floor":1,"turns":2},{"damage":0,"enemies":"Cultist","floor":2,"turns":3},{"damage":0,"enemies":"Jaw Worm","floor":4,"turns":3},{"damage":24,"enemies":"Gremlin Nob","floor":6,"turns":4},{"damage":18,"enemies":"Lagavulin","floor":8,"turns":6},{"damage":12,"enemies":"Gremlin Gang","floor":10,"turns":5},{"damage":0,"enemies":"Looter","floor":11,"turns":4},{"damage":2,"enemies":"Blue Slaver","floor":12,"turns":3},{"damage":32,"enemies":"Gremlin Nob","floor":14,"turns":5},{"damage":0,"enemies":"Slime Boss","floor":16,"turns":9},{"damage":6,"enemies":"Spheric Guardian","floor":18,"turns":4},{"damage":4,"enemies":"3 Byrds","floor":20,"turns":4},{"damage":21,"enemies":"3 Cultists","floor":21,"turns":6},{"damage":55,"enemies":"Gremlin Leader","floor":23,"turns":6}],"seed_played":"-8365064924474528241","potions_obtained":[{"floor":1,"key":"Energy Potion"},{"floor":2,"key":"GhostInAJar"},{"floor":4,"key":"PowerPotion"},{"floor":10,"key":"Dexterity Potion"},{"floor":20,"key":"Weak Potion"}],"is_trial":false,"path_per_floor":["M","M","?","M","$","E","R","E","T","M","M","M","R","E","R","B",null,"M","$","M","M","?","E"],"character_chosen":"THE_SILENT","items_purchased":["Caltrops","Caltrops"],"campfire_rested":2,"item_purchase_floors":[5,19],"current_hp_per_floor":[70,70,70,70,70,46,67,53,53,43,47,47,68,42,42,48,70,66,66,68,49,49,0],"gold":219,"neow_bonus":"TRANSFORM_CARD","is_prod":false,"is_daily":false,"chose_seed":false,"campfire_upgraded":1,"win_rate":0,"timestamp":1549228234,"path_taken":["M","M","?","M","$","E","R","E","T","M","M","M","R","E","R","BOSS","M","$","?","M","?","E"],"build_version":"2019-01-23","purchased_purges":2,"victory":false,"max_hp_per_floor":[70,70,70,70,70,70,70,70,70,70,70,70,70,70,70,70,70,70,70,70,70,70,70],"card_choices":[{"not_picked":["Blade Dance","Riddle With Holes"],"picked":"Predator","floor":1},{"not_picked":["Flying Knee","Poisoned Stab"],"picked":"Escape Plan","floor":2},{"not_picked":["Outmaneuver","Deadly Poison"],"picked":"Noxious Fumes","floor":4},{"not_picked":["Grand Finale","Sucker Punch"],"picked":"Bouncing Flask","floor":6},{"not_picked":["Prepared","Finisher"],"picked":"Dash","floor":8},{"not_picked":["Dagger Spray","Dodge and Roll+1"],"picked":"Skewer","floor":10},{"not_picked":["Poisoned Stab","Dagger Throw"],"picked":"Noxious Fumes","floor":11},{"not_picked":["Outmaneuver+1","Tactician+1"],"picked":"Deflect+1","floor":12},{"not_picked":["Tactician+1","Infinite Blades"],"picked":"Predator","floor":14},{"not_picked":["Doppelganger+1","Unload"],"picked":"Phantasmal Killer+1","floor":16},{"not_picked":["Underhanded Strike","Slice"],"picked":"Bane","floor":17},{"not_picked":["Tools of the Trade","Acrobatics+1"],"picked":"Bane","floor":17},{"not_picked":["Prepared+1","Deflect+1"],"picked":"Dodge and Roll+1","floor":17},{"not_picked":["Acrobatics+1","Accuracy"],"picked":"Backflip+1","floor":17},{"not_picked":["Blade Dance+1","Backflip+1"],"picked":"Blur+1","floor":17},{"not_picked":["Flying Knee","Underhanded Strike"],"picked":"Poisoned Stab+1","floor":18},{"not_picked":["Concentrate+1","Sucker Punch"],"picked":"Noxious Fumes","floor":20},{"not_picked":["Endless Agony","Quick Slash"],"picked":"Deadly Poison+1","floor":21}],"player_experience":422258,"relics_obtained":[{"floor":6,"key":"Bird Faced Urn"},{"floor":8,"key":"Toxic Egg 2"},{"floor":9,"key":"Bottled Flame"},{"floor":14,"key":"WingedGreaves"}],"event_choices":[{"damage_healed":0,"gold_gain":0,"player_choice":"Trade","damage_taken":0,"relics_obtained":["CultistMask"],"max_hp_gain":0,"max_hp_loss":0,"event_name":"FaceTrader","floor":3,"gold_loss":0},{"damage_healed":0,"gold_gain":100,"player_choice":"Pray","damage_taken":0,"max_hp_gain":0,"max_hp_loss":0,"event_name":"Golden Shrine","floor":22,"gold_loss":0}],"is_beta":false,"boss_relics":[{"not_picked":["Busted Crown","WristBlade"],"picked":"Orrery"}],"items_purged_floors":[5,19],"is_endless":false,"potions_floor_spawned":[1,2,4,10,14,20],"killed_by":"Gremlin Leader","ascension_level":1}