{"gold_per_floor":[113,38,38,38,38,82,82,122,148,23,41,41,62,101,101,232,232,232,27,0,0,0,0,0,0,0,0,0,0,0,0,0,0,0,0,0,0,0,0,0,0,0,0,0,0,0,0,0,0,0],"floor_reached":51,"playtime":4345,"items_purged":[],"score":778,"play_id":"e599f9c1-950d-4a54-9312-2147ca2b2f23","local_time":"20190118224538","is_ascension_mode":true,"campfire_choices":[{"data":"Caltrops","floor":12.0,"key":"SMITH"},{"data":"After Image","floor":15.0,"key":"SMITH"},{"data":"Dash","floor":23.0,"key":"SMITH"},{"floor":27.0,"key":"REST"},{"floor":30.0,"key":"REST"},{"data":"Sucker Punch","floor":32.0,"key":"SMITH"},{"data":"Finisher","floor":40.0,"key":"SMITH"},{"floor":42.0,"key":"REST"},{"data":"Backflip","floor":45,"key":"SMITH"},{"data":"Well Laid Plans","floor":49,"key":"SMITH"}],"neow_cost":"NONE","seed_source_timestamp":0,"circlet_count":0,"master_deck":["Defend_G","Defend_G","Defend_G","Defend_G","Strike_G","Strike_G","Strike_G","Strike_G","Strike_G","Survivor","Neutralize+1","Slice","Caltrops+1","Injury","After Image+1","Sucker Punch+1","Flying Knee","Well Laid Plans+1","Backflip+1","Flechettes","Dagger Spray","Storm of Steel","Quick Slash+1","Dash+1","Cloak And Dagger+1","Die Die Die","Corpse Explosion","Finisher+1","Blade Dance+1","Bane+1","Backstab+1","Blade Dance+1","Terror+1","Blur+1"],"special_seed":0,"relics":["Ring of the Snake","NeowsBlessing","Bloody Idol","Pantograph","Paper Crane","Juzu Bracelet","Ancient Tea Set","Ectoplasm","TwistedFunnel","Oddly Smooth Stone","Pen Nib","Mummified Hand","Anchor","Meat on the Bone","Prayer Wheel"],"potions_floor_usage":[50,50,50],"damage_taken":[{"damage":0.0,"enemies":"2 Louse","floor":1.0,"turns":1.0},{"damage":0.0,"enemies":"Lagavulin","floor":6.0,"turns":1.0},{"damage":0.0,"enemies":"3 Sentries","floor":8.0,"turns":1.0},{"damage":0.0,"enemies":"Small Slimes","floor":11.0,"turns":4.0},{"damage":0.0,"enemies":"Jaw Worm","floor":13.0,"turns":4.0},{"damage":1.0,"enemies":"Lagavulin","floor":14.0,"turns":6.0},{"damage":20.0,"enemies":"The Guardian","floor":16.0,"turns":13.0},{"damage":3.0,"enemies":"Chosen","floor":18.0,"turns":6.0},{"damage":12.0,"enemies":"2 Thieves","floor":20.0,"turns":4.0},{"damage":4.0,"enemies":"Snake Plant","floor":22.0,"turns":4.0},{"damage":13.0,"enemies":"Gremlin Leader","floor":24.0,"turns":7.0},{"damage":12.0,"enemies":"Sentry and Sphere","floor":25.0,"turns":6.0},{"damage":34.0,"enemies":"Automaton","floor":33.0,"turns":14.0},{"damage":0.0,"enemies":"Orb Walker","floor":35.0,"turns":4.0},{"damage":0.0,"enemies":"3 Darklings","floor":36.0,"turns":2.0},{"damage":10.0,"enemies":"4 Shapes","floor":37.0,"turns":5.0},{"damage":1.0,"enemies":"Transient","floor":39.0,"turns":5.0},{"damage":18.0,"enemies":"Nemesis","floor":41.0,"turns":8.0},{"damage":19.0,"enemies":"Reptomancer","floor":44.0,"turns":5.0},{"damage":0,"enemies":"3 Darklings","floor":46,"turns":3},{"damage":0,"enemies":"Mind Bloom Boss Battle","floor":47,"turns":2},{"damage":0,"enemies":"4 Shapes","floor":48,"turns":3},{"damage":74,"enemies":"Time Eater","floor":50,"turns":13}],"seed_played":"1192845473574607971","potions_obtained":[{"floor":6.0,"key":"SteroidPotion"},{"floor":11.0,"key":"GhostInAJar"},{"floor":13.0,"key":"Fire Potion"},{"floor":25.0,"key":"GamblersBrew"},{"floor":33.0,"key":"SteroidPotion"},{"floor":39.0,"key":"GhostInAJar"},{"floor":44,"key":"Block Potion"},{"floor":46,"key":"SkillPotion"}],"is_trial":false,"path_per_floor":["M","$","?","?","?","E","?","E","T","$","M","R","M","E","R","B",null,"M","$","M","?","M","R","E","M","T","R","?","?","R","$","R","B",null,"M","M","M","?","M","R","E","R","T","E","R","M","?","M","R","B",null],"character_chosen":"THE_SILENT","items_purchased":["Caltrops","Flying Knee","Well Laid Plans","TwistedFunnel"],"campfire_rested":3,"item_purchase_floors":[2,10,10,19],"current_hp_per_floor":[70,70,70,75,75,75,75,75,75,75,75,75,75,74,74,55,75,72,72,60,60,56,56,43,31,31,53,53,53,75,75,75,41,75,75,75,65,65,64,64,46,68,68,49,49,49,74,74,74,13],"gold":0,"neow_bonus":"THREE_ENEMY_KILL","is_prod":false,"is_daily":false,"chose_seed":false,"campfire_upgraded":7,"win_rate":0,"timestamp":1547869538,"path_taken":["M","$","?","?","?","E","?","E","T","$","M","R","M","E","R","BOSS","M","$","M","?","M","R","E","M","T","R","?","?","R","$","R","BOSS","M","M","M","?","M","R","E","R","T","E","R","M","?","M","R","BOSS"],"build_version":"2019-01-17v2","purchased_purges":0,"victory":true,"max_hp_per_floor":[70,70,70,75,75,75,75,75,75,75,75,75,75,75,75,75,75,75,75,75,75,75,75,75,75,75,75,75,75,75,75,75,75,75,75,75,75,75,75,75,75,75,75,75,75,75,75,75,75,75],"card_choices":[{"not_picked":["Prepared","Endless Agony"],"picked":"Slice","floor":1.0},{"not_picked":["Terror","PiercingWail"],"picked":"After Image","floor":6.0},{"not_picked":["Slice","Phantasmal Killer"],"picked":"Sucker Punch","floor":8.0},{"not_picked":["Blur","Slice"],"picked":"Backflip","floor":11.0},{"not_picked":["Slice","Backflip"],"picked":"Flechettes","floor":13.0},{"not_picked":["Blade Dance","Choke"],"picked":"Dagger Spray","floor":14.0},{"not_picked":["Burst","Bullet Time"],"picked":"Storm of Steel","floor":16.0},{"not_picked":["Poisoned Stab","Leg Sweep"],"picked":"Quick Slash+1","floor":18.0},{"not_picked":["Dagger Throw","Dodge and Roll+1"],"picked":"Dash","floor":20.0},{"not_picked":["Flying Knee","Accuracy"],"picked":"Cloak And Dagger+1","floor":22.0},{"not_picked":["Prepared","Accuracy+1"],"picked":"Die Die Die","floor":24.0},{"not_picked":["All Out Attack","Cloak And Dagger","Dagger Throw"],"picked":"SKIP","floor":25.0},{"not_picked":["Doppelganger","Storm of Steel"],"picked":"Corpse Explosion","floor":33.0},{"not_picked":["Backflip+1","Sucker Punch+1"],"picked":"Finisher","floor":35.0},{"not_picked":["Reflex+1","Expertise+1"],"picked":"Blade Dance+1","floor":36.0},{"not_picked":["Flying Knee","Dagger Throw","Bane+1"],"picked":"SKIP","floor":37.0},{"not_picked":["Flying Knee","Dagger Throw"],"picked":"Bane+1","floor":37.0},{"not_picked":["Sucker Punch+1","Dagger Spray"],"picked":"Backstab+1","floor":39.0},{"not_picked":["Wraith Form v2","Underhanded Strike+1"],"picked":"Blade Dance+1","floor":41.0},{"not_picked":["Infinite Blades+1","Dash"],"picked":"Terror+1","floor":44},{"not_picked":["Outmaneuver","Poisoned Stab+1","Tactician"],"picked":"SKIP","floor":46},{"not_picked":["Dagger Throw+1","Bane+1"],"picked":"Blur+1","floor":48},{"not_picked":["Deadly Poison+1","Deflect","Catalyst"],"picked":"SKIP","floor":48}],"player_experience":46251,"relics_obtained":[{"floor":6.0,"key":"Pantograph"},{"floor":8.0,"key":"Paper Crane"},{"floor":9.0,"key":"Juzu Bracelet"},{"floor":14.0,"key":"Ancient Tea Set"},{"floor":24.0,"key":"Oddly Smooth Stone"},{"floor":26.0,"key":"Pen Nib"},{"floor":41.0,"key":"Mummified Hand"},{"floor":43.0,"key":"Anchor"},{"floor":44,"key":"Meat on the Bone"},{"floor":47,"key":"Prayer Wheel"}],"event_choices":[{"damage_healed":0.0,"max_hp_gain":0.0,"max_hp_loss":0.0,"gold_gain":0.0,"event_name":"Shining Light","player_choice":"Ignored","floor":3.0,"gold_loss":0.0,"damage_taken":0.0},{"damage_healed":0.0,"max_hp_gain":5.0,"max_hp_loss":0.0,"gold_gain":0.0,"event_name":"Big Fish","player_choice":"Donut","floor":4.0,"gold_loss":0.0,"damage_taken":0.0},{"damage_healed":0.0,"max_hp_gain":0.0,"max_hp_loss":0.0,"gold_gain":0.0,"event_name":"Golden Idol","player_choice":"Take Wound","floor":5.0,"gold_loss":0.0,"damage_taken":0.0,"relics_obtained":["Golden Idol"],"cards_obtained":["Injury"]},{"damage_healed":0.0,"max_hp_gain":0.0,"max_hp_loss":0.0,"gold_gain":0.0,"event_name":"Living Wall","player_choice":"Grow","floor":7.0,"gold_loss":0.0,"damage_taken":0.0,"cards_upgraded":["Neutralize"]},{"damage_healed":0.0,"max_hp_gain":0.0,"max_hp_loss":0.0,"gold_gain":0.0,"event_name":"Vampires","player_choice":"Ignored","floor":28.0,"gold_loss":0.0,"damage_taken":0.0},{"damage_healed":0.0,"max_hp_gain":0.0,"max_hp_loss":0.0,"gold_gain":0.0,"event_name":"Forgotten Altar","player_choice":"Gave Idol","floor":29.0,"relics_lost":["Golden Idol"],"gold_loss":0.0,"damage_taken":0.0,"relics_obtained":["Bloody Idol"]},{"cards_removed":["Defend_G"],"damage_healed":0.0,"max_hp_gain":0.0,"max_hp_loss":0.0,"gold_gain":0.0,"event_name":"Falling","player_choice":"Removed Skill","floor":38.0,"gold_loss":0.0,"damage_taken":0.0},{"damage_healed":0,"gold_gain":0,"player_choice":"Fight","damage_taken":0,"max_hp_gain":0,"max_hp_loss":0,"event_name":"MindBloom","floor":47,"gold_loss":0}],"is_beta":false,"boss_relics":[{"not_picked":["Empty Cage","Tiny House"],"picked":"Ectoplasm"},{"not_picked":["Runic Pyramid","HoveringKite","Cursed Key"]}],"items_purged_floors":[],"is_endless":false,"potions_floor_spawned":[6,11,13,25,33,35,39,44,46,47],"ascension_level":1}