{"gold_per_floor":[110,110,127,52,62,62,81,99,126,126,76,76,76,102,102,207,207,217,16,16,16,16],"floor_reached":22,"playtime":988,"items_purged":["Regret"],"score":246,"play_id":"5de5b780-2fa9-4279-88b7-66782a7d3197","local_time":"20180907191444","is_ascension_mode":true,"campfire_choices":[{"data":"Inflame","floor":6,"key":"SMITH"},{"data":"Anger","floor":13,"key":"SMITH"},{"floor":15,"key":"REST"}],"neow_cost":"","seed_source_timestamp":763293938965446,"circlet_count":0,"master_deck":["Strike_R","Strike_R+1","Strike_R+1","Strike_R","Defend_R+1","Defend_R","Defend_R","Defend_R+1","Bash","Headbutt","Inflame+1","Anger+1","Whirlwind+1","Iron Wave","Uppercut","Demon Form","Sword Boomerang","Heavy Blade"],"relics":["Burning Blood","War Paint","Boot","Potion Belt","Sozu","Vajra"],"potions_floor_usage":[22],"damage_taken":[{"damage":10,"enemies":"Small Slimes","floor":1,"turns":3},{"damage":9,"enemies":"Jaw Worm","floor":3,"turns":4},{"damage":4,"enemies":"2 Louse","floor":5,"turns":3},{"damage":12,"enemies":"Lots of Slimes","floor":7,"turns":4},{"damage":6,"enemies":"Looter","floor":8,"turns":3},{"damage":17,"enemies":"3 Sentries","floor":14,"turns":3},{"damage":32,"enemies":"The Guardian","floor":16,"turns":12},{"damage":26,"enemies":"2 Thieves","floor":18,"turns":3},{"damage":31,"enemies":"Colosseum Slavers","floor":22,"turns":3},{"damage":28,"enemies":"Colosseum Nobs","floor":22,"turns":3}],"seed_played":"6794500758749754518","potions_obtained":[{"floor":7,"key":"Swift Potion"}],"is_trial":false,"path_per_floor":["M","?","M","$","M","R","M","M","T","?","?","?","R","E","R","B",null,"M","$","$","?"],"character_chosen":"IRONCLAD","items_purchased":["Heavy Blade","Vajra"],"campfire_rested":1,"item_purchase_floors":[19,19],"current_hp_per_floor":[68,68,65,65,67,67,61,61,61,61,61,45,45,34,58,32,68,48,48,48,48,0],"gold":16,"neow_bonus":"","is_prod":false,"is_daily":false,"chose_seed":false,"campfire_upgraded":2,"win_rate":0,"timestamp":1536365684,"path_taken":["M","?","M","$","M","R","M","M","T","?","?","?","R","E","R","BOSS","M","?","$","?","?"],"build_version":"2018-09-06","purchased_purges":1,"victory":false,"max_hp_per_floor":[80,80,80,80,80,80,80,80,80,80,80,80,80,80,80,80,80,80,80,80,80,80],"card_choices":[{"not_picked":["Anger","Clash"],"picked":"Headbutt","floor":1},{"not_picked":["Evolve","Flex"],"picked":"Inflame","floor":3},{"not_picked":["Clash","Shrug It Off"],"picked":"Anger","floor":5},{"not_picked":["Iron Wave","Rampage"],"picked":"Whirlwind","floor":7},{"not_picked":["Battle Trance","Twin Strike"],"picked":"Iron Wave","floor":8},{"not_picked":["Flex","Clash"],"picked":"Uppercut","floor":14},{"not_picked":["Offering","Juggernaut"],"picked":"Demon Form","floor":16},{"not_picked":["Clothesline","Infernal Blade"],"picked":"Sword Boomerang","floor":18}],"player_experience":266744,"relics_obtained":[{"floor":9,"key":"Boot"},{"floor":14,"key":"Potion Belt"}],"event_choices":[{"event_name":"Big Fish","player_choice":"Box","floor":2,"damage_taken":0},{"event_name":"Upgrade Shrine","player_choice":"Upgraded","floor":10,"damage_taken":0},{"event_name":"The Cleric","player_choice":"Card Removal","floor":11,"damage_taken":0},{"event_name":"Shining Light","player_choice":"Entered Light","floor":12,"damage_taken":0},{"event_name":"Ghosts","player_choice":"Ignored","floor":21,"damage_taken":0},{"event_name":"Colosseum","player_choice":"Fight","floor":22,"damage_taken":0},{"event_name":"Colosseum","player_choice":"Fought Nobs","floor":22,"damage_taken":0}],"is_beta":false,"boss_relics":[{"not_picked":["Black Blood","Lizard Tail"],"picked":"Sozu"}],"items_purged_floors":[4],"is_endless":false,"potions_floor_spawned":[7,22],"killed_by":"Colosseum Nobs","ascension_level":7}