{"gold_per_floor":[109,123,137,137,151,151,151,170,170,189,207,227,227,55,55,156,156,175,175,187,200,200,200],"floor_reached":23,"playtime":1827,"items_purged":["Strike_R"],"score":187,"play_id":"2a3fccb9-025f-40de-b3a2-e97a32997ea0","local_time":"20181226210107","is_ascension_mode":false,"campfire_choices":[{"data":"Uppercut","floor":6.0,"key":"SMITH"},{"floor":13.0,"key":"REST"},{"data":"Thunderclap","floor":15.0,"key":"SMITH"}],"neow_cost":"NONE","seed_source_timestamp":0,"circlet_count":0,"master_deck":["Strike_R","Strike_R","Strike_R","Defend_R","Defend_R","Defend_R","Defend_R","Bash","Clothesline","Thunderclap+1","Thunderclap+1","Uppercut+1","Headbutt","Cleave","Headbutt","Shrug It Off","Flash of Steel","Reaper","Battle Trance","Uppercut+1","Armaments+1","Reckless Charge"],"special_seed":0,"relics":["Black Blood","Mummified Hand","GremlinMask"],"potions_floor_usage":[],"damage_taken":[{"damage":5.0,"enemies":"Jaw Worm","floor":1.0,"turns":4.0},{"damage":19.0,"enemies":"Small Slimes","floor":2.0,"turns":4.0},{"damage":6.0,"enemies":"Cultist","floor":3.0,"turns":3.0},{"damage":6.0,"enemies":"Blue Slaver","floor":5.0,"turns":5.0},{"damage":12.0,"enemies":"Red Slaver","floor":8.0,"turns":4.0},{"damage":10.0,"enemies":"2 Fungi Beasts","floor":10.0,"turns":3.0},{"damage":6.0,"enemies":"Exordium Thugs","floor":11.0,"turns":3.0},{"damage":10.0,"enemies":"Looter","floor":12.0,"turns":2.0},{"damage":69.0,"enemies":"The Guardian","floor":16.0,"turns":11.0},{"damage":30,"enemies":"Spheric Guardian","floor":18,"turns":4},{"damage":32,"enemies":"Shell Parasite","floor":20,"turns":6},{"damage":30,"enemies":"Snake Plant","floor":21,"turns":4},{"damage":27,"enemies":"Gremlin Leader","floor":23,"turns":2}],"seed_played":"-174339163737410716","potions_obtained":[{"floor":3.0,"key":"EssenceOfSteel"},{"floor":5.0,"key":"SkillPotion"},{"floor":10.0,"key":"PowerPotion"},{"floor":12.0,"key":"Fire Potion"}],"is_trial":false,"path_per_floor":["M","M","M","?","M","R","?","M","T","M","M","M","R","$","R","B",null,"M","?","M","M","?","E"],"character_chosen":"IRONCLAD","items_purchased":["Flash of Steel"],"campfire_rested":1,"item_purchase_floors":[14],"current_hp_per_floor":[88,75,75,75,75,75,75,69,69,65,65,61,87,87,87,24,88,68,68,46,26,26,0],"gold":200,"neow_bonus":"TEN_PERCENT_HP_BONUS","is_prod":false,"is_daily":false,"chose_seed":false,"campfire_upgraded":2,"win_rate":0.0,"timestamp":1545876067,"path_taken":["M","M","M","?","M","R","?","M","T","M","M","?","R","$","R","BOSS","M","?","?","M","?","E"],"build_version":"2018-12-20","purchased_purges":1,"victory":false,"max_hp_per_floor":[88,88,88,88,88,88,88,88,88,88,88,88,88,88,88,88,88,88,88,88,88,88,88],"card_choices":[{"not_picked":["Shrug It Off","Pummel"],"picked":"Clothesline","floor":1.0},{"not_picked":["Sever Soul","Twin Strike"],"picked":"Thunderclap","floor":2.0},{"not_picked":["Ghostly Armor","Clash"],"picked":"Thunderclap","floor":3.0},{"not_picked":["Clothesline","Perfected Strike"],"picked":"Uppercut","floor":5.0},{"not_picked":["Infernal Blade","Barricade"],"picked":"Headbutt","floor":8.0},{"not_picked":["Anger","Thunderclap"],"picked":"Cleave","floor":10.0},{"not_picked":["Second Wind","Hemokinesis"],"picked":"Headbutt","floor":11.0},{"not_picked":["Headbutt","Bloodletting"],"picked":"Shrug It Off","floor":12.0},{"not_picked":["Fiend Fire","Offering"],"picked":"Reaper","floor":16.0},{"not_picked":["Corruption","Perfected Strike"],"picked":"Battle Trance","floor":18},{"not_picked":["Combust","Ghostly Armor"],"picked":"Uppercut+1","floor":20},{"not_picked":["Cleave","Shrug It Off"],"picked":"Armaments+1","floor":21}],"player_experience":0,"relics_obtained":[{"floor":9.0,"key":"Mummified Hand"}],"event_choices":[{"damage_healed":0.0,"max_hp_gain":0.0,"max_hp_loss":0.0,"gold_gain":0.0,"event_name":"The Cleric","player_choice":"Leave","floor":4.0,"gold_loss":0.0,"damage_taken":0.0},{"damage_healed":0.0,"max_hp_gain":0.0,"max_hp_loss":0.0,"gold_gain":0.0,"event_name":"Accursed Blacksmith","player_choice":"Forge","floor":7.0,"gold_loss":0.0,"damage_taken":0.0,"cards_upgraded":["Thunderclap"]},{"damage_healed":0,"gold_gain":0,"player_choice":"Trade","damage_taken":0,"relics_obtained":["GremlinMask"],"max_hp_gain":0,"max_hp_loss":0,"event_name":"FaceTrader","floor":19,"gold_loss":0},{"damage_healed":0,"gold_gain":0,"cards_transformed":["Strike_R"],"player_choice":"Transformed","damage_taken":0,"max_hp_gain":0,"max_hp_loss":0,"event_name":"Transmorgrifier","floor":22,"gold_loss":0,"cards_obtained":["Reckless Charge"]}],"is_beta":false,"boss_relics":[{"not_picked":["Mark of Pain","Ectoplasm"],"picked":"Black Blood"}],"items_purged_floors":[14],"is_endless":false,"potions_floor_spawned":[3,5,10,12,21],"killed_by":"Gremlin Leader","ascension_level":0}