{"gold_per_floor":[119,129,304,304,151,185,185,200,200,200,213,213,213,238,238,337,337,353,44,55,55,69,69,69,95,120,130,150,150,170,181,181,278,328,344,0,999,1014,1014,1014],"floor_reached":40,"playtime":2720,"items_purged":["Doubt","Strike_R"],"score":741,"play_id":"ed909773-89bd-41e6-9dbe-1dbb552412b8","local_time":"20181025024326","is_ascension_mode":true,"campfire_choices":[{"floor":7,"key":"DIG"},{"floor":10,"key":"DIG"},{"floor":13,"key":"REST"},{"floor":15,"key":"DIG"},{"floor":23,"key":"DIG"},{"floor":29,"key":"REST"},{"data":"Whirlwind","floor":32,"key":"SMITH"}],"neow_cost":"PERCENT_DAMAGE","seed_source_timestamp":2826554395961881,"circlet_count":0,"master_deck":["Strike_R","Strike_R","Defend_R","Defend_R","Defend_R","Defend_R","Bash+1","AscendersBane","Cleave","Pommel Strike","Cleave","Bludgeon","Rampage","Armaments","Pommel Strike","Battle Trance","Demon Form","Shockwave","Whirlwind+1","Barricade","Apotheosis","Disarm","Shrug It Off","Metamorphosis"],"relics":["Burning Blood","Shovel","Paper Frog","Gremlin Horn","Centennial Puzzle","Mummified Hand","Self Forming Clay","Singing Bowl","Strawberry","Velvet Choker","Incense Burner","Letter Opener","Omamori","Regal Pillow","Tiny House"],"potions_floor_usage":[6,16,16,27,28,33,38],"damage_taken":[{"damage":1,"enemies":"Cultist","floor":1,"turns":3},{"damage":3,"enemies":"2 Louse","floor":2,"turns":2},{"damage":40,"enemies":"Lagavulin","floor":6,"turns":5},{"damage":4,"enemies":"Jaw Worm","floor":8,"turns":3},{"damage":13,"enemies":"Blue Slaver","floor":11,"turns":3},{"damage":16,"enemies":"Gremlin Nob","floor":14,"turns":3},{"damage":31,"enemies":"The Guardian","floor":16,"turns":13},{"damage":6,"enemies":"Spheric Guardian","floor":18,"turns":3},{"damage":19,"enemies":"2 Thieves","floor":20,"turns":4},{"damage":3,"enemies":"Snake Plant","floor":22,"turns":4},{"damage":7,"enemies":"Gremlin Leader","floor":25,"turns":5},{"damage":10,"enemies":"Centurion and Healer","floor":27,"turns":6},{"damage":41,"enemies":"Shelled Parasite and Fungi","floor":28,"turns":5},{"damage":3,"enemies":"3 Cultists","floor":30,"turns":3},{"damage":2,"enemies":"Sentry and Sphere","floor":31,"turns":5},{"damage":82,"enemies":"Automaton","floor":33,"turns":9},{"damage":0,"enemies":"3 Shapes","floor":35,"turns":3},{"damage":17,"enemies":"3 Darklings","floor":38,"turns":2},{"damage":87,"enemies":"Giant Head","floor":40,"turns":7}],"seed_played":"6589773513109518757","potions_obtained":[{"floor":1,"key":"BloodPotion"},{"floor":6,"key":"Dexterity Potion"},{"floor":14,"key":"SteroidPotion"},{"floor":20,"key":"Weak Potion"},{"floor":25,"key":"Weak Potion"},{"floor":30,"key":"BloodPotion"},{"floor":34,"key":"Explosive Potion"},{"floor":35,"key":"Energy Potion"}],"is_trial":false,"path_per_floor":["M","M","?","?","$","E","R","M","T","R","M","T","R","E","R","B",null,"M","$","M","?","M","R","?","E","T","M","M","R","M","M","R","B",null,"M","$","?","M","?"],"character_chosen":"IRONCLAD","items_purchased":["Bludgeon","Incense Burner","Apotheosis","Disarm"],"campfire_rested":2,"item_purchase_floors":[5,19,36,36],"current_hp_per_floor":[56,59,59,59,59,33,33,35,35,35,28,28,52,42,49,24,71,71,71,60,60,65,65,65,64,64,62,29,72,77,83,83,16,85,93,93,93,82,79,0],"gold":1014,"neow_bonus":"ONE_RARE_RELIC","is_prod":false,"is_daily":false,"chose_seed":false,"campfire_upgraded":1,"win_rate":0,"timestamp":1540453406,"path_taken":["M","M","?","?","$","E","R","?","T","R","M","?","R","E","R","BOSS","M","$","M","?","?","R","?","E","T","M","M","R","M","M","R","BOSS","M","$","?","M","?","E"],"build_version":"2018-10-18","purchased_purges":2,"victory":false,"max_hp_per_floor":[80,80,80,80,80,80,80,80,80,80,80,80,80,80,87,87,87,87,87,89,89,91,91,91,91,91,93,95,95,97,99,99,99,106,108,108,108,108,110,110],"card_choices":[{"not_picked":["Corruption","Inflame"],"picked":"Cleave","floor":1},{"not_picked":["Wild Strike","True Grit"],"picked":"Pommel Strike","floor":2},{"not_picked":["Anger","Fire Breathing"],"picked":"Rampage","floor":6},{"not_picked":["Wild Strike","Dual Wield"],"picked":"Armaments","floor":8},{"not_picked":["Body Slam","Twin Strike"],"picked":"Pommel Strike","floor":11},{"not_picked":["Fiend Fire","Havoc"],"picked":"Battle Trance","floor":14},{"not_picked":["Dark Embrace","Berserk"],"picked":"Demon Form","floor":16},{"not_picked":["Havoc","Second Wind"],"picked":"Shockwave","floor":18},{"not_picked":["Flex","Pommel Strike","Warcry"],"picked":"Singing Bowl","floor":20},{"not_picked":["Power Through","Fire Breathing","Twin Strike"],"picked":"Singing Bowl","floor":22},{"not_picked":["Headbutt","Rampage"],"picked":"Whirlwind","floor":25},{"not_picked":["Cleave","Exhume","Headbutt"],"picked":"Singing Bowl","floor":27},{"not_picked":["Headbutt","Reckless Charge","Havoc"],"picked":"Singing Bowl","floor":28},{"not_picked":["Clash","Combust+1","True Grit"],"picked":"Singing Bowl","floor":30},{"not_picked":["Spot Weakness","Twin Strike","Battle Trance"],"picked":"Singing Bowl","floor":31},{"not_picked":["Berserk","Dark Embrace"],"picked":"Barricade","floor":33},{"not_picked":["Metallicize","Dual Wield","Sever Soul"],"picked":"Singing Bowl","floor":34},{"not_picked":["Clash","Bloodletting","Carnage"],"picked":"Singing Bowl","floor":35},{"not_picked":["Flex+1","Headbutt"],"picked":"Shrug It Off","floor":38},{"not_picked":["PanicButton","Jack Of All Trades","Trip"],"picked":"Singing Bowl","floor":39},{"not_picked":["Thinking Ahead","Panacea"],"picked":"Metamorphosis","floor":39}],"player_experience":420270,"relics_obtained":[{"floor":6,"key":"Paper Frog"},{"floor":7,"key":"Gremlin Horn"},{"floor":9,"key":"Centennial Puzzle"},{"floor":10,"key":"Mummified Hand"},{"floor":12,"key":"Self Forming Clay"},{"floor":14,"key":"Singing Bowl"},{"floor":15,"key":"Strawberry"},{"floor":23,"key":"Letter Opener"},{"floor":25,"key":"Omamori"},{"floor":26,"key":"Regal Pillow"}],"event_choices":[{"damage_healed":0,"gold_gain":175,"player_choice":"AGREE","damage_taken":0,"max_hp_gain":0,"max_hp_loss":0,"event_name":"Liars Game","floor":3,"gold_loss":0,"cards_obtained":["Doubt"]},{"damage_healed":0,"gold_gain":0,"cards_transformed":["Strike_R"],"player_choice":"Transformed","damage_taken":0,"max_hp_gain":0,"max_hp_loss":0,"event_name":"Transmorgrifier","floor":4,"gold_loss":0,"cards_obtained":["Cleave"]},{"cards_removed":["Strike_R"],"damage_healed":0,"gold_gain":0,"player_choice":"Purged","damage_taken":0,"max_hp_gain":0,"max_hp_loss":0,"event_name":"Purifier","floor":21,"gold_loss":0},{"damage_healed":0,"gold_gain":0,"player_choice":"Ignored","damage_taken":0,"max_hp_gain":0,"max_hp_loss":0,"event_name":"Vampires","floor":24,"gold_loss":0},{"damage_healed":0,"gold_gain":999,"player_choice":"Gold","damage_taken":0,"max_hp_gain":0,"max_hp_loss":0,"event_name":"MindBloom","floor":37,"gold_loss":0,"cards_obtained":["Normality","Normality"]},{"damage_healed":0,"gold_gain":0,"player_choice":"Memory 2","damage_taken":5,"max_hp_gain":0,"max_hp_loss":0,"event_name":"SensoryStone","floor":39,"gold_loss":0}],"is_beta":false,"boss_relics":[{"not_picked":["Pandora\u0027s Box","Coffee Dripper"],"picked":"Velvet Choker"},{"not_picked":["Philosopher\u0027s Stone","Runic Dome"],"picked":"Tiny House"}],"items_purged_floors":[5,36],"is_endless":false,"potions_floor_spawned":[1,6,14,20,25,30,35],"killed_by":"Giant Head","ascension_level":12}