{"gold_per_floor":[113,18,18,18,28,28,56,73,73,73,93,111,111,121,121,193,193,163,175,46,63,77,102,0,0,0,0,0,16,16],"floor_reached":30,"playtime":832,"items_purged":[],"score":526,"play_id":"be8fa51d-90fb-40d1-a679-97607977043a","local_time":"20190120235243","is_ascension_mode":true,"campfire_choices":[{"data":"True Grit","floor":6,"key":"SMITH"},{"data":"Strike_R","floor":10,"key":"PURGE"},{"data":"Strike_R","floor":13,"key":"PURGE"},{"data":"Strike_R","floor":15,"key":"PURGE"},{"data":"Dropkick","floor":25,"key":"SMITH"}],"neow_cost":"NONE","seed_source_timestamp":39658009773420,"circlet_count":0,"master_deck":["AscendersBane","Defend_R","Defend_R","Defend_R","Defend_R","Bash","Thunderclap","Dropkick+1","True Grit+1","Headbutt","Thunderclap","Shrug It Off","Metallicize","Feed","Whirlwind+1","Evolve","Shrug It Off","Shrug It Off+1"],"relics":["Burning Blood","NeowsBlessing","Peace Pipe","Gambling Chip","Cursed Key","StoneCalendar"],"potions_floor_usage":[16,16,22],"damage_taken":[{"damage":0,"enemies":"Jaw Worm","floor":1,"turns":1},{"damage":0,"enemies":"2 Louse","floor":5,"turns":1},{"damage":0,"enemies":"Gremlin Nob","floor":7,"turns":1},{"damage":3,"enemies":"Small Slimes","floor":8,"turns":3},{"damage":8,"enemies":"Looter","floor":11,"turns":4},{"damage":13,"enemies":"Large Slime","floor":12,"turns":7},{"damage":7,"enemies":"2 Fungi Beasts","floor":14,"turns":3},{"damage":48,"enemies":"Hexaghost","floor":16,"turns":12},{"damage":11,"enemies":"2 Thieves","floor":18,"turns":4},{"damage":10,"enemies":"Shell Parasite","floor":19,"turns":8},{"damage":0,"enemies":"3 Cultists","floor":21,"turns":2},{"damage":0,"enemies":"Centurion and Healer","floor":22,"turns":3},{"damage":16,"enemies":"Gremlin Leader","floor":23,"turns":7},{"damage":36,"enemies":"Snecko","floor":29,"turns":6},{"damage":40,"enemies":"Shelled Parasite and Fungi","floor":30,"turns":5}],"seed_played":"8910774410823886012","potions_obtained":[{"floor":5,"key":"SteroidPotion"},{"floor":12,"key":"LiquidBronze"},{"floor":14,"key":"Strength Potion"},{"floor":18,"key":"SteroidPotion"},{"floor":29,"key":"LiquidBronze"}],"is_trial":false,"path_per_floor":["M","$","?","?","M","R","E","M","T","R","M","M","R","M","R","B",null,"M","M","$","M","M","E","?","R","T","?","$","M","M"],"character_chosen":"IRONCLAD","items_purchased":["Dropkick","True Grit","Evolve","Shrug It Off"],"campfire_rested":0,"item_purchase_floors":[2,2,20,20],"current_hp_per_floor":[74,74,67,67,73,73,75,75,75,75,73,66,66,65,65,23,62,60,56,56,62,71,61,61,61,61,61,61,31,0],"gold":16,"neow_bonus":"THREE_ENEMY_KILL","is_prod":false,"is_daily":false,"chose_seed":false,"campfire_upgraded":2,"win_rate":0,"timestamp":1548028363,"path_taken":["M","$","?","?","M","R","E","M","T","R","M","M","R","M","R","BOSS","M","M","$","M","M","E","?","R","T","?","$","M","M"],"build_version":"2019-01-17v2","purchased_purges":0,"victory":false,"max_hp_per_floor":[75,75,75,75,75,75,75,75,75,75,75,75,75,75,75,75,75,78,78,78,78,81,81,81,81,81,81,81,81,84],"card_choices":[{"not_picked":["Sword Boomerang","Twin Strike"],"picked":"Thunderclap","floor":1},{"not_picked":["Armaments","Wild Strike","Flex"],"picked":"SKIP","floor":5},{"not_picked":["Ghostly Armor","Warcry"],"picked":"Headbutt","floor":7},{"not_picked":["Carnage","Anger"],"picked":"Thunderclap","floor":8},{"not_picked":["Entrench","Clothesline","Battle Trance"],"picked":"SKIP","floor":11},{"not_picked":["Juggernaut","Combust"],"picked":"Shrug It Off","floor":12},{"not_picked":["Body Slam","Sword Boomerang"],"picked":"Metallicize","floor":14},{"not_picked":["Barricade","Berserk"],"picked":"Feed","floor":16},{"not_picked":["True Grit","Heavy Blade","Thunderclap"],"picked":"SKIP","floor":18},{"not_picked":["Sentinel+1","Heavy Blade"],"picked":"Whirlwind+1","floor":19},{"not_picked":["Sever Soul","Second Wind"],"picked":"Shrug It Off+1","floor":21},{"not_picked":["True Grit","Uppercut","Body Slam"],"picked":"SKIP","floor":22},{"not_picked":["Searing Blow","Whirlwind","Armaments"],"picked":"SKIP","floor":23},{"not_picked":["Havoc","Ghostly Armor","True Grit"],"picked":"SKIP","floor":29}],"player_experience":409974,"relics_obtained":[{"floor":7,"key":"Peace Pipe"},{"floor":9,"key":"Gambling Chip"},{"floor":23,"key":"StoneCalendar"}],"event_choices":[{"cards_removed":["Strike_R"],"damage_healed":0,"gold_gain":0,"player_choice":"Card Removal","damage_taken":7,"max_hp_gain":0,"max_hp_loss":0,"event_name":"Golden Wing","floor":3,"gold_loss":0},{"cards_removed":["Strike_R"],"damage_healed":0,"gold_gain":0,"player_choice":"Forget","damage_taken":0,"max_hp_gain":0,"max_hp_loss":0,"event_name":"Living Wall","floor":4,"gold_loss":0},{"damage_healed":0,"gold_gain":0,"player_choice":"Paid Fearfully","damage_taken":0,"max_hp_gain":0,"max_hp_loss":0,"event_name":"Masked Bandits","floor":24,"gold_loss":102},{"damage_healed":0,"gold_gain":0,"player_choice":"Ignored","damage_taken":0,"max_hp_gain":0,"max_hp_loss":0,"event_name":"Ghosts","floor":27,"gold_loss":0}],"is_beta":false,"boss_relics":[{"not_picked":["Busted Crown","Mark of Pain"],"picked":"Cursed Key"}],"items_purged_floors":[],"is_endless":false,"potions_floor_spawned":[5,12,14,18,29],"killed_by":"Shelled Parasite and Fungi","ascension_level":18}