{"gold_per_floor":[109,109,129,129,129,165,165,201,252,271,271,23,46,62,62,157,157,157,97,97,97,97,97,97,97,97,97,97,97,97,97,97,97],"floor_reached":33,"playtime":2088,"items_purged":["Injury"],"score":707,"play_id":"094042ca-3056-4e5b-9eac-3316583c2118","local_time":"20190201043527","is_ascension_mode":true,"campfire_choices":[{"data":"Unload","floor":7,"key":"SMITH"},{"data":"Noxious Fumes","floor":11,"key":"SMITH"},{"data":"Catalyst","floor":15,"key":"SMITH"},{"data":"Venomology","floor":23,"key":"SMITH"},{"floor":25,"key":"REST"},{"data":"Riddle With Holes","floor":27,"key":"SMITH"},{"data":"Envenom","floor":32,"key":"SMITH"}],"neow_cost":"NONE","seed_source_timestamp":1852678638175351,"circlet_count":0,"master_deck":["AscendersBane","Defend_G","Defend_G","Defend_G","Defend_G","Defend_G","Strike_G","Strike_G","Strike_G","Strike_G","Survivor","Neutralize","Riddle With Holes+1","Predator","Unload+1","Underhanded Strike","Noxious Fumes+1","Catalyst+1","Venomology+1","Dagger Spray+1","Tactician+1","Backflip","Bouncing Flask","Envenom+1"],"relics":["Ring of the Snake","NeowsBlessing","Bloody Idol","Orichalcum","Art of War","Snake Skull","Vajra","Ectoplasm","Dodecahedron","Gremlin Horn","MawBank"],"potions_floor_usage":[8,8,13,16,16,24,24,29,29,31,31,33,33],"damage_taken":[{"damage":0,"enemies":"Jaw Worm","floor":1,"turns":1},{"damage":0,"enemies":"Small Slimes","floor":3,"turns":1},{"damage":0,"enemies":"Lagavulin","floor":6,"turns":1},{"damage":5,"enemies":"Gremlin Nob","floor":8,"turns":4},{"damage":0,"enemies":"2 Louse","floor":10,"turns":2},{"damage":8,"enemies":"Blue Slaver","floor":13,"turns":3},{"damage":6,"enemies":"Looter","floor":14,"turns":2},{"damage":0,"enemies":"The Guardian","floor":16,"turns":7},{"damage":3,"enemies":"3 Byrds","floor":18,"turns":4},{"damage":24,"enemies":"2 Thieves","floor":19,"turns":4},{"damage":18,"enemies":"Gremlin Leader","floor":24,"turns":5},{"damage":0,"enemies":"Slavers","floor":29,"turns":3},{"damage":6,"enemies":"Cultist and Chosen","floor":30,"turns":5},{"damage":4,"enemies":"3 Cultists","floor":31,"turns":4},{"damage":44,"enemies":"Collector","floor":33,"turns":5}],"seed_played":"1456511000118169708","potions_obtained":[{"floor":1,"key":"SkillPotion"},{"floor":3,"key":"Explosive Potion"},{"floor":8,"key":"Ancient Potion"},{"floor":10,"key":"Strength Potion"},{"floor":13,"key":"SkillPotion"},{"floor":19,"key":"Ancient Potion"},{"floor":24,"key":"SpeedPotion"}],"is_trial":false,"path_per_floor":["M","?","M","?","?","E","R","E","T","M","R","$","M","M","R","B",null,"M","M","$","?","?","R","E","R","T","R","?","E","M","M","R","B"],"character_chosen":"THE_SILENT","items_purchased":["Vajra"],"campfire_rested":1,"item_purchase_floors":[12],"current_hp_per_floor":[59,64,64,57,57,57,57,52,52,52,52,52,44,38,38,38,63,60,36,36,36,36,36,18,39,39,39,53,53,47,43,43,0],"gold":97,"neow_bonus":"THREE_ENEMY_KILL","is_prod":false,"is_daily":false,"chose_seed":false,"campfire_upgraded":6,"win_rate":0,"timestamp":1549024527,"path_taken":["M","?","M","?","?","E","R","E","T","M","R","?","M","M","R","BOSS","M","M","$","?","?","R","E","R","T","R","?","E","M","?","R","BOSS"],"build_version":"2019-01-23","purchased_purges":1,"victory":false,"max_hp_per_floor":[66,71,71,71,71,71,71,71,71,71,71,71,71,71,71,71,71,71,71,71,71,71,71,71,71,71,71,71,71,71,71,71,71],"card_choices":[{"not_picked":["Outmaneuver","PiercingWail"],"picked":"Riddle With Holes","floor":1},{"not_picked":["Accuracy","Reflex"],"picked":"Predator","floor":3},{"not_picked":["Skewer","Terror"],"picked":"Unload","floor":6},{"not_picked":["Endless Agony","PiercingWail"],"picked":"Underhanded Strike","floor":8},{"not_picked":["Well Laid Plans","Bane"],"picked":"Noxious Fumes","floor":10},{"not_picked":["Poisoned Stab","Skewer"],"picked":"Catalyst","floor":13},{"not_picked":["Sucker Punch","Acrobatics","Masterful Stab"],"picked":"SKIP","floor":14},{"not_picked":["Grand Finale","Glass Knife"],"picked":"Venomology","floor":16},{"not_picked":["Underhanded Strike","Bane"],"picked":"Dagger Spray+1","floor":18},{"not_picked":["Dagger Throw","Flying Knee"],"picked":"Tactician+1","floor":19},{"not_picked":["Bane","Deflect","Poisoned Stab+1"],"picked":"SKIP","floor":24},{"not_picked":["Dagger Spray","Deflect"],"picked":"Backflip","floor":29},{"not_picked":["Sucker Punch+1","Dagger Spray"],"picked":"Bouncing Flask","floor":30},{"not_picked":["Poisoned Stab","Bane"],"picked":"Envenom","floor":31}],"player_experience":567437,"relics_obtained":[{"floor":6,"key":"Orichalcum"},{"floor":8,"key":"Art of War"},{"floor":9,"key":"Snake Skull"},{"floor":24,"key":"Dodecahedron"},{"floor":26,"key":"Gremlin Horn"},{"floor":29,"key":"MawBank"}],"event_choices":[{"damage_healed":0,"gold_gain":0,"player_choice":"Donut","damage_taken":0,"max_hp_gain":5,"max_hp_loss":0,"event_name":"Big Fish","floor":2,"gold_loss":0},{"cards_removed":["Strike_G"],"damage_healed":0,"gold_gain":0,"player_choice":"Card Removal","damage_taken":7,"max_hp_gain":0,"max_hp_loss":0,"event_name":"Golden Wing","floor":4,"gold_loss":0},{"damage_healed":0,"gold_gain":0,"player_choice":"Take Wound","damage_taken":0,"relics_obtained":["Golden Idol"],"max_hp_gain":0,"max_hp_loss":0,"event_name":"Golden Idol","floor":5,"gold_loss":0,"cards_obtained":["Injury"]},{"damage_healed":0,"gold_gain":0,"player_choice":"Ignored","damage_taken":0,"max_hp_gain":0,"max_hp_loss":0,"event_name":"Ghosts","floor":21,"gold_loss":0},{"damage_healed":0,"gold_gain":0,"player_choice":"Gave Idol","damage_taken":0,"relics_obtained":["Bloody Idol"],"max_hp_gain":0,"max_hp_loss":0,"event_name":"Forgotten Altar","floor":22,"relics_lost":["Golden Idol"],"gold_loss":0},{"damage_healed":14,"gold_gain":0,"player_choice":"Heal","damage_taken":0,"max_hp_gain":0,"max_hp_loss":0,"event_name":"The Library","floor":28,"gold_loss":0}],"is_beta":false,"boss_relics":[{"not_picked":["Black Star","WristBlade"],"picked":"Ectoplasm"}],"items_purged_floors":[12],"is_endless":false,"potions_floor_spawned":[1,3,8,10,13,19,24],"killed_by":"Collector","ascension_level":16}