{"gold_per_floor":[117,135,135,156,52,52,91,112,112,147,163,186,186,205,205,300,300,318,318,333,351,367,403,423,423,446,446,371,371,411,430,430,430],"floor_reached":33,"playtime":1913,"items_purged":["Injury"],"score":667,"play_id":"ad3c9c3e-a330-45e7-a85a-e29d12885912","local_time":"20190131193712","is_ascension_mode":true,"campfire_choices":[{"data":"Predator","floor":6,"key":"SMITH"},{"floor":13,"key":"REST"},{"data":"Malaise","floor":15,"key":"SMITH"},{"floor":25,"key":"REST"},{"data":"Cloak And Dagger","floor":27,"key":"SMITH"},{"floor":29,"key":"REST"},{"floor":32,"key":"REST"}],"neow_cost":"NONE","seed_source_timestamp":784230439539043,"circlet_count":0,"master_deck":["AscendersBane","Defend_G","Defend_G","Defend_G","Defend_G","Defend_G","Strike_G","Strike_G","Strike_G","Strike_G","Survivor","Neutralize","Caltrops","Cloak And Dagger","Predator+1","Slice","Backstab","Blade Dance","Malaise+1","Deflect","Predator+1","Slice+1","Die Die Die+1","Blade Dance","PiercingWail","Dagger Spray+1","Cloak And Dagger","Deflect","Cloak And Dagger+1","Predator+1","Well Laid Plans+1"],"relics":["Ring of the Serpent","Bronze Scales","Golden Idol","Ninja Scroll","The Courier","Molten Egg 2","Matryoshka","Boot","Vajra","Bag of Preparation"],"potions_floor_usage":[10,22,23,30,33],"damage_taken":[{"damage":0,"enemies":"2 Louse","floor":1,"turns":3},{"damage":0,"enemies":"Cultist","floor":2,"turns":4},{"damage":1,"enemies":"Jaw Worm","floor":4,"turns":6},{"damage":30,"enemies":"3 Sentries","floor":7,"turns":8},{"damage":4,"enemies":"Exordium Wildlife","floor":8,"turns":4},{"damage":11,"enemies":"Lagavulin","floor":10,"turns":5},{"damage":2,"enemies":"3 Louse","floor":11,"turns":3},{"damage":0,"enemies":"Lots of Slimes","floor":12,"turns":3},{"damage":0,"enemies":"Exordium Wildlife","floor":14,"turns":2},{"damage":1,"enemies":"Hexaghost","floor":16,"turns":9},{"damage":7,"enemies":"2 Thieves","floor":18,"turns":4},{"damage":5,"enemies":"Spheric Guardian","floor":20,"turns":3},{"damage":14,"enemies":"Centurion and Healer","floor":21,"turns":6},{"damage":15,"enemies":"Snake Plant","floor":22,"turns":3},{"damage":0,"enemies":"Book of Stabbing","floor":23,"turns":6},{"damage":12,"enemies":"Shelled Parasite and Fungi","floor":24,"turns":6},{"damage":0,"enemies":"Slavers","floor":30,"turns":3},{"damage":16,"enemies":"Sentry and Sphere","floor":31,"turns":4},{"damage":57,"enemies":"Collector","floor":33,"turns":7}],"seed_played":"7664148562778235101","potions_obtained":[{"floor":4,"key":"SkillPotion"},{"floor":7,"key":"Dexterity Potion"},{"floor":8,"key":"GamblersBrew"},{"floor":14,"key":"Poison Potion"},{"floor":16,"key":"Energy Potion"},{"floor":18,"key":"SteroidPotion"},{"floor":23,"key":"Fire Potion"},{"floor":24,"key":"Poison Potion"}],"is_trial":false,"path_per_floor":["M","M","?","M","$","R","E","M","T","E","M","M","R","M","R","B",null,"M","?","M","M","M","E","M","R","T","R","?","R","E","M","R","B"],"character_chosen":"THE_SILENT","items_purchased":["Slice"],"campfire_rested":4,"item_purchase_floors":[5],"current_hp_per_floor":[59,59,59,58,58,58,28,24,24,13,11,11,30,30,30,29,57,50,50,45,31,16,16,4,23,23,23,23,42,42,26,45,0],"gold":430,"neow_bonus":"RANDOM_COMMON_RELIC","is_prod":false,"is_daily":false,"chose_seed":false,"campfire_upgraded":3,"win_rate":0,"timestamp":1548985032,"path_taken":["M","M","?","M","$","R","E","M","T","E","M","M","R","M","R","BOSS","M","?","?","M","M","E","M","R","T","R","?","R","E","M","R","BOSS"],"build_version":"2019-01-23","purchased_purges":1,"victory":false,"max_hp_per_floor":[66,66,66,66,66,66,66,66,66,66,66,66,66,66,66,66,66,66,66,66,66,66,66,66,66,66,66,66,66,66,66,66,66],"card_choices":[{"not_picked":["Acrobatics","Masterful Stab"],"picked":"Caltrops","floor":1},{"not_picked":["Escape Plan","Blade Dance"],"picked":"Cloak And Dagger","floor":2},{"not_picked":["Dodge and Roll","Blade Dance"],"picked":"Predator","floor":4},{"not_picked":["Flying Knee","Crippling Poison"],"picked":"Backstab","floor":7},{"not_picked":["Dodge and Roll","Sucker Punch"],"picked":"Blade Dance","floor":8},{"not_picked":["Storm of Steel","Catalyst"],"picked":"Malaise","floor":10},{"not_picked":["Slice+1","Bane+1"],"picked":"Deflect","floor":11},{"not_picked":["Quick Slash+1","Poisoned Stab+1"],"picked":"Predator+1","floor":12},{"not_picked":["Distraction","Cloak And Dagger"],"picked":"Slice+1","floor":14},{"not_picked":["A Thousand Cuts","Grand Finale+1"],"picked":"Die Die Die+1","floor":16},{"not_picked":["Choke+1","Concentrate"],"picked":"Blade Dance","floor":18},{"not_picked":["Cloak And Dagger","Acrobatics"],"picked":"PiercingWail","floor":20},{"not_picked":["Quick Slash+1","Calculated Gamble"],"picked":"Dagger Spray+1","floor":21},{"not_picked":["Quick Slash+1","Poisoned Stab+1"],"picked":"Cloak And Dagger","floor":22},{"not_picked":["Prepared","Unload+1"],"picked":"Deflect","floor":23},{"not_picked":["Underhanded Strike+1","Dagger Spray+1"],"picked":"Cloak And Dagger","floor":24},{"not_picked":["Bouncing Flask","Bane+1"],"picked":"Predator+1","floor":30},{"not_picked":["Underhanded Strike+1","Riddle With Holes+1"],"picked":"Well Laid Plans+1","floor":31}],"player_experience":661205,"relics_obtained":[{"floor":7,"key":"Ninja Scroll"},{"floor":9,"key":"The Courier"},{"floor":10,"key":"Molten Egg 2"},{"floor":23,"key":"Matryoshka"},{"floor":26,"key":"Boot"},{"floor":26,"key":"Vajra"},{"floor":30,"key":"Bag of Preparation"}],"event_choices":[{"damage_healed":0,"gold_gain":0,"player_choice":"Take Wound","damage_taken":0,"relics_obtained":["Golden Idol"],"max_hp_gain":0,"max_hp_loss":0,"event_name":"Golden Idol","floor":3,"gold_loss":0,"cards_obtained":["Injury"]},{"damage_healed":0,"gold_gain":0,"player_choice":"0 cards matched","damage_taken":0,"max_hp_gain":0,"max_hp_loss":0,"event_name":"Match and Keep!","floor":19,"gold_loss":0,"cards_obtained":[]},{"cards_removed":["Strike_G"],"damage_healed":0,"gold_gain":0,"player_choice":"Gave Gold","damage_taken":0,"max_hp_gain":0,"max_hp_loss":0,"event_name":"Beggar","floor":28,"gold_loss":75}],"is_beta":false,"boss_relics":[{"not_picked":["White Beast Statue","Runic Pyramid"],"picked":"Ring of the Serpent"}],"items_purged_floors":[5],"is_endless":false,"potions_floor_spawned":[4,7,8,14,16,18,23,24],"killed_by":"Collector","ascension_level":18}