{"gold_per_floor":[115,129,129,139,151,151,166,195,195,195,270,287,287,287,299,311],"floor_reached":16,"playtime":1097,"items_purged":[],"score":194,"play_id":"d8c9dee7-e077-4f52-9014-f46bd3538883","local_time":"20190123235706","is_ascension_mode":true,"campfire_choices":[{"data":"Body Slam","floor":6,"key":"SMITH"},{"data":"Shockwave","floor":10,"key":"SMITH"},{"data":"Flex","floor":13,"key":"SMITH"},{"data":"Trip","floor":15,"key":"SMITH"}],"neow_cost":"TEN_PERCENT_HP_LOSS","seed_source_timestamp":1145771577128970,"circlet_count":0,"master_deck":["AscendersBane","Strike_R","Strike_R","Strike_R","Strike_R","Strike_R","Defend_R+1","Defend_R","Defend_R","Defend_R","Bash","Panache","Trip+1","Clash","Ghostly Armor","Flex+1","Shockwave+1","Body Slam+1","Shrug It Off","Ghostly Armor+1"],"relics":["Burning Blood","Meat on the Bone","War Paint","MawBank"],"potions_floor_usage":[2,2,5,7],"damage_taken":[{"damage":2,"enemies":"Cultist","floor":1,"turns":4},{"damage":7,"enemies":"Jaw Worm","floor":2,"turns":3},{"damage":4,"enemies":"Small Slimes","floor":4,"turns":3},{"damage":4,"enemies":"Exordium Wildlife","floor":5,"turns":5},{"damage":6,"enemies":"3 Louse","floor":7,"turns":4},{"damage":30,"enemies":"Lagavulin","floor":8,"turns":7},{"damage":3,"enemies":"Large Slime","floor":12,"turns":5},{"damage":48,"enemies":"Hexaghost","floor":16,"turns":11}],"seed_played":"7341528645936161426","potions_obtained":[{"floor":1,"key":"EntropicBrew"},{"floor":4,"key":"SkillPotion"},{"floor":8,"key":"FearPotion"}],"is_trial":false,"path_per_floor":["M","M","?","M","M","R","M","E","T","R","?","M","R","?","R","B"],"character_chosen":"IRONCLAD","items_purchased":[],"campfire_rested":0,"item_purchase_floors":[],"current_hp_per_floor":[68,67,67,68,68,68,68,44,44,44,33,48,48,43,43,0],"gold":311,"neow_bonus":"RANDOM_COLORLESS_2","is_prod":false,"is_daily":false,"chose_seed":false,"campfire_upgraded":4,"win_rate":0,"timestamp":1548316626,"path_taken":["M","M","?","M","M","R","?","E","T","R","?","M","R","?","R","BOSS"],"build_version":"2019-01-23","purchased_purges":0,"victory":false,"max_hp_per_floor":[68,68,68,68,68,68,68,68,68,68,68,68,68,68,68,68],"card_choices":[{"not_picked":["Pommel Strike","Body Slam"],"picked":"Clash","floor":1},{"not_picked":["Feel No Pain","Wild Strike"],"picked":"Ghostly Armor","floor":2},{"not_picked":["Clothesline","Pummel"],"picked":"Shockwave","floor":4},{"not_picked":["Rampage","Perfected Strike"],"picked":"Body Slam","floor":5},{"not_picked":["Sword Boomerang","Warcry"],"picked":"Shrug It Off","floor":7},{"not_picked":["Dual Wield","Headbutt"],"picked":"Ghostly Armor","floor":8},{"not_picked":["Hemokinesis","Clash","Rage"],"picked":"SKIP","floor":12}],"player_experience":475745,"relics_obtained":[{"floor":8,"key":"Meat on the Bone"},{"floor":9,"key":"War Paint"}],"event_choices":[{"damage_healed":0,"gold_gain":0,"player_choice":"1 cards matched","damage_taken":0,"max_hp_gain":0,"max_hp_loss":0,"event_name":"Match and Keep!","floor":3,"gold_loss":0,"cards_obtained":["Flex"]},{"damage_healed":0,"gold_gain":75,"player_choice":"Gather Gold","damage_taken":11,"max_hp_gain":0,"max_hp_loss":0,"event_name":"World of Goop","floor":11,"gold_loss":0},{"damage_healed":0,"gold_gain":0,"player_choice":"Success","damage_taken":5,"relics_obtained":["MawBank"],"max_hp_gain":0,"max_hp_loss":0,"event_name":"Scrap Ooze","floor":14,"gold_loss":0}],"is_beta":false,"boss_relics":[],"items_purged_floors":[],"is_endless":false,"potions_floor_spawned":[1,4,8],"killed_by":"Hexaghost","ascension_level":18}