{"gold_per_floor":[110,129,79,44,61,61,38,68,68,82,82,82,82,93,93,196,196,208,133,143,143,143,143,174,187,213,240,252],"floor_reached":28,"playtime":1831,"items_purged":["Defend_G"],"score":250,"play_id":"13b2c2e8-7acf-4954-b807-fbc802aa3c70","local_time":"20190126230014","is_ascension_mode":true,"campfire_choices":[{"data":"Calculated Gamble","floor":6,"key":"SMITH"},{"floor":13,"key":"REST"},{"data":"Backflip","floor":15,"key":"SMITH"},{"data":"Sucker Punch","floor":23,"key":"SMITH"}],"neow_cost":"CURSE","seed_source_timestamp":120450836749798,"circlet_count":0,"master_deck":["Defend_G","Defend_G","Defend_G","Strike_G","Strike_G","Strike_G","Survivor","Neutralize","Madness","Parasite","PiercingWail","Dagger Throw","Calculated Gamble+1","Escape Plan","Dagger Spray","Backflip+1","Acrobatics","Die Die Die","After Image","Reflex","Sucker Punch+1","Slice","Acrobatics","Heel Hook","Underhanded Strike","Underhanded Strike","Bullet Time","Violence","Eviscerate","Slice+1"],"relics":["Ring of the Snake","Question Card","Boot","Orrery","Bottled Tornado","MawBank"],"potions_floor_usage":[8,16],"damage_taken":[{"damage":13,"enemies":"Jaw Worm","floor":1,"turns":5},{"damage":0,"enemies":"2 Louse","floor":2,"turns":2},{"damage":2,"enemies":"Small Slimes","floor":5,"turns":4},{"damage":28,"enemies":"Gremlin Nob","floor":8,"turns":5},{"damage":19,"enemies":"Exordium Thugs","floor":10,"turns":6},{"damage":2,"enemies":"Blue Slaver","floor":14,"turns":5},{"damage":10,"enemies":"The Guardian","floor":16,"turns":11},{"damage":3,"enemies":"3 Byrds","floor":18,"turns":4},{"damage":0,"enemies":"Chosen","floor":20,"turns":6},{"damage":25,"enemies":"Gremlin Leader","floor":24,"turns":8},{"damage":25,"enemies":"Snake Plant","floor":25,"turns":6},{"damage":17,"enemies":"Centurion and Healer","floor":27,"turns":8},{"damage":7,"enemies":"Book of Stabbing","floor":28,"turns":4}],"seed_played":"-8148629602985290293","potions_obtained":[{"floor":5,"key":"EssenceOfSteel"},{"floor":8,"key":"PowerPotion"},{"floor":14,"key":"FairyPotion"},{"floor":25,"key":"Explosive Potion"}],"is_trial":false,"path_per_floor":["M","M","?","$","M","R","$","E","T","M","?","?","R","M","R","B",null,"M","$","M","?","?","R","E","M","T","M","E"],"character_chosen":"THE_SILENT","items_purchased":["Calculated Gamble","Dagger Spray"],"campfire_rested":1,"item_purchase_floors":[4,7],"current_hp_per_floor":[57,57,57,57,55,55,55,27,27,8,8,1,22,20,20,10,70,67,67,67,67,67,67,42,17,17,7,0],"gold":252,"neow_bonus":"RANDOM_COLORLESS_2","is_prod":false,"is_daily":false,"chose_seed":false,"campfire_upgraded":3,"win_rate":0,"timestamp":1548511214,"path_taken":["M","M","?","$","M","R","$","E","T","M","?","?","R","M","R","BOSS","M","$","M","?","?","R","E","M","T","M","E"],"build_version":"2019-01-23","purchased_purges":1,"victory":false,"max_hp_per_floor":[70,70,70,70,70,70,70,70,70,70,70,70,70,70,70,70,70,70,70,70,70,70,70,70,70,70,70,70],"card_choices":[{"not_picked":["Escape Plan","Accuracy"],"picked":"PiercingWail","floor":1},{"not_picked":["Outmaneuver","Backflip"],"picked":"Dagger Throw","floor":2},{"not_picked":["Masterful Stab","Endless Agony"],"picked":"Escape Plan","floor":5},{"not_picked":["Flying Knee","Deadly Poison"],"picked":"Backflip","floor":8},{"not_picked":["Deadly Poison","Eviscerate","Riddle With Holes"],"picked":"Acrobatics","floor":10},{"not_picked":["Choke","Eviscerate","Bane"],"picked":"Die Die Die","floor":14},{"not_picked":["Malaise","Storm of Steel","A Thousand Cuts"],"picked":"After Image","floor":16},{"not_picked":["Deadly Poison","Blade Dance","Escape Plan"],"picked":"Reflex","floor":17},{"not_picked":["Acrobatics","Dagger Spray","Deadly Poison"],"picked":"Sucker Punch","floor":17},{"not_picked":["Quick Slash","Flechettes","Skewer"],"picked":"Slice","floor":17},{"not_picked":["Slice","Deadly Poison","Escape Plan"],"picked":"Acrobatics","floor":17},{"not_picked":["Outmaneuver","Skewer","Backstab"],"picked":"Heel Hook","floor":17},{"not_picked":["Flying Knee+1","Dagger Throw","Blade Dance+1"],"picked":"Underhanded Strike","floor":18},{"not_picked":["Cloak And Dagger","Infinite Blades","Slice","Malaise"],"picked":"SKIP","floor":20},{"not_picked":["Accuracy","Backflip","Bane+1","Predator"],"picked":"SKIP","floor":24},{"not_picked":["Deadly Poison","Caltrops","Acrobatics"],"picked":"Eviscerate","floor":25},{"not_picked":["Riddle With Holes","PiercingWail","Dodge and Roll"],"picked":"Slice+1","floor":27}],"player_experience":52666,"relics_obtained":[{"floor":8,"key":"Question Card"},{"floor":9,"key":"Boot"},{"floor":24,"key":"Bottled Tornado"},{"floor":26,"key":"MawBank"}],"event_choices":[{"cards_removed":["Strike_G"],"damage_healed":0,"gold_gain":0,"player_choice":"Card Removal","damage_taken":0,"max_hp_gain":0,"max_hp_loss":0,"event_name":"The Cleric","floor":3,"gold_loss":50},{"damage_healed":0,"gold_gain":0,"cards_transformed":["Defend_G"],"player_choice":"Change","damage_taken":0,"max_hp_gain":0,"max_hp_loss":0,"event_name":"Living Wall","floor":11,"gold_loss":0,"cards_obtained":["Grand Finale"]},{"cards_removed":["Strike_G"],"damage_healed":0,"gold_gain":0,"player_choice":"Card Removal","damage_taken":7,"max_hp_gain":0,"max_hp_loss":0,"event_name":"Golden Wing","floor":12,"gold_loss":0},{"damage_healed":0,"gold_gain":0,"player_choice":"Read","damage_taken":0,"max_hp_gain":0,"max_hp_loss":0,"event_name":"The Library","floor":21,"gold_loss":0,"cards_obtained":["Underhanded Strike"]},{"damage_healed":0,"gold_gain":0,"cards_transformed":["Grand Finale","PanicButton"],"player_choice":"Became Test Subject","damage_taken":0,"max_hp_gain":0,"max_hp_loss":0,"event_name":"Drug Dealer","floor":22,"gold_loss":0,"cards_obtained":["Bullet Time","Violence"]}],"is_beta":false,"boss_relics":[{"not_picked":["Ectoplasm","Runic Dome"],"picked":"Orrery"}],"items_purged_floors":[19],"is_endless":false,"potions_floor_spawned":[5,8,14,25],"killed_by":"Book of Stabbing","ascension_level":1}