{"gold_per_floor":[118,293,293,18,33,33,48,48,48,66,166,184,212,227,227,331,331,331,331,331,331,331,331,331,6,6,6,6,6,6,6,6,6,6,6,6,6,6,6,6,6,6,6,6,6,6,6,6,6,6],"floor_reached":51,"playtime":8689,"items_purged":["Doubt"],"score":834,"play_id":"59743bb0-25dc-4a85-b6f3-dfb339164f87","local_time":"20190115204129","is_ascension_mode":true,"campfire_choices":[{"data":"Zap","floor":6,"key":"SMITH"},{"data":"Go for the Eyes","floor":8,"key":"SMITH"},{"data":"Coolheaded","floor":15,"key":"SMITH"},{"data":"Buffer","floor":24,"key":"SMITH"},{"data":"Consume","floor":32,"key":"SMITH"},{"data":"Loop","floor":40,"key":"SMITH"},{"data":"Recycle","floor":47,"key":"SMITH"},{"floor":49,"key":"REST"}],"neow_cost":"NONE","seed_source_timestamp":435228394154434,"circlet_count":0,"master_deck":["Strike_B+1","Strike_B","Defend_B+1","Defend_B","Defend_B","Defend_B","Zap+1","Dualcast","Coolheaded","Cold Snap","Go for the Eyes+1","Coolheaded+1","Machine Learning+1","Auto Shields+1","Loop+1","Buffer+1","Consume+1","White Noise","Blizzard","Capacitor+1","Electrodynamics","Echo Form","Coolheaded+1","Recycle+1"],"relics":["Sozu","Orichalcum","Oddly Smooth Stone","Happy Flower","Ectoplasm","Pen Nib","Singing Bowl","Centennial Puzzle","Red Mask","Nilry\u0027s Codex","Empty Cage","Mango","Emotion Chip","Anchor","Frozen Egg 2"],"potions_floor_usage":[],"damage_taken":[{"damage":0,"enemies":"Small Slimes","floor":1,"turns":2},{"damage":0,"enemies":"2 Louse","floor":5,"turns":2},{"damage":0,"enemies":"Cultist","floor":7,"turns":3},{"damage":1,"enemies":"Large Slime","floor":10,"turns":4},{"damage":1,"enemies":"Red Slaver","floor":12,"turns":4},{"damage":10,"enemies":"Gremlin Nob","floor":13,"turns":6},{"damage":2,"enemies":"Looter","floor":14,"turns":2},{"damage":3,"enemies":"The Guardian","floor":16,"turns":12},{"damage":1,"enemies":"3 Byrds","floor":18,"turns":6},{"damage":1,"enemies":"Spheric Guardian","floor":20,"turns":6},{"damage":1,"enemies":"Snake Plant","floor":21,"turns":7},{"damage":0,"enemies":"Snecko","floor":22,"turns":8},{"damage":15,"enemies":"Book of Stabbing","floor":23,"turns":9},{"damage":8,"enemies":"Masked Bandits","floor":27,"turns":6},{"damage":0,"enemies":"Chosen and Byrds","floor":30,"turns":8},{"damage":0,"enemies":"Centurion and Healer","floor":31,"turns":6},{"damage":7,"enemies":"Champ","floor":33,"turns":12},{"damage":0,"enemies":"3 Shapes","floor":35,"turns":5},{"damage":16,"enemies":"3 Darklings","floor":36,"turns":4},{"damage":28,"enemies":"Transient","floor":38,"turns":5},{"damage":0,"enemies":"Mind Bloom Boss Battle","floor":39,"turns":7},{"damage":26,"enemies":"2 Orb Walkers","floor":42,"turns":5},{"damage":1,"enemies":"Sphere and 2 Shapes","floor":45,"turns":8},{"damage":0,"enemies":"Reptomancer","floor":46,"turns":7},{"damage":0,"enemies":"Writhing Mass","floor":48,"turns":7},{"damage":13,"enemies":"Awakened One","floor":50,"turns":11}],"seed_played":"-5106710515397671497","potions_obtained":[],"is_trial":false,"path_per_floor":["M","?","?","$","M","R","M","R","T","M","?","M","E","M","R","B",null,"M","?","M","M","M","E","R","$","T","?","?","?","M","M","R","B",null,"M","M","$","M","?","R","?","?","T","?","M","E","R","M","R","B",null],"character_chosen":"DEFECT","items_purchased":["Orichalcum","Cold Snap","Blizzard","Singing Bowl"],"campfire_rested":1,"item_purchase_floors":[4,4,25,25],"current_hp_per_floor":[75,75,60,60,60,60,60,60,60,59,59,58,48,46,46,43,75,74,74,73,72,72,57,57,57,57,51,35,35,35,35,35,28,77,79,65,65,37,53,53,53,29,29,29,30,30,30,32,61,48],"gold":6,"neow_bonus":"BOSS_RELIC","is_prod":false,"is_daily":false,"chose_seed":false,"campfire_upgraded":7,"win_rate":0,"timestamp":1547613689,"path_taken":["M","?","?","$","M","R","M","R","T","M","?","M","E","?","R","BOSS","M","?","M","?","M","E","R","$","T","?","?","?","M","M","R","BOSS","M","M","$","M","?","R","?","?","T","?","?","E","R","M","R","BOSS"],"build_version":"2019-01-10","purchased_purges":1,"victory":true,"max_hp_per_floor":[75,75,75,75,75,75,75,75,75,75,75,75,75,75,75,75,75,75,75,75,75,75,75,75,75,75,77,77,77,77,77,77,77,77,79,81,81,81,97,97,97,99,99,94,96,96,96,98,98,98],"card_choices":[{"not_picked":["Skim","Gash"],"picked":"Coolheaded","floor":1},{"not_picked":["Compile Driver","Rip and Tear","Redo"],"picked":"SKIP","floor":5},{"not_picked":["Gash","Conserve Battery"],"picked":"Go for the Eyes","floor":7},{"not_picked":["Streamline","Redo"],"picked":"Coolheaded","floor":10},{"not_picked":["Compile Driver","Redo","Aggregate"],"picked":"SKIP","floor":12},{"not_picked":["Double Energy","Go for the Eyes","Ball Lightning"],"picked":"SKIP","floor":13},{"not_picked":["Steam Power","Force Field","Rip and Tear"],"picked":"SKIP","floor":14},{"not_picked":["Thunder Strike","Multi-Cast"],"picked":"Machine Learning","floor":16},{"not_picked":["Go for the Eyes","Compile Driver"],"picked":"Auto Shields+1","floor":18},{"not_picked":["Sweeping Beam+1","Gash"],"picked":"Loop","floor":20},{"not_picked":["Scrape","Lockon+1"],"picked":"Buffer","floor":21},{"not_picked":["Stack+1","Redo"],"picked":"Consume","floor":22},{"not_picked":["Coolheaded","Ball Lightning+1"],"picked":"White Noise","floor":23},{"not_picked":["Lockon","Go for the Eyes","Hello World"],"picked":"Singing Bowl","floor":27},{"not_picked":["Heatsinks","Steam+1"],"picked":"Capacitor+1","floor":30},{"not_picked":["Chill","Genetic Algorithm"],"picked":"Electrodynamics","floor":31},{"not_picked":["Reboot","Hyperbeam"],"picked":"Echo Form","floor":33},{"not_picked":["Rip and Tear+1","Compile Driver+1","Hologram"],"picked":"Singing Bowl","floor":35},{"not_picked":["Rebound+1","Go for the Eyes+1","Steam Power"],"picked":"Singing Bowl","floor":36},{"not_picked":["Turbo+1","Redo+1"],"picked":"Coolheaded+1","floor":38},{"not_picked":["Steam","Rebound+1","Beam Cell+1"],"picked":"Singing Bowl","floor":39},{"not_picked":["Steam Power+1","Streamline+1","Electrodynamics"],"picked":"Singing Bowl","floor":42},{"not_picked":["Melter+1","Gash","Darkness"],"picked":"Singing Bowl","floor":45},{"not_picked":["Conserve Battery+1","Sweeping Beam+1"],"picked":"Recycle","floor":46},{"not_picked":["Heatsinks+1","Turbo+1","Gash"],"picked":"Singing Bowl","floor":48}],"player_experience":336180,"relics_obtained":[{"floor":9,"key":"Oddly Smooth Stone"},{"floor":13,"key":"Happy Flower"},{"floor":23,"key":"Pen Nib"},{"floor":26,"key":"Centennial Puzzle"},{"floor":27,"key":"Red Mask"},{"floor":28,"key":"Nilry\u0027s Codex"},{"floor":39,"key":"Mango"},{"floor":42,"key":"Emotion Chip"},{"floor":43,"key":"Anchor"},{"floor":46,"key":"Frozen Egg 2"}],"event_choices":[{"damage_healed":0,"gold_gain":175,"player_choice":"AGREE","damage_taken":0,"max_hp_gain":0,"max_hp_loss":0,"event_name":"Liars Game","floor":2,"gold_loss":0,"cards_obtained":["Doubt"]},{"damage_healed":0,"gold_gain":0,"player_choice":"Entered Light","damage_taken":15,"max_hp_gain":0,"max_hp_loss":0,"event_name":"Shining Light","floor":3,"gold_loss":0,"cards_upgraded":["Strike_B","Defend_B"]},{"damage_healed":0,"gold_gain":100,"player_choice":"Pray","damage_taken":0,"max_hp_gain":0,"max_hp_loss":0,"event_name":"Golden Shrine","floor":11,"gold_loss":0},{"damage_healed":0,"gold_gain":0,"player_choice":"Forge","damage_taken":0,"max_hp_gain":0,"max_hp_loss":0,"event_name":"Accursed Blacksmith","floor":19,"gold_loss":0,"cards_upgraded":["Machine Learning"]},{"damage_healed":0,"gold_gain":0,"player_choice":"Fought Bandits","damage_taken":0,"max_hp_gain":0,"max_hp_loss":0,"event_name":"Masked Bandits","floor":27,"gold_loss":0},{"damage_healed":0,"gold_gain":0,"player_choice":"Obtained Book","damage_taken":16,"max_hp_gain":0,"max_hp_loss":0,"event_name":"Cursed Tome","floor":28,"gold_loss":0},{"damage_healed":0,"gold_gain":0,"player_choice":"Ignored","damage_taken":0,"max_hp_gain":0,"max_hp_loss":0,"event_name":"Beggar","floor":29,"gold_loss":0},{"damage_healed":0,"gold_gain":0,"player_choice":"Fight","damage_taken":0,"max_hp_gain":0,"max_hp_loss":0,"event_name":"MindBloom","floor":39,"gold_loss":0},{"damage_healed":0,"gold_gain":222,"player_choice":"Wore Mask","damage_taken":0,"max_hp_gain":0,"max_hp_loss":0,"event_name":"Tomb of Lord Red Mask","floor":41,"gold_loss":0},{"damage_healed":0,"gold_gain":0,"player_choice":"Fight","damage_taken":0,"max_hp_gain":0,"max_hp_loss":0,"event_name":"Mysterious Sphere","floor":42,"gold_loss":0},{"damage_healed":0,"gold_gain":0,"player_choice":"Max HP","damage_taken":0,"max_hp_gain":0,"max_hp_loss":5,"event_name":"Winding Halls","floor":44,"gold_loss":0}],"is_beta":false,"boss_relics":[{"not_picked":["Lizard Tail","Coffee Dripper"],"picked":"Ectoplasm"},{"not_picked":["Eternal Feather","White Beast Statue"],"picked":"Empty Cage"}],"items_purged_floors":[4],"is_endless":false,"potions_floor_spawned":[7,12,13,16,20,22,23,31,33,35,36,39,48],"ascension_level":4}