{"gold_per_floor":[112,128,128,143,159,159,190,190,190,190,208,208,52,152,152,252,252,264,364,383,58,58,58,93,107,107,123,73,73,153,53,53,150,150,164,164,3,50,1049,1049,1059,1059,1059,1059,1059,1074,1088,1088],"floor_reached":48,"playtime":4049,"items_purged":["Strike_R","Shame","Strike_R"],"score":505,"play_id":"5cab9d3d-77a6-4e82-8fb1-d2ff34b60164","local_time":"20190202231810","is_ascension_mode":false,"campfire_choices":[{"data":"Uppercut","floor":6,"key":"SMITH"},{"floor":10,"key":"REST"},{"floor":12,"key":"RECALL"},{"data":"Armaments","floor":15,"key":"SMITH"},{"data":"True Grit","floor":23,"key":"SMITH"},{"data":"Inflame","floor":29,"key":"SMITH"},{"floor":32,"key":"REST"},{"floor":40,"key":"REST"},{"data":"Body Slam","floor":42,"key":"SMITH"},{"data":"Rage","floor":45,"key":"SMITH"}],"neow_cost":"NONE","seed_source_timestamp":120987797314378,"circlet_count":0,"master_deck":["Strike_R","Strike_R","Strike_R","Defend_R","Defend_R","Defend_R","Defend_R","Bash","Battle Trance","Uppercut+1","Ghostly Armor","Armaments+1","Cleave","Evolve","Impervious","Fire Breathing+1","Magnetism","True Grit+1","Disarm","Inflame+1","Battle Trance","Whirlwind","Juggernaut+1","Dark Shackles","Rage+1","Body Slam+1","Normality","Normality","Body Slam+1"],"relics":["Black Blood","Regal Pillow","FaceOfCleric","Charon\u0027s Ashes","Dodecahedron","Mark of Pain","Kunai","Frozen Egg 2","Turnip","Bottled Flame"],"potions_floor_usage":[4,7,33,47,48],"damage_taken":[{"damage":1,"enemies":"Cultist","floor":1,"turns":4},{"damage":3,"enemies":"Small Slimes","floor":2,"turns":3},{"damage":1,"enemies":"Jaw Worm","floor":4,"turns":5},{"damage":9,"enemies":"3 Louse","floor":5,"turns":4},{"damage":58,"enemies":"3 Sentries","floor":7,"turns":19},{"damage":1,"enemies":"Red Slaver","floor":11,"turns":6},{"damage":42,"enemies":"The Guardian","floor":16,"turns":15},{"damage":4,"enemies":"3 Byrds","floor":18,"turns":8},{"damage":0,"enemies":"Chosen","floor":20,"turns":4},{"damage":17,"enemies":"Sentry and Sphere","floor":24,"turns":8},{"damage":5,"enemies":"Snake Plant","floor":25,"turns":6},{"damage":1,"enemies":"Chosen and Byrds","floor":27,"turns":6},{"damage":71,"enemies":"3 Cultists","floor":30,"turns":8},{"damage":64,"enemies":"Automaton","floor":33,"turns":13},{"damage":0,"enemies":"3 Shapes","floor":35,"turns":3},{"damage":57,"enemies":"2 Orb Walkers","floor":38,"turns":6},{"damage":40,"enemies":"3 Darklings","floor":41,"turns":6},{"damage":63,"enemies":"Maw","floor":46,"turns":10},{"damage":5,"enemies":"Transient","floor":47,"turns":5},{"damage":24,"enemies":"Jaw Worm Horde","floor":48,"turns":3}],"seed_played":"7372394398915691625","potions_obtained":[{"floor":1,"key":"Fruit Juice"},{"floor":4,"key":"EntropicBrew"},{"floor":30,"key":"Regen Potion"},{"floor":33,"key":"AttackPotion"}],"is_trial":false,"path_per_floor":["M","M","?","M","M","R","E","?","T","R","M","R","$","?","R","B",null,"M","?","M","$","?","R","M","M","T","M","?","R","M","$","R","B",null,"M","?","$","?","?","R","M","R","T","?","R","M","M","M"],"character_chosen":"IRONCLAD","items_purchased":["Evolve","Magnetism","True Grit","Disarm","Inflame","Rage"],"campfire_rested":3,"item_purchase_floors":[13,21,21,21,21,37],"current_hp_per_floor":[80,80,80,86,84,84,33,33,33,74,80,80,80,80,80,45,90,91,91,92,92,92,92,82,84,84,90,90,90,26,26,69,27,97,98,98,98,52,52,96,67,67,67,67,67,15,21,0],"gold":1088,"neow_bonus":"RANDOM_COMMON_RELIC","is_prod":false,"is_daily":false,"chose_seed":false,"campfire_upgraded":6,"win_rate":0,"timestamp":1549145890,"path_taken":["M","M","?","M","?","R","E","?","T","R","?","R","$","?","R","BOSS","M","?","?","$","?","R","M","M","T","M","?","R","?","?","R","BOSS","M","?","$","?","?","R","M","R","T","?","R","?","M","M"],"build_version":"2019-01-23","purchased_purges":3,"victory":false,"max_hp_per_floor":[80,80,80,86,87,87,88,88,88,88,89,89,89,89,89,90,90,91,91,92,92,92,92,93,94,94,95,95,95,96,96,96,97,97,98,98,98,99,99,99,100,100,100,100,100,101,102,102],"card_choices":[{"not_picked":["Carnage","Hemokinesis","Pummel"],"picked":"SKIP","floor":1},{"not_picked":["Sword Boomerang","Warcry"],"picked":"Battle Trance","floor":2},{"not_picked":["Clash","Havoc"],"picked":"Uppercut","floor":4},{"not_picked":["Heavy Blade","Perfected Strike"],"picked":"Ghostly Armor","floor":5},{"not_picked":["Feed","Carnage"],"picked":"Armaments","floor":7},{"not_picked":["Seeing Red","Clothesline"],"picked":"Cleave","floor":11},{"not_picked":["Brutality","Immolate"],"picked":"Impervious","floor":16},{"not_picked":["Sword Boomerang+1","Reckless Charge","Rampage+1"],"picked":"SKIP","floor":18},{"not_picked":["Dropkick+1","Battle Trance"],"picked":"Fire Breathing+1","floor":20},{"not_picked":["Armaments+1","Evolve+1"],"picked":"Battle Trance","floor":24},{"not_picked":["Thunderclap","Immolate","Searing Blow"],"picked":"SKIP","floor":25},{"not_picked":["Clothesline","Armaments+1","Twin Strike"],"picked":"SKIP","floor":27},{"not_picked":["Havoc","Pommel Strike"],"picked":"Whirlwind","floor":30},{"not_picked":["Offering","Double Tap"],"picked":"Juggernaut+1","floor":33},{"not_picked":["Havoc+1","Wild Strike+1","Sword Boomerang+1"],"picked":"SKIP","floor":35},{"not_picked":["Impatience","Good Instincts"],"picked":"Dark Shackles","floor":36},{"not_picked":["Wild Strike+1","Clash+1"],"picked":"Body Slam","floor":38},{"not_picked":["Thunderclap+1","Fire Breathing+1","Clash"],"picked":"SKIP","floor":41},{"not_picked":["Thunderclap+1","Juggernaut+1","Wild Strike"],"picked":"SKIP","floor":46},{"not_picked":["Anger+1","Shockwave+1"],"picked":"Body Slam+1","floor":47}],"player_experience":496189,"relics_obtained":[{"floor":7,"key":"Charon\u0027s Ashes"},{"floor":8,"key":"Dodecahedron"},{"floor":26,"key":"Frozen Egg 2"},{"floor":38,"key":"Turnip"},{"floor":43,"key":"Bottled Flame"}],"event_choices":[{"damage_healed":0,"gold_gain":0,"player_choice":"Trade","damage_taken":0,"relics_obtained":["FaceOfCleric"],"max_hp_gain":0,"max_hp_loss":0,"event_name":"FaceTrader","floor":3,"gold_loss":0},{"damage_healed":0,"gold_gain":0,"player_choice":"Relic","damage_taken":0,"max_hp_gain":0,"max_hp_loss":0,"event_name":"Wheel of Change","floor":8,"gold_loss":0},{"damage_healed":0,"gold_gain":100,"player_choice":"Pray","damage_taken":0,"max_hp_gain":0,"max_hp_loss":0,"event_name":"Golden Shrine","floor":14,"gold_loss":0},{"damage_healed":0,"gold_gain":100,"player_choice":"Pray","damage_taken":0,"max_hp_gain":0,"max_hp_loss":0,"event_name":"Golden Shrine","floor":19,"gold_loss":0},{"damage_healed":0,"gold_gain":0,"player_choice":"Stole Relic","damage_taken":0,"relics_obtained":["Kunai"],"max_hp_gain":0,"max_hp_loss":0,"event_name":"Addict","floor":22,"gold_loss":0,"cards_obtained":["Shame"]},{"damage_healed":0,"gold_gain":0,"player_choice":"Bet on Owner","damage_taken":0,"max_hp_gain":0,"max_hp_loss":0,"event_name":"The Joust","floor":28,"gold_loss":50},{"damage_healed":0,"gold_gain":0,"player_choice":"Memory 1","damage_taken":0,"max_hp_gain":0,"max_hp_loss":0,"event_name":"SensoryStone","floor":36,"gold_loss":0},{"damage_healed":0,"gold_gain":0,"player_choice":"Fight","damage_taken":0,"max_hp_gain":0,"max_hp_loss":0,"event_name":"Mysterious Sphere","floor":38,"gold_loss":0},{"damage_healed":0,"gold_gain":999,"player_choice":"Gold","damage_taken":0,"max_hp_gain":0,"max_hp_loss":0,"event_name":"MindBloom","floor":39,"gold_loss":0,"cards_obtained":["Normality","Normality"]},{"damage_healed":0,"gold_gain":0,"player_choice":"Ignored","damage_taken":0,"max_hp_gain":0,"max_hp_loss":0,"event_name":"NoteForYourself","floor":44,"gold_loss":0}],"is_beta":false,"boss_relics":[{"not_picked":["Astrolabe","Coffee Dripper"],"picked":"Mark of Pain"},{"not_picked":["Fusion Hammer","Pandora\u0027s Box"],"picked":"Black Blood"}],"items_purged_floors":[13,31,37],"is_endless":false,"potions_floor_spawned":[1,4,7,11,16,18,25,27,30,33,38],"killed_by":"Jaw Worm Horde","ascension_level":0}