{"gold_per_floor":[119,138,152,5,19,19,97,97,97,97,47,2,2,2,2,102,102,118,33,33,51,61,61,0,14,14,14,29,47,47],"floor_reached":30,"playtime":1715,"items_purged":[],"score":231,"play_id":"a1e79bb0-03b3-4b70-9a77-78cdcd6d4494","local_time":"20190201031120","is_ascension_mode":true,"campfire_choices":[{"floor":6,"key":"RECALL"},{"data":"Defragment","floor":8,"key":"SMITH"},{"data":"Dualcast","floor":10,"key":"SMITH"},{"data":"Redo","floor":13,"key":"SMITH"},{"data":"Go for the Eyes","floor":15,"key":"SMITH"},{"data":"Chaos","floor":23,"key":"SMITH"},{"data":"Rainbow","floor":27,"key":"SMITH"}],"neow_cost":"NONE","seed_source_timestamp":48992664966561,"circlet_count":0,"master_deck":["Strike_B","Strike_B","Strike_B","Defend_B","Defend_B","Defend_B","Defend_B","Zap+1","Dualcast+1","Melter","Streamline","Stack","Defragment+1","Redo+1","Go for the Eyes+1","Darkness","Conserve Battery","Rainbow+1","Sweeping Beam+1","Defragment+1","Chaos+1","Storm","Redo","Barrage+1","Auto Shields+1"],"relics":["Cracked Core","Eternal Feather","Kunai","Pear"],"potions_floor_usage":[25,29,30],"damage_taken":[{"damage":3,"enemies":"Jaw Worm","floor":1,"turns":3},{"damage":0,"enemies":"2 Louse","floor":2,"turns":2},{"damage":0,"enemies":"Small Slimes","floor":3,"turns":2},{"damage":5,"enemies":"Looter","floor":5,"turns":3},{"damage":16,"enemies":"Slime Boss","floor":16,"turns":11},{"damage":9,"enemies":"Shell Parasite","floor":18,"turns":5},{"damage":9,"enemies":"Chosen","floor":21,"turns":5},{"damage":39,"enemies":"Snecko","floor":22,"turns":5},{"damage":11,"enemies":"Centurion and Healer","floor":25,"turns":9},{"damage":9,"enemies":"Cultist and Chosen","floor":28,"turns":7},{"damage":0,"enemies":"Sentry and Sphere","floor":29,"turns":2},{"damage":39,"enemies":"Gremlin Leader","floor":30,"turns":2}],"seed_played":"-989796665548538128","potions_obtained":[{"floor":1,"key":"Energy Potion"},{"floor":3,"key":"Poison Potion"},{"floor":5,"key":"GamblersBrew"},{"floor":29,"key":"GamblersBrew"}],"is_trial":false,"path_per_floor":["?","?","$","?","?","?","M","?"],"character_chosen":"DEFECT","items_purchased":["Defragment","Redo","Go for the Eyes","Conserve Battery"],"campfire_rested":0,"item_purchase_floors":[4,4,4,12],"current_hp_per_floor":[72,72,72,72,67,67,67,67,67,67,67,67,67,67,67,51,75,66,66,66,57,18,30,30,19,29,41,32,32,0],"gold":47,"neow_bonus":"UPGRADE_CARD","is_prod":false,"is_daily":false,"chose_seed":false,"campfire_upgraded":6,"win_rate":0,"timestamp":1548987080,"path_taken":["M","M","M","$","M","R","?","R","T","R","?","?","R","?","R","BOSS","M","?","?","M","?","R","?","M","T","R","M","M","E"],"build_version":"2019-01-23","purchased_purges":0,"victory":false,"max_hp_per_floor":[75,75,75,75,75,75,75,75,75,75,75,75,75,75,75,75,75,75,75,75,75,75,75,75,75,85,85,85,85,85],"card_choices":[{"not_picked":["Consume","Skim"],"picked":"Melter","floor":1},{"not_picked":["Barrage","Go for the Eyes"],"picked":"Streamline","floor":2},{"not_picked":["Hologram","Rebound"],"picked":"Stack","floor":3},{"not_picked":["Rebound","Gash"],"picked":"Darkness","floor":5},{"not_picked":["Biased Cognition","Buffer"],"picked":"Rainbow","floor":16},{"not_picked":["Steam Power","Cold Snap"],"picked":"Sweeping Beam+1","floor":18},{"not_picked":["Leap","Double Energy"],"picked":"Chaos","floor":21},{"not_picked":["Hologram+1","Compile Driver+1"],"picked":"Storm","floor":22},{"not_picked":["Hologram","Coolheaded"],"picked":"Redo","floor":25},{"not_picked":["Redo","Coolheaded"],"picked":"Barrage+1","floor":28},{"not_picked":["Go for the Eyes+1","Ball Lightning"],"picked":"Auto Shields+1","floor":29}],"player_experience":113921,"relics_obtained":[{"floor":26,"key":"Pear"}],"event_choices":[{"damage_healed":0,"gold_gain":78,"player_choice":"Gained Gold","damage_taken":0,"max_hp_gain":0,"max_hp_loss":0,"event_name":"Golden Wing","floor":7,"gold_loss":0},{"cards_removed":["Strike_B"],"damage_healed":0,"gold_gain":0,"player_choice":"Card Removal","damage_taken":0,"max_hp_gain":0,"max_hp_loss":0,"event_name":"The Cleric","floor":11,"gold_loss":50},{"damage_healed":0,"gold_gain":0,"player_choice":"Ignored","damage_taken":0,"max_hp_gain":0,"max_hp_loss":0,"event_name":"Liars Game","floor":14,"gold_loss":0},{"damage_healed":0,"gold_gain":0,"player_choice":"Obtained Relic","damage_taken":0,"relics_obtained":["Kunai"],"max_hp_gain":0,"max_hp_loss":0,"event_name":"Addict","floor":19,"gold_loss":85},{"damage_healed":0,"gold_gain":0,"player_choice":"Copied","damage_taken":0,"max_hp_gain":0,"max_hp_loss":0,"event_name":"Duplicator","floor":20,"gold_loss":0,"cards_obtained":["Defragment"]},{"damage_healed":0,"gold_gain":0,"player_choice":"Paid Fearfully","damage_taken":0,"max_hp_gain":0,"max_hp_loss":0,"event_name":"Masked Bandits","floor":24,"gold_loss":61}],"is_beta":false,"boss_relics":[{"not_picked":["Philosopher\u0027s Stone","Busted Crown"],"picked":"Eternal Feather"}],"items_purged_floors":[],"is_endless":false,"potions_floor_spawned":[1,3,5,21,29],"killed_by":"Gremlin Leader","ascension_level":1}