{"gold_per_floor":[116,128,142,152,169,201,23,55,81,99,117,117,131,131,131,232,232,248,262,273,292,292,326,342,342,365,66,95,95,95,95,95,198,248,260,260,260],"floor_reached":37,"playtime":7108,"items_purged":["Defend_R"],"score":453,"play_id":"8edd62d9-3b42-4370-ae94-a45ed3326a12","local_time":"20181128235040","is_ascension_mode":false,"campfire_choices":[{"data":"Flame Barrier","floor":12,"key":"SMITH"},{"data":"Armaments","floor":15,"key":"SMITH"},{"data":"Berserk","floor":30,"key":"SMITH"},{"data":"RitualDagger","floor":32,"key":"SMITH"}],"neow_cost":"NONE","seed_source_timestamp":196138276196405,"circlet_count":0,"master_deck":["Defend_R+1","Defend_R+1","Defend_R+1","Bash","Armaments+1","Flame Barrier+1","Uppercut","Iron Wave","Iron Wave","Headbutt","Ghostly Armor","Warcry","Berserk+1","Pommel Strike+1","Shrug It Off","Armaments","Bite","Bite","Bite","Bite","Bite","Shrug It Off","Body Slam","Shrug It Off","Infernal Blade","RitualDagger+1","Barricade"],"relics":["Burning Blood","War Paint","Anchor","PreservedInsect","Mark of Pain","Dream Catcher","Bag of Marbles","Lantern","Red Mask","Tiny House"],"potions_floor_usage":[6,6,13,16,16,28,33,37],"damage_taken":[{"damage":10,"enemies":"Cultist","floor":1,"turns":4},{"damage":8,"enemies":"Jaw Worm","floor":2,"turns":6},{"damage":0,"enemies":"2 Louse","floor":3,"turns":3},{"damage":12,"enemies":"Looter","floor":4,"turns":5},{"damage":6,"enemies":"Blue Slaver","floor":5,"turns":6},{"damage":18,"enemies":"Lagavulin","floor":6,"turns":6},{"damage":25,"enemies":"Gremlin Nob","floor":8,"turns":6},{"damage":5,"enemies":"2 Fungi Beasts","floor":10,"turns":3},{"damage":0,"enemies":"3 Louse","floor":11,"turns":4},{"damage":0,"enemies":"Large Slime","floor":13,"turns":6},{"damage":41,"enemies":"Hexaghost","floor":16,"turns":15},{"damage":4,"enemies":"Shell Parasite","floor":18,"turns":7},{"damage":0,"enemies":"Chosen","floor":19,"turns":4},{"damage":7,"enemies":"Shelled Parasite and Fungi","floor":20,"turns":7},{"damage":4,"enemies":"Chosen and Byrds","floor":21,"turns":6},{"damage":5,"enemies":"Slavers","floor":23,"turns":6},{"damage":0,"enemies":"Snake Plant","floor":24,"turns":4},{"damage":17,"enemies":"Masked Bandits","floor":28,"turns":6},{"damage":65,"enemies":"Champ","floor":33,"turns":13},{"damage":1,"enemies":"3 Darklings","floor":35,"turns":8},{"damage":105,"enemies":"2 Orb Walkers","floor":37,"turns":7}],"seed_played":"4962739348750863534","potions_obtained":[{"floor":1,"key":"SteroidPotion"},{"floor":2,"key":"AttackPotion"},{"floor":3,"key":"Weak Potion"},{"floor":4,"key":"GamblersBrew"},{"floor":10,"key":"SteroidPotion"},{"floor":13,"key":"SteroidPotion"},{"floor":19,"key":"Explosive Potion"},{"floor":23,"key":"Swift Potion"},{"floor":33,"key":"EssenceOfSteel"},{"floor":34,"key":"Energy Potion"}],"is_trial":false,"path_per_floor":["M","M","M","M","M","E","$","E","T","M","M","R","M","?","R","B",null,"M","M","M","M","?","E","M","?","T","$","?","?","R","?","R","B",null,"M","?","?"],"character_chosen":"IRONCLAD","items_purchased":["Anchor","Headbutt","Lantern","Body Slam","Shrug It Off"],"campfire_rested":0,"item_purchase_floors":[7,7,27,27,27],"current_hp_per_floor":[84,82,88,82,82,70,70,51,51,54,62,62,70,75,75,42,93,93,93,92,93,93,93,93,93,93,93,93,93,93,87,87,52,98,98,98,0],"gold":260,"neow_bonus":"TEN_PERCENT_HP_BONUS","is_prod":false,"is_daily":false,"chose_seed":false,"campfire_upgraded":4,"win_rate":0.0,"timestamp":1543477840,"path_taken":["M","M","M","M","?","E","$","E","T","M","M","R","M","?","R","BOSS","M","M","M","M","?","E","M","?","T","$","?","?","R","?","R","BOSS","M","?","?"],"build_version":"2018-11-15","purchased_purges":1,"victory":false,"max_hp_per_floor":[88,88,88,88,88,88,88,88,88,88,88,88,88,93,93,93,93,93,93,93,93,93,93,93,93,93,93,93,93,93,93,93,93,98,98,98,98],"card_choices":[{"not_picked":["Dual Wield","Dropkick"],"picked":"Armaments","floor":1},{"not_picked":["Reckless Charge","Rupture"],"picked":"Flame Barrier","floor":2},{"not_picked":["Flex","Reckless Charge","Warcry"],"picked":"SKIP","floor":3},{"not_picked":["Warcry","Clothesline"],"picked":"Uppercut","floor":4},{"not_picked":["Body Slam","Carnage"],"picked":"Iron Wave","floor":5},{"not_picked":["Warcry","Dark Embrace"],"picked":"Iron Wave","floor":6},{"not_picked":["Flex","Pommel Strike"],"picked":"Ghostly Armor","floor":8},{"not_picked":["Perfected Strike","Reckless Charge"],"picked":"Warcry","floor":10},{"not_picked":["Corruption","Combust","True Grit"],"picked":"SKIP","floor":11},{"not_picked":["Pummel","Feel No Pain","Warcry"],"picked":"SKIP","floor":13},{"not_picked":["Double Tap","Fiend Fire"],"picked":"Berserk","floor":16},{"not_picked":["Pummel","Flex+1"],"picked":"Pommel Strike+1","floor":18},{"not_picked":["Shrug It Off","Flex"],"picked":"Pommel Strike+1","floor":19},{"not_picked":["Bloodletting+1","Flex"],"picked":"Shrug It Off","floor":20},{"not_picked":["Feel No Pain+1","Sever Soul+1"],"picked":"Armaments","floor":21},{"not_picked":["Clothesline","Sword Boomerang"],"picked":"Shrug It Off","floor":23},{"not_picked":["Second Wind+1","Uppercut+1","Perfected Strike"],"picked":"SKIP","floor":24},{"not_picked":["Rupture+1","Warcry"],"picked":"Infernal Blade","floor":28},{"not_picked":["Feed","Double Tap"],"picked":"Barricade","floor":33},{"not_picked":["Reckless Charge+1","Flex+1","Ghostly Armor"],"picked":"SKIP","floor":35}],"player_experience":3504,"relics_obtained":[{"floor":6,"key":"War Paint"},{"floor":8,"key":"PreservedInsect"},{"floor":9,"key":"Blood Vial"},{"floor":23,"key":"Dream Catcher"},{"floor":26,"key":"Bag of Marbles"},{"floor":28,"key":"Red Mask"}],"event_choices":[{"damage_healed":0,"gold_gain":0,"player_choice":"Donut","damage_taken":0,"max_hp_gain":5,"max_hp_loss":0,"event_name":"Big Fish","floor":14,"gold_loss":0},{"damage_healed":0,"gold_gain":0,"player_choice":"Became a vampire (Vial)","damage_taken":0,"max_hp_gain":0,"max_hp_loss":0,"event_name":"Vampires","floor":22,"relics_lost":["Blood Vial"],"gold_loss":0,"cards_obtained":["Bite","Bite","Bite","Bite","Bite"]},{"damage_healed":0,"gold_gain":0,"player_choice":"Ignored","damage_taken":0,"max_hp_gain":0,"max_hp_loss":0,"event_name":"Beggar","floor":25,"gold_loss":0},{"damage_healed":0,"gold_gain":0,"player_choice":"Fought Bandits","damage_taken":0,"max_hp_gain":0,"max_hp_loss":0,"event_name":"Masked Bandits","floor":28,"gold_loss":0},{"damage_healed":0,"gold_gain":0,"player_choice":"Ignored","damage_taken":0,"max_hp_gain":0,"max_hp_loss":0,"event_name":"Ghosts","floor":29,"gold_loss":0},{"damage_healed":0,"gold_gain":0,"player_choice":"Joined the Cult","damage_taken":6,"max_hp_gain":0,"max_hp_loss":0,"event_name":"Nest","floor":31,"gold_loss":0,"cards_obtained":["RitualDagger"]},{"cards_removed":["Pommel Strike"],"damage_healed":0,"gold_gain":0,"player_choice":"Removed Attack","damage_taken":0,"max_hp_gain":0,"max_hp_loss":0,"event_name":"Falling","floor":36,"gold_loss":0},{"damage_healed":0,"gold_gain":0,"player_choice":"Fight","damage_taken":0,"max_hp_gain":0,"max_hp_loss":0,"event_name":"Mysterious Sphere","floor":37,"gold_loss":0}],"is_beta":false,"boss_relics":[{"not_picked":["Lizard Tail","Calling Bell"],"picked":"Mark of Pain"},{"not_picked":["Astrolabe","Runic Dome"],"picked":"Tiny House"}],"items_purged_floors":[27],"is_endless":false,"potions_floor_spawned":[1,2,3,4,10,13,19,23,33],"killed_by":"2 Orb Walkers","ascension_level":0}