{"gold_per_floor":[123,135,147,159,192,248,275,287,379,412,324,176,219,235,235,235],"floor_reached":16,"playtime":1124,"items_purged":["Strike_R","Strike_R"],"score":110,"play_id":"b35babad-1c0f-48ee-989b-3b3e6cf78de2","local_time":"20181227122945","is_ascension_mode":false,"campfire_choices":[{"floor":8,"key":"REST"},{"data":"Shrug It Off","floor":15,"key":"SMITH"}],"neow_cost":"NONE","seed_source_timestamp":505428803060698,"circlet_count":0,"master_deck":["Strike_R","Strike_R","Defend_R","Defend_R","Defend_R","Defend_R","Bash","Cleave","Thunderclap","Shrug It Off+1","Shrug It Off","Iron Wave","Shrug It Off","Inflame+1"],"relics":["Burning Blood","MawBank","Dream Catcher","Golden Idol","Gremlin Horn","Paper Frog","Frozen Egg 2"],"potions_floor_usage":[16],"damage_taken":[{"damage":0,"enemies":"Cultist","floor":1,"turns":4},{"damage":7,"enemies":"2 Louse","floor":5,"turns":2},{"damage":50,"enemies":"Lagavulin","floor":6,"turns":6},{"damage":2,"enemies":"Small Slimes","floor":7,"turns":3},{"damage":14,"enemies":"Blue Slaver","floor":10,"turns":4},{"damage":15,"enemies":"3 Sentries","floor":13,"turns":7},{"damage":0,"enemies":"Lots of Slimes","floor":14,"turns":1},{"damage":31,"enemies":"Slime Boss","floor":16,"turns":12}],"seed_played":"-8921914538028201686","potions_obtained":[{"floor":5,"key":"SkillPotion"},{"floor":7,"key":"GamblersBrew"},{"floor":13,"key":"GamblersBrew"}],"is_trial":false,"path_per_floor":["M","?","?","?","M","E","M","R","T","M","$","$","E","M","R","B"],"character_chosen":"IRONCLAD","items_purchased":["Iron Wave","Shrug It Off"],"campfire_rested":1,"item_purchase_floors":[11,12],"current_hp_per_floor":[80,68,61,61,60,16,20,42,42,34,34,34,25,31,31,0],"gold":235,"neow_bonus":"RANDOM_COMMON_RELIC","is_prod":false,"is_daily":false,"chose_seed":false,"campfire_upgraded":1,"win_rate":0.0,"timestamp":1545942585,"path_taken":["M","?","?","?","M","E","M","R","T","M","?","$","E","M","R","BOSS"],"build_version":"2018-12-20","purchased_purges":2,"victory":false,"max_hp_per_floor":[80,80,80,74,74,74,74,74,74,74,74,74,74,74,74,74],"card_choices":[{"not_picked":["Warcry","Armaments"],"picked":"Cleave","floor":1},{"not_picked":["Perfected Strike","Rampage","Entrench"],"picked":"SKIP","floor":5},{"not_picked":["Feel No Pain","Dual Wield"],"picked":"Thunderclap","floor":6},{"not_picked":["True Grit","Clothesline","Body Slam"],"picked":"SKIP","floor":7},{"not_picked":["Iron Wave","Body Slam"],"picked":"Shrug It Off","floor":8},{"not_picked":["Headbutt","Feed"],"picked":"Shrug It Off","floor":10},{"not_picked":["Armaments","Carnage","Pommel Strike"],"picked":"SKIP","floor":13},{"not_picked":["Corruption+1","Twin Strike"],"picked":"Inflame+1","floor":14}],"player_experience":9563,"relics_obtained":[{"floor":6,"key":"Gremlin Horn"},{"floor":9,"key":"Paper Frog"},{"floor":13,"key":"Frozen Egg 2"}],"event_choices":[{"damage_healed":0,"gold_gain":0,"player_choice":"Success","damage_taken":12,"relics_obtained":["Dream Catcher"],"max_hp_gain":0,"max_hp_loss":0,"event_name":"Scrap Ooze","floor":2,"gold_loss":0},{"cards_removed":["Strike_R"],"damage_healed":0,"gold_gain":0,"player_choice":"Card Removal","damage_taken":7,"max_hp_gain":0,"max_hp_loss":0,"event_name":"Golden Wing","floor":3,"gold_loss":0},{"damage_healed":0,"gold_gain":0,"player_choice":"Lose Max HP","damage_taken":0,"relics_obtained":["Golden Idol"],"max_hp_gain":0,"max_hp_loss":6,"event_name":"Golden Idol","floor":4,"gold_loss":0}],"is_beta":false,"boss_relics":[],"items_purged_floors":[11,12],"is_endless":false,"potions_floor_spawned":[5,7,13],"killed_by":"Slime Boss","ascension_level":0}