{"gold_per_floor":[113,113,113,124,124,154,154,154,178,192,142,142,46,60,60,186,186,205,20,41,57,77,77,2,2,2,2,2,2,19,52,52,147,147,164,0,19,30,30,64,64,81,104,12,26,41,41,51,51,51],"floor_reached":50,"playtime":3863,"items_purged":["Storm"],"score":640,"play_id":"f642d3ca-f710-49c7-be2f-150505f3311f","local_time":"20181002003421","is_ascension_mode":true,"campfire_choices":[{"floor":7,"key":"REST"},{"data":"All For One","floor":12,"key":"SMITH"},{"data":"Dualcast","floor":15,"key":"SMITH"},{"data":"Fusion","floor":23,"key":"SMITH"},{"floor":25,"key":"REST"},{"data":"Secret Weapon","floor":27,"key":"SMITH"},{"data":"Leap","floor":32,"key":"SMITH"},{"floor":41,"key":"REST"},{"data":"Hyperbeam","floor":47,"key":"SMITH"},{"data":"Buffer","floor":49,"key":"SMITH"}],"neow_cost":"NONE","seed_source_timestamp":830510280221449,"circlet_count":0,"master_deck":["Zap+1","Dualcast+1","All For One+1","Gash","Sweeping Beam","Steam","Conserve Battery","Fusion+1","Streamline","Gash","Hyperbeam+1","Rebound","Recycle","Reprogram","Turbo","Barrage","Go for the Eyes+1","Secret Weapon+1","Gash+1","Hologram+1","Genetic Algorithm","All For One+1","Leap+1","Hyperbeam","Steam+1","Melter","Buffer+1","Stack+1","Madness","Gash","Tempest+1","Conserve Battery+1"],"relics":["Cracked Core","FossilizedHelix","Blood Vial","Bloody Idol","Bag of Preparation","Pandora\u0027s Box","Pantograph","Boot","Nuclear Battery","Red Mask","Unceasing Top","Happy Flower"],"potions_floor_usage":[21,33,33,35,37,50,50,50],"damage_taken":[{"damage":1,"enemies":"2 Louse","floor":1,"turns":3},{"damage":1,"enemies":"Cultist","floor":4,"turns":3},{"damage":10,"enemies":"Lagavulin","floor":6,"turns":6},{"damage":0,"enemies":"Jaw Worm","floor":10,"turns":2},{"damage":0,"enemies":"2 Fungi Beasts","floor":14,"turns":2},{"damage":40,"enemies":"Slime Boss","floor":16,"turns":11},{"damage":0,"enemies":"Spheric Guardian","floor":18,"turns":3},{"damage":4,"enemies":"Chosen","floor":20,"turns":3},{"damage":13,"enemies":"Snake Plant","floor":21,"turns":3},{"damage":0,"enemies":"3 Cultists","floor":22,"turns":3},{"damage":10,"enemies":"Centurion and Healer","floor":30,"turns":4},{"damage":7,"enemies":"Book of Stabbing","floor":31,"turns":3},{"damage":23,"enemies":"Champ","floor":33,"turns":7},{"damage":9,"enemies":"3 Shapes","floor":35,"turns":3},{"damage":0,"enemies":"Orb Walker","floor":37,"turns":2},{"damage":18,"enemies":"4 Shapes","floor":38,"turns":3},{"damage":31,"enemies":"2 Orb Walkers","floor":40,"turns":3},{"damage":8,"enemies":"Spire Growth","floor":42,"turns":4},{"damage":11,"enemies":"Maw","floor":45,"turns":8},{"damage":0,"enemies":"4 Shapes","floor":46,"turns":3},{"damage":0,"enemies":"Reptomancer","floor":48,"turns":3},{"damage":92,"enemies":"Time Eater","floor":50,"turns":10}],"seed_played":"-149054458744383364","potions_obtained":[{"floor":14,"key":"FearPotion"},{"floor":16,"key":"Block Potion"},{"floor":18,"key":"Fire Potion"},{"floor":21,"key":"FocusPotion"},{"floor":33,"key":"Poison Potion"},{"floor":35,"key":"SpeedPotion"},{"floor":37,"key":"SpeedPotion"},{"floor":42,"key":"Dexterity Potion"},{"floor":45,"key":"Regen Potion"}],"is_trial":false,"path_per_floor":["M","?","?","M","T","E","R","?","T","M","?","R","$","M","R","B",null,"M","$","M","M","M","R","$","R","T","R","?","?","M","E","R","B",null,"M","?","M","M","?","E","R","M","T","$","M","M","R","M","R"],"character_chosen":"DEFECT","items_purchased":["Fusion","Streamline","Secret Weapon","Madness"],"campfire_rested":3,"item_purchase_floors":[13,13,19,44],"current_hp_per_floor":[74,75,60,59,59,49,71,53,53,55,55,55,55,57,57,19,61,63,63,61,50,52,52,52,74,74,74,74,74,70,70,70,57,71,69,69,75,62,62,38,60,59,64,64,60,67,67,74,74,0],"gold":51,"neow_bonus":"ONE_RANDOM_RARE_CARD","is_prod":false,"is_daily":false,"chose_seed":false,"campfire_upgraded":7,"win_rate":0,"timestamp":1538458461,"path_taken":["M","?","?","?","?","E","R","?","T","?","?","R","$","M","R","BOSS","M","$","M","M","M","R","$","R","T","R","?","?","M","E","R","BOSS","M","?","M","M","?","E","R","M","T","$","M","?","R","M","R","BOSS"],"build_version":"2018-09-27","purchased_purges":1,"victory":false,"max_hp_per_floor":[75,75,75,75,75,75,75,75,75,75,75,75,75,75,75,75,75,75,75,75,75,75,75,75,75,75,75,75,75,75,75,75,75,75,75,75,75,75,75,75,75,75,75,75,75,75,75,75,75,75],"card_choices":[{"not_picked":["Turbo","Coolheaded"],"picked":"Gash","floor":1},{"not_picked":["Coolheaded","Ball Lightning"],"picked":"Sweeping Beam","floor":4},{"not_picked":["Loop","Chaos"],"picked":"Steam","floor":6},{"not_picked":["Glacier","Static Discharge"],"picked":"Conserve Battery","floor":10},{"not_picked":["Self Repair","Aggregate"],"picked":"Gash","floor":14},{"not_picked":["Meteor Strike","Electrodynamics"],"picked":"Hyperbeam","floor":16},{"not_picked":["Gash","Coolheaded"],"picked":"Go for the Eyes+1","floor":18},{"not_picked":["Conserve Battery","Auto Shields+1"],"picked":"Gash+1","floor":20},{"not_picked":["Compile Driver","Streamline"],"picked":"Hologram+1","floor":21},{"not_picked":["Loop","Hologram"],"picked":"Genetic Algorithm","floor":22},{"not_picked":["Sunder","Ball Lightning+1"],"picked":"Leap","floor":30},{"not_picked":["Consume","Darkness","Biased Cognition"],"picked":"SKIP","floor":31},{"not_picked":["Amplify","Reboot"],"picked":"Hyperbeam","floor":33},{"not_picked":["Streamline+1","Rebound+1"],"picked":"Steam+1","floor":35},{"not_picked":["Rebound","Stack","Chaos"],"picked":"SKIP","floor":37},{"not_picked":["Aggregate+1","Barrage"],"picked":"Melter","floor":38},{"not_picked":["Go for the Eyes","Coolheaded+1"],"picked":"Buffer","floor":40},{"not_picked":["Lockon","Sweeping Beam"],"picked":"Stack+1","floor":42},{"not_picked":["Fusion+1","Leap+1"],"picked":"Gash","floor":45},{"not_picked":["Hologram","Rip and Tear+1"],"picked":"Tempest+1","floor":46},{"not_picked":["Leap+1","Double Energy"],"picked":"Conserve Battery+1","floor":48}],"player_experience":370762,"relics_obtained":[{"floor":5,"key":"FossilizedHelix"},{"floor":6,"key":"Blood Vial"},{"floor":9,"key":"Bag of Preparation"},{"floor":26,"key":"Pantograph"},{"floor":31,"key":"Boot"},{"floor":40,"key":"Unceasing Top"},{"floor":43,"key":"Happy Flower"}],"event_choices":[{"event_name":"Wheel of Change","player_choice":"Full Heal","floor":2,"damage_taken":0},{"event_name":"Shining Light","player_choice":"Entered Light","floor":3,"damage_taken":0},{"event_name":"Golden Idol","player_choice":"Take Damage","floor":8,"damage_taken":0},{"event_name":"The Cleric","player_choice":"Card Removal","floor":11,"damage_taken":0},{"event_name":"Duplicator","player_choice":"One dupe","floor":28,"damage_taken":0},{"event_name":"Forgotten Altar","player_choice":"Gave Idol","floor":29,"damage_taken":0},{"event_name":"Tomb of Lord Red Mask","player_choice":"Paid","floor":36,"damage_taken":0},{"event_name":"Purifier","player_choice":"One Purge","floor":39,"damage_taken":0}],"is_beta":false,"boss_relics":[{"not_picked":["Busted Crown","Runic Dome"],"picked":"Pandora\u0027s Box"},{"not_picked":["Philosopher\u0027s Stone","Inserter"],"picked":"Nuclear Battery"}],"items_purged_floors":[24],"is_endless":false,"potions_floor_spawned":[14,16,18,21,33,35,37,42,45],"killed_by":"Time Eater","ascension_level":5}