{"gold_per_floor":[109,61,61,78,11,11,40,40,65,65,79,133,133],"floor_reached":13,"playtime":478,"items_purged":[],"score":106,"play_id":"9f6f62aa-9fef-4e17-a5e7-015baf03c30a","local_time":"20190203200821","is_ascension_mode":false,"campfire_choices":[{"data":"Clockwork:ElasticNanites","floor":6,"key":"SMITH"},{"data":"Clockwork:HoardingStrike","floor":8,"key":"SMITH"}],"neow_cost":"NONE","seed_source_timestamp":635822541862700,"circlet_count":0,"master_deck":["Clockwork:Strike","Clockwork:Strike","Clockwork:Strike","Clockwork:Strike","Clockwork:Shield","Clockwork:Shield","Clockwork:Shield","Clockwork:Shield","Clockwork:Tinker","Clockwork:WarmUp","Clockwork:CogShield","Clockwork:Enhance","Clockwork:HoardingStrike+1","Clockwork:ElasticNanites+1","Clockwork:RevUp","Pot Of Greed","Pot Of Greed","Clockwork:TiltAWhirl","Clockwork:ChargingBlade"],"relics":["Clockwork:MomentumEngine","NeowsBlessing","Grinning Jar","ReplayFunnel","Gremlin Food","Regal Pillow"],"potions_floor_usage":[],"damage_taken":[{"damage":0,"enemies":"2 Louse","floor":1,"turns":2},{"damage":0,"enemies":"infinitespire:Voidling","floor":4,"turns":1},{"damage":0,"enemies":"3 Sentries","floor":7,"turns":2},{"damage":18,"enemies":"Jaw Worm","floor":11,"turns":10},{"damage":5,"enemies":"Exordium Wildlife","floor":13,"turns":5}],"seed_played":"-6085194708693759182","potions_obtained":[{"floor":1,"key":"Poison Potion"},{"floor":3,"key":"LiquidBronze"},{"floor":3,"key":"Energy Potion"},{"floor":3,"key":"Milkshake"}],"is_trial":false,"path_per_floor":["M","$","?","M","$","R","E","R","T","?","M","T","M"],"character_chosen":"CLOCKWORK","items_purchased":["Clockwork:Enhance","Clockwork:HoardingStrike","Clockwork:ElasticNanites","Clockwork:RevUp"],"campfire_rested":0,"item_purchase_floors":[2,2,2,5],"current_hp_per_floor":[85,85,85,85,85,85,85,85,85,78,60,60,55],"gold":133,"neow_bonus":"THREE_ENEMY_KILL","is_prod":false,"is_daily":false,"chose_seed":false,"campfire_upgraded":2,"win_rate":0.0,"timestamp":1549242501,"path_taken":["M","$","?","?","$","R","E","R","T","?","M","?","M"],"build_version":"2019-01-23","purchased_purges":0,"victory":false,"max_hp_per_floor":[85,85,85,85,85,85,85,85,85,85,85,85,85],"card_choices":[{"not_picked":["Clockwork:SystemHardening","Clockwork:Redundancy"],"picked":"Clockwork:CogShield","floor":1},{"not_picked":["Clockwork:CraftCopperScales","Clockwork:SystemScan","Clockwork:Minimalism"],"picked":"SKIP","floor":4},{"not_picked":["Clockwork:CogBarrier","Clockwork:RitualDaggerMk0"],"picked":"Clockwork:TiltAWhirl","floor":7},{"not_picked":["Clockwork:FalseStart","Clockwork:SystemScan"],"picked":"Clockwork:ChargingBlade","floor":11}],"player_experience":1181589,"relics_obtained":[{"floor":7,"key":"Grinning Jar"},{"floor":9,"key":"ReplayFunnel"},{"floor":12,"key":"Regal Pillow"}],"event_choices":[{"damage_healed":0,"gold_gain":0,"player_choice":"Got Potions","damage_taken":0,"max_hp_gain":0,"max_hp_loss":0,"event_name":"Lab","floor":3,"gold_loss":0},{"damage_healed":0,"gold_gain":0,"player_choice":"Success","damage_taken":7,"relics_obtained":["Gremlin Food"],"max_hp_gain":0,"max_hp_loss":0,"event_name":"Scrap Ooze","floor":10,"gold_loss":0}],"is_beta":true,"boss_relics":[],"items_purged_floors":[],"is_endless":false,"potions_floor_spawned":[1],"killed_by":"Exordium Wildlife","ascension_level":0}