{"gold_per_floor":[114,114,128,51,68,102,102,131,184,184,199,199,45,45,45,145,145,163,173,33,33,43,68,68,68,122,147,147,62,62,24,24,120,120,140,40,140,68,84,84,99,99,144,104,114,130,165,183,183,183,183,183,58,85,85],"floor_reached":55,"playtime":1303,"items_purged":["Strike_G","Strike_G","Strike_G"],"score":796,"play_id":"4e1b43c1-0929-419e-a88c-da6f97b8c61e","local_time":"20181215031158","is_ascension_mode":false,"campfire_choices":[{"data":"Catalyst","floor":7,"key":"SMITH"},{"data":"Bouncing Flask","floor":10,"key":"SMITH"},{"floor":15,"key":"REST"},{"floor":25,"key":"REST"},{"data":"Caltrops","floor":32,"key":"SMITH"},{"data":"Adrenaline","floor":40,"key":"SMITH"},{"data":"Well Laid Plans","floor":42,"key":"SMITH"},{"floor":49,"key":"RECALL"},{"data":"Burst","floor":52,"key":"SMITH"}],"neow_cost":"NONE","seed_source_timestamp":135951713593746,"circlet_count":0,"master_deck":["Defend_G","Defend_G","Defend_G","Defend_G+1","Survivor","Neutralize","Backflip","Dagger Spray","Catalyst+1","Bouncing Flask+1","Noxious Fumes","Leg Sweep","Burst+1","PiercingWail+1","Catalyst+1","Adrenaline+1","Deadly Poison+1","Caltrops+1","Footwork","Well Laid Plans+1"],"relics":["Ring of the Serpent","NeowsBlessing","Meat on the Bone","Happy Flower","Bag of Preparation","Sozu","Ginger","Letter Opener","Oddly Smooth Stone","Ice Cream","War Paint","Singing Bowl","Lantern"],"potions_floor_usage":[6,8,24],"damage_taken":[{"damage":0,"enemies":"Jaw Worm","floor":1,"turns":1},{"damage":0,"enemies":"Cultist","floor":3,"turns":1},{"damage":0,"enemies":"2 Louse","floor":5,"turns":1},{"damage":7,"enemies":"Gremlin Nob","floor":6,"turns":4},{"damage":13,"enemies":"3 Sentries","floor":8,"turns":8},{"damage":4,"enemies":"Blue Slaver","floor":11,"turns":3},{"damage":9,"enemies":"The Guardian","floor":16,"turns":6},{"damage":0,"enemies":"Shell Parasite","floor":18,"turns":2},{"damage":15,"enemies":"2 Thieves","floor":19,"turns":5},{"damage":16,"enemies":"Cultist and Chosen","floor":22,"turns":6},{"damage":33,"enemies":"Slavers","floor":23,"turns":5},{"damage":4,"enemies":"Colosseum Slavers","floor":24,"turns":3},{"damage":19,"enemies":"Gremlin Leader","floor":27,"turns":5},{"damage":0,"enemies":"Champ","floor":33,"turns":3},{"damage":3,"enemies":"Orb Walker","floor":35,"turns":2},{"damage":12,"enemies":"Mind Bloom Boss Battle","floor":37,"turns":3},{"damage":7,"enemies":"3 Darklings","floor":39,"turns":5},{"damage":4,"enemies":"Writhing Mass","floor":41,"turns":4},{"damage":0,"enemies":"4 Shapes","floor":45,"turns":4},{"damage":8,"enemies":"Jaw Worm Horde","floor":46,"turns":3},{"damage":13,"enemies":"Reptomancer","floor":47,"turns":3},{"damage":0,"enemies":"Writhing Mass","floor":48,"turns":1},{"damage":8,"enemies":"Time Eater","floor":50,"turns":6},{"damage":31,"enemies":"Shield and Spear","floor":54,"turns":7},{"damage":72,"enemies":"The Heart","floor":55,"turns":3}],"seed_played":"7549666303726627169","potions_obtained":[{"floor":5,"key":"SteroidPotion"},{"floor":6,"key":"Block Potion"},{"floor":8,"key":"SpeedPotion"}],"is_trial":false,"path_per_floor":["M","?","M","$","M","E","R","E","T","R","M","?","$","?","R","B",null,"M","M","$","?","M","E","?","R","T","E","?","?","?","$","R","B",null,"M","$","?","$","M","R","M","R","T","?","M","M","E","M","R","B",null,"R","$","E","B"],"character_chosen":"THE_SILENT","items_purchased":["Catalyst","Leg Sweep","Adrenaline","Caltrops","Well Laid Plans"],"campfire_rested":2,"item_purchase_floors":[4,13,20,31,38],"current_hp_per_floor":[70,70,70,70,70,63,63,50,50,50,46,39,39,44,66,57,75,75,60,60,60,44,23,31,53,53,46,71,71,71,71,71,71,75,72,72,60,60,53,53,49,49,49,49,49,41,42,44,44,48,79,79,79,50,0],"gold":85,"neow_bonus":"THREE_ENEMY_KILL","is_prod":false,"is_daily":false,"chose_seed":false,"campfire_upgraded":6,"win_rate":0,"timestamp":1544843518,"path_taken":["M","?","?","$","M","E","R","E","T","R","M","?","$","?","R","BOSS","M","M","$","?","?","E","?","R","T","E","?","?","?","$","R","BOSS","M","$","?","$","M","R","M","R","T","?","M","M","E","?","R","BOSS","R","$","E","BOSS"],"build_version":"2018-12-13","purchased_purges":3,"victory":false,"max_hp_per_floor":[70,70,70,70,70,70,70,70,70,70,70,70,70,75,75,75,75,75,75,75,75,75,75,75,75,75,75,75,75,75,75,75,75,75,75,75,75,75,75,75,75,75,75,75,75,75,77,79,79,79,79,79,79,81,81],"card_choices":[{"not_picked":["Reflex","Sucker Punch"],"picked":"Backflip","floor":1},{"not_picked":["Dash","Dagger Throw"],"picked":"Dagger Spray","floor":3},{"not_picked":["Caltrops","Underhanded Strike"],"picked":"Bouncing Flask","floor":5},{"not_picked":["Bane","Distraction","Slice"],"picked":"SKIP","floor":6},{"not_picked":["Skewer","Dagger Throw"],"picked":"Noxious Fumes","floor":8},{"not_picked":["Underhanded Strike","Bouncing Flask","Dagger Throw"],"picked":"SKIP","floor":11},{"not_picked":["Malaise","Envenom"],"picked":"Burst","floor":16},{"not_picked":["Bane","Choke+1"],"picked":"PiercingWail+1","floor":18},{"not_picked":["Blade Dance","Dagger Spray"],"picked":"Catalyst+1","floor":19},{"not_picked":["Prepared","Cloak And Dagger+1","Outmaneuver"],"picked":"SKIP","floor":22},{"not_picked":["Outmaneuver+1","Flying Knee"],"picked":"Deadly Poison","floor":23},{"not_picked":["Terror","Skewer","Crippling Poison+1"],"picked":"SKIP","floor":27},{"not_picked":["Poisoned Stab+1","Sucker Punch+1","Crippling Poison+1"],"picked":"SKIP","floor":35},{"not_picked":["Dagger Throw+1","Slice"],"picked":"Footwork","floor":37},{"not_picked":["Poisoned Stab","Blur","PiercingWail"],"picked":"SKIP","floor":39},{"not_picked":["Underhanded Strike+1","Quick Slash+1","Flying Knee"],"picked":"SKIP","floor":41},{"not_picked":["Outmaneuver","Choke","Dodge and Roll"],"picked":"SKIP","floor":45},{"not_picked":["Predator+1","Crippling Poison","Quick Slash+1"],"picked":"SKIP","floor":46},{"not_picked":["Envenom","Outmaneuver","Infinite Blades"],"picked":"Singing Bowl","floor":47},{"not_picked":["Outmaneuver","Terror+1","Choke+1"],"picked":"Singing Bowl","floor":48},{"not_picked":["Dagger Spray+1","Dodge and Roll","Night Terror"],"picked":"Singing Bowl","floor":54}],"player_experience":270697,"relics_obtained":[{"floor":6,"key":"Meat on the Bone"},{"floor":8,"key":"Happy Flower"},{"floor":9,"key":"Bag of Preparation"},{"floor":23,"key":"Ginger"},{"floor":27,"key":"Letter Opener"},{"floor":37,"key":"Ice Cream"},{"floor":43,"key":"War Paint"},{"floor":47,"key":"Singing Bowl"},{"floor":54,"key":"Lantern"}],"event_choices":[{"cards_removed":["Defend_G"],"damage_healed":0,"gold_gain":0,"player_choice":"Offered Basic","damage_taken":0,"max_hp_gain":0,"max_hp_loss":0,"event_name":"Bonfire Elementals","floor":2,"gold_loss":0},{"cards_removed":["Strike_G"],"damage_healed":0,"gold_gain":0,"player_choice":"Card Removal","damage_taken":7,"max_hp_gain":0,"max_hp_loss":0,"event_name":"Golden Wing","floor":12,"gold_loss":0},{"damage_healed":0,"gold_gain":0,"player_choice":"Donut","damage_taken":0,"max_hp_gain":5,"max_hp_loss":0,"event_name":"Big Fish","floor":14,"gold_loss":0},{"damage_healed":0,"gold_gain":0,"player_choice":"Ignored","damage_taken":0,"max_hp_gain":0,"max_hp_loss":0,"event_name":"N\u0027loth","floor":21,"gold_loss":0},{"damage_healed":0,"gold_gain":0,"player_choice":"Fight","damage_taken":0,"max_hp_gain":0,"max_hp_loss":0,"event_name":"Colosseum","floor":24,"gold_loss":0},{"damage_healed":0,"gold_gain":0,"player_choice":"Fled From Nobs","damage_taken":0,"max_hp_gain":0,"max_hp_loss":0,"event_name":"Colosseum","floor":24,"gold_loss":0},{"damage_healed":25,"gold_gain":0,"player_choice":"Heal","damage_taken":0,"max_hp_gain":0,"max_hp_loss":0,"event_name":"The Library","floor":28,"gold_loss":0},{"damage_healed":0,"gold_gain":0,"player_choice":"Obtained Relic","damage_taken":0,"relics_obtained":["Oddly Smooth Stone"],"max_hp_gain":0,"max_hp_loss":0,"event_name":"Addict","floor":29,"gold_loss":85},{"cards_removed":["Strike_G"],"damage_healed":0,"gold_gain":0,"player_choice":"Elegance","damage_taken":0,"max_hp_gain":0,"max_hp_loss":0,"event_name":"Back to Basics","floor":30,"gold_loss":0},{"damage_healed":0,"gold_gain":0,"player_choice":"Fight","damage_taken":0,"max_hp_gain":0,"max_hp_loss":0,"event_name":"MindBloom","floor":37,"gold_loss":0},{"damage_healed":0,"gold_gain":0,"player_choice":"Bought 3 Potions","damage_taken":0,"max_hp_gain":0,"max_hp_loss":0,"event_name":"The Woman in Blue","floor":44,"gold_loss":0}],"is_beta":false,"boss_relics":[{"not_picked":["Ectoplasm","Snecko Eye"],"picked":"Sozu"},{"not_picked":["Coffee Dripper","Black Star"],"picked":"Ring of the Serpent"}],"items_purged_floors":[13,36,53],"is_endless":false,"potions_floor_spawned":[5,6,8,18,19,24,41,45,46,47,54],"killed_by":"The Heart","ascension_level":0}