{"gold_per_floor":[119,119,131,20,20,53,63,90,117,18,18],"floor_reached":11,"playtime":449,"items_purged":["Defend_G"],"score":111,"play_id":"334822f8-32aa-47ab-9b9e-ef1d212dced2","local_time":"20190203095700","is_ascension_mode":true,"campfire_choices":[],"neow_cost":"NONE","seed_source_timestamp":113982381481379,"circlet_count":0,"master_deck":["Defend_G+1","Defend_G+1","Defend_G","Defend_G","Strike_G","Strike_G","Strike_G+1","Strike_G","Strike_G+1","Survivor","Neutralize","Cloak And Dagger","Cloak And Dagger","Caltrops","Escape Plan","Malaise","Acrobatics","Prepared"],"relics":["Ring of the Snake","NeowsBlessing","Blood Vial","Juzu Bracelet","Boot","Whetstone"],"potions_floor_usage":[8,11],"damage_taken":[{"damage":0,"enemies":"2 Louse","floor":1,"turns":1},{"damage":0,"enemies":"Small Slimes","floor":3,"turns":1},{"damage":0,"enemies":"Gremlin Nob","floor":6,"turns":1},{"damage":0,"enemies":"Jaw Worm","floor":7,"turns":4},{"damage":35,"enemies":"Lagavulin","floor":8,"turns":9},{"damage":24,"enemies":"Gremlin Nob","floor":11,"turns":5}],"seed_played":"324061856521060696","potions_obtained":[{"floor":6,"key":"EssenceOfSteel"},{"floor":7,"key":"FearPotion"}],"is_trial":false,"path_per_floor":["M","?","M","$","?","E","M","E","T","$","E"],"character_chosen":"THE_SILENT","items_purchased":["Caltrops","Escape Plan","Prepared"],"campfire_rested":0,"item_purchase_floors":[4,4,10],"current_hp_per_floor":[70,56,56,56,49,51,53,20,20,20,0],"gold":18,"neow_bonus":"THREE_ENEMY_KILL","is_prod":false,"is_daily":false,"chose_seed":false,"campfire_upgraded":0,"win_rate":0,"timestamp":1549216620,"path_taken":["M","?","M","$","?","E","M","E","T","?","E"],"build_version":"2019-01-23","purchased_purges":1,"victory":false,"max_hp_per_floor":[70,70,70,70,70,70,70,70,70,70,70],"card_choices":[{"not_picked":["PiercingWail","Underhanded Strike"],"picked":"Cloak And Dagger","floor":1},{"not_picked":["PiercingWail","Underhanded Strike"],"picked":"Cloak And Dagger","floor":3},{"not_picked":["Eviscerate","Accuracy","Dagger Throw"],"picked":"SKIP","floor":6},{"not_picked":["Dagger Throw","Sucker Punch"],"picked":"Malaise","floor":7},{"not_picked":["Sucker Punch","Dagger Spray"],"picked":"Acrobatics","floor":8}],"player_experience":251245,"relics_obtained":[{"floor":6,"key":"Juzu Bracelet"},{"floor":8,"key":"Boot"},{"floor":9,"key":"Whetstone"}],"event_choices":[{"damage_healed":0,"gold_gain":0,"player_choice":"Entered Light","damage_taken":14,"max_hp_gain":0,"max_hp_loss":0,"event_name":"Shining Light","floor":2,"gold_loss":0,"cards_upgraded":["Defend_G","Defend_G"]},{"damage_healed":0,"gold_gain":0,"player_choice":"Success","damage_taken":7,"relics_obtained":["Blood Vial"],"max_hp_gain":0,"max_hp_loss":0,"event_name":"Scrap Ooze","floor":5,"gold_loss":0}],"is_beta":false,"boss_relics":[],"items_purged_floors":[10],"is_endless":false,"potions_floor_spawned":[6,7],"killed_by":"Gremlin Nob","ascension_level":1}