{"gold_per_floor":[361,380,330,341,361,361,380,406,477,477,510,115,146,163,163,163],"floor_reached":16,"playtime":920,"items_purged":["Strike_R"],"score":195,"play_id":"dabc0962-5851-4837-a7b0-2c7dcac0f682","local_time":"20181121003058","is_ascension_mode":true,"campfire_choices":[{"data":"Armaments","floor":6,"key":"SMITH"},{"data":"Pommel Strike","floor":10,"key":"SMITH"},{"data":"Body Slam","floor":15,"key":"SMITH"}],"neow_cost":"TEN_PERCENT_HP_LOSS","seed_source_timestamp":2093271507433630,"circlet_count":0,"master_deck":["AscendersBane","Strike_R","Strike_R","Strike_R","Defend_R","Defend_R","Defend_R","Defend_R","Bash","Cleave","Pommel Strike","Iron Wave","Armaments+1","Pommel Strike+1","Ghostly Armor","Seeing Red+1","Armaments+1","Body Slam+1","Battle Trance+1","Armaments+1"],"relics":["Burning Blood","Boot","Toxic Egg 2","Mango","Singing Bowl","Juzu Bracelet"],"potions_floor_usage":[8,11,16],"damage_taken":[{"damage":8,"enemies":"2 Louse","floor":1,"turns":3},{"damage":11,"enemies":"Jaw Worm","floor":2,"turns":4},{"damage":1,"enemies":"Cultist","floor":4,"turns":3},{"damage":9,"enemies":"3 Louse","floor":5,"turns":3},{"damage":1,"enemies":"Looter","floor":7,"turns":4},{"damage":16,"enemies":"Gremlin Nob","floor":8,"turns":3},{"damage":20,"enemies":"3 Sentries","floor":11,"turns":7},{"damage":40,"enemies":"Lagavulin","floor":13,"turns":9},{"damage":12,"enemies":"Large Slime","floor":14,"turns":7},{"damage":40,"enemies":"Hexaghost","floor":16,"turns":14}],"seed_played":"-2176720138163358890","potions_obtained":[{"floor":4,"key":"Fire Potion"},{"floor":5,"key":"GamblersBrew"},{"floor":8,"key":"Regen Potion"},{"floor":13,"key":"Energy Potion"},{"floor":14,"key":"EssenceOfSteel"}],"is_trial":false,"path_per_floor":["M","M","?","M","M","R","M","E","T","R","E","$","E","M","R","B"],"character_chosen":"IRONCLAD","items_purchased":["Singing Bowl","Armaments+1","Body Slam"],"campfire_rested":0,"item_purchase_floors":[12,12,12],"current_hp_per_floor":[70,65,65,70,67,67,72,62,62,62,77,77,43,37,37,0],"gold":163,"neow_bonus":"TWO_FIFTY_GOLD","is_prod":false,"is_daily":false,"chose_seed":false,"campfire_upgraded":3,"win_rate":0,"timestamp":1542781858,"path_taken":["M","M","?","M","M","R","M","E","T","R","E","$","E","M","R","BOSS"],"build_version":"2018-11-15","purchased_purges":1,"victory":false,"max_hp_per_floor":[72,72,72,72,72,72,72,72,72,72,86,86,86,86,86,86],"card_choices":[{"not_picked":["Thunderclap","Rage"],"picked":"Cleave","floor":1},{"not_picked":["Clash","Evolve"],"picked":"Pommel Strike","floor":2},{"not_picked":["Wild Strike","Intimidate"],"picked":"Iron Wave","floor":4},{"not_picked":["Body Slam","Power Through"],"picked":"Armaments","floor":5},{"not_picked":["Armaments","Thunderclap"],"picked":"Pommel Strike","floor":7},{"not_picked":["Cleave","Reckless Charge"],"picked":"Ghostly Armor","floor":8},{"not_picked":["Fiend Fire","Rupture"],"picked":"Seeing Red+1","floor":11},{"not_picked":["Wild Strike","True Grit+1"],"picked":"Battle Trance+1","floor":13},{"not_picked":["Cleave","Bloodletting+1"],"picked":"Armaments+1","floor":14}],"player_experience":437358,"relics_obtained":[{"floor":8,"key":"Boot"},{"floor":9,"key":"Toxic Egg 2"},{"floor":11,"key":"Mango"},{"floor":13,"key":"Juzu Bracelet"}],"event_choices":[{"cards_removed":["Strike_R"],"damage_healed":0,"gold_gain":0,"player_choice":"Card Removal","damage_taken":0,"max_hp_gain":0,"max_hp_loss":0,"event_name":"The Cleric","floor":3,"gold_loss":50}],"is_beta":false,"boss_relics":[],"items_purged_floors":[12],"is_endless":false,"potions_floor_spawned":[4,5,8,13,14],"killed_by":"Hexaghost","ascension_level":12}