{"gold_per_floor":[111,16,35,35,46,46,61,61,85,85,85,8,64,80,80,180,180,192,211,238,238,163,163,173,173,173,188,1,1,1,1,1,102,102,114,129,129,129,351,351,369,402,427,427],"floor_reached":44,"playtime":1107,"items_purged":["Strike_G","Strike_G"],"score":424,"play_id":"8f098d1b-672b-4c4e-ac94-e082eda03daf","local_time":"20181230025307","is_ascension_mode":false,"campfire_choices":[{"data":"Discovery","floor":6.0,"key":"SMITH"},{"data":"Poisoned Stab","floor":8.0,"key":"SMITH"},{"data":"Neutralize","floor":10.0,"key":"SMITH"},{"data":"Poisoned Stab","floor":15.0,"key":"SMITH"},{"data":"Caltrops","floor":23.0,"key":"SMITH"},{"data":"Adrenaline","floor":25.0,"key":"SMITH"},{"data":"Finesse","floor":30.0,"key":"SMITH"},{"floor":32.0,"key":"REST"},{"floor":40.0,"key":"REST"}],"neow_cost":"NONE","seed_source_timestamp":0,"circlet_count":0,"master_deck":["Defend_G+1","Defend_G+1","Defend_G+1","Defend_G+1","Survivor+1","Neutralize+1","Discovery+1","Poisoned Stab+1","Caltrops+1","Poisoned Stab+1","Die Die Die+1","Adrenaline+1","Well Laid Plans+1","Escape Plan+1","Finesse+1","Distraction+1","All Out Attack+1","Flechettes+1","Backflip+1","PiercingWail"],"special_seed":0,"relics":["White Beast Statue","Strawberry","Snake Skull","Busted Crown","Red Mask","CultistMask","Question Card","Astrolabe","Mark of the Bloom","Tingsha","Oddly Smooth Stone"],"potions_floor_usage":[],"damage_taken":[{"damage":0.0,"enemies":"Cultist","floor":1.0,"turns":5.0},{"damage":6.0,"enemies":"Jaw Worm","floor":3.0,"turns":4.0},{"damage":0.0,"enemies":"2 Louse","floor":5.0,"turns":3.0},{"damage":9.0,"enemies":"Exordium Thugs","floor":7.0,"turns":4.0},{"damage":15.0,"enemies":"Lagavulin Event","floor":13.0,"turns":5.0},{"damage":6.0,"enemies":"Red Slaver","floor":14.0,"turns":3.0},{"damage":22.0,"enemies":"Slime Boss","floor":16.0,"turns":11.0},{"damage":2.0,"enemies":"Chosen","floor":18.0,"turns":3.0},{"damage":5.0,"enemies":"Spheric Guardian","floor":19.0,"turns":6.0},{"damage":19.0,"enemies":"Masked Bandits","floor":20.0,"turns":5.0},{"damage":12.0,"enemies":"Snake Plant","floor":24.0,"turns":4.0},{"damage":12.0,"enemies":"Shelled Parasite and Fungi","floor":27.0,"turns":4.0},{"damage":44.0,"enemies":"Automaton","floor":33.0,"turns":10.0},{"damage":9.0,"enemies":"3 Shapes","floor":35.0,"turns":4.0},{"damage":0.0,"enemies":"Orb Walker","floor":36.0,"turns":3.0},{"damage":9.0,"enemies":"Maw","floor":41.0,"turns":7.0},{"damage":18,"enemies":"Reptomancer","floor":42,"turns":6},{"damage":27,"enemies":"Nemesis","floor":44,"turns":6}],"seed_played":"-7477819724791567226","potions_obtained":[{"floor":1.0,"key":"Weak Potion"},{"floor":3.0,"key":"Regen Potion"},{"floor":5.0,"key":"Explosive Potion"},{"floor":7.0,"key":"Swift Potion"},{"floor":13.0,"key":"SkillPotion"},{"floor":14.0,"key":"AttackPotion"},{"floor":16.0,"key":"AttackPotion"},{"floor":18.0,"key":"PowerPotion"},{"floor":19.0,"key":"Poison Potion"},{"floor":20.0,"key":"SkillPotion"},{"floor":24.0,"key":"Poison Potion"},{"floor":27.0,"key":"Poison Potion"},{"floor":33.0,"key":"SpeedPotion"},{"floor":35.0,"key":"Block Potion"},{"floor":36.0,"key":"Strength Potion"},{"floor":41.0,"key":"SneckoOil"},{"floor":42,"key":"PowerPotion"}],"is_trial":false,"path_per_floor":["M","$","M","$","M","R","M","R","T","R","?","$","?","M","R","B",null,"M","M","?","?","$","R","M","R","T","M","$","?","R","$","R","B",null,"M","M","?","?","?","R","M","E","T","E"],"character_chosen":"THE_SILENT","items_purchased":["Discovery","Caltrops","Finesse"],"campfire_rested":2,"item_purchase_floors":[2,12,28],"current_hp_per_floor":[70,70,64,64,64,64,55,55,62,62,55,55,52,46,46,24,77,75,70,51,51,51,51,39,39,39,27,27,27,27,27,50,6,77,68,68,68,68,68,68,59,41,41,14],"gold":427,"neow_bonus":"BOSS_RELIC","is_prod":false,"is_daily":false,"chose_seed":false,"campfire_upgraded":7,"win_rate":0,"timestamp":1546138387,"path_taken":["M","?","M","$","M","R","?","R","T","R","?","$","?","M","R","BOSS","M","M","?","?","$","R","M","R","T","?","?","?","R","$","R","BOSS","M","M","?","?","?","R","M","E","T","E"],"build_version":"2018-12-20","purchased_purges":2,"victory":false,"max_hp_per_floor":[70,70,70,70,70,70,70,70,77,77,77,77,77,77,77,77,77,77,77,77,77,77,77,77,77,77,77,77,77,77,77,77,77,77,77,77,77,77,77,77,77,77,77,77],"card_choices":[{"not_picked":["Endless Agony","Masterful Stab","Bane"],"picked":"SKIP","floor":1.0},{"not_picked":["Slice","Well Laid Plans"],"picked":"Poisoned Stab","floor":3.0},{"not_picked":["Blade Dance","Slice","Sucker Punch"],"picked":"SKIP","floor":5.0},{"not_picked":["Choke","Dodge and Roll","Flying Knee"],"picked":"SKIP","floor":7.0},{"not_picked":["Terror","Dagger Spray"],"picked":"Poisoned Stab","floor":13.0},{"not_picked":["Prepared","Bane"],"picked":"Die Die Die","floor":14.0},{"not_picked":["Die Die Die","Tools of the Trade"],"picked":"Adrenaline","floor":16.0},{"not_picked":["Eviscerate"],"picked":"SKIP","floor":18.0},{"not_picked":[],"picked":"Well Laid Plans","floor":19.0},{"not_picked":["Slice"],"picked":"SKIP","floor":24.0},{"not_picked":["Sucker Punch"],"picked":"Escape Plan","floor":27.0},{"not_picked":["Dagger Spray","Sucker Punch"],"picked":"SKIP","floor":35.0},{"not_picked":["Outmaneuver"],"picked":"Backflip","floor":36.0},{"not_picked":["Blade Dance+1","Acrobatics"],"picked":"SKIP","floor":41.0},{"not_picked":["Dagger Throw+1"],"picked":"PiercingWail","floor":42}],"player_experience":322805,"relics_obtained":[{"floor":9.0,"key":"Strawberry"},{"floor":13.0,"key":"Snake Skull"},{"floor":20.0,"key":"Red Mask"},{"floor":26.0,"key":"Question Card"},{"floor":42,"key":"Tingsha"},{"floor":43,"key":"Oddly Smooth Stone"}],"event_choices":[{"cards_removed":["Strike_G"],"damage_healed":0.0,"max_hp_gain":0.0,"max_hp_loss":0.0,"gold_gain":0.0,"event_name":"Golden Wing","player_choice":"Card Removal","floor":11.0,"gold_loss":0.0,"damage_taken":7.0},{"damage_healed":0.0,"max_hp_gain":0.0,"max_hp_loss":0.0,"gold_gain":30.0,"event_name":"Dead Adventurer","player_choice":"Searched \u00272\u0027 times","floor":13.0,"gold_loss":0.0,"damage_taken":0.0},{"damage_healed":0.0,"max_hp_gain":0.0,"max_hp_loss":0.0,"gold_gain":0.0,"event_name":"Masked Bandits","player_choice":"Fought Bandits","floor":20.0,"gold_loss":0.0,"damage_taken":0.0},{"damage_healed":0.0,"max_hp_gain":0.0,"max_hp_loss":0.0,"gold_gain":0.0,"event_name":"FaceTrader","player_choice":"Trade","floor":21.0,"gold_loss":0.0,"damage_taken":0.0,"relics_obtained":["CultistMask"]},{"damage_healed":0.0,"max_hp_gain":0.0,"max_hp_loss":0.0,"gold_gain":0.0,"event_name":"The Mausoleum","player_choice":"Ignored","floor":29.0,"gold_loss":0.0,"damage_taken":0.0},{"damage_healed":0.0,"max_hp_gain":0.0,"max_hp_loss":0.0,"gold_gain":0.0,"event_name":"MindBloom","player_choice":"Upgrade","floor":37.0,"gold_loss":0.0,"damage_taken":0.0,"cards_upgraded":["Defend_G","Defend_G","Defend_G","Defend_G","Survivor","Die Die Die","Well Laid Plans","Escape Plan","Backflip"],"relics_obtained":["Mark of the Bloom"]},{"damage_healed":0.0,"max_hp_gain":0.0,"max_hp_loss":0.0,"gold_gain":0.0,"event_name":"Mysterious Sphere","player_choice":"Ignored","floor":38.0,"gold_loss":0.0,"damage_taken":0.0},{"damage_healed":0.0,"max_hp_gain":0.0,"max_hp_loss":0.0,"gold_gain":222.0,"event_name":"Tomb of Lord Red Mask","player_choice":"Wore Mask","floor":39.0,"gold_loss":0.0,"damage_taken":0.0}],"is_beta":false,"boss_relics":[{"not_picked":["Snecko Eye","Fusion Hammer"],"picked":"Busted Crown"},{"not_picked":["Coffee Dripper","Pandora\u0027s Box"],"picked":"Astrolabe"}],"items_purged_floors":[22,28],"is_endless":false,"potions_floor_spawned":[1,3,5,7,13,14,16,18,19,20,24,27,33,35,36,41,42],"killed_by":"Nemesis","ascension_level":0}