{"gold_per_floor":[110,210,228,228,243,243,226,226,226,252,285,285,320,340,340,443,443,456,475,475,119,119,119,138,138,438,458,5,36,36,52,52,157,157,171,183,198,198,198,198,232,252,252,252,265,265,278,378,378,378],"floor_reached":50,"playtime":7270,"items_purged":["Strike_G","Defend_G"],"score":652,"play_id":"eae4419d-6a45-4ba7-b696-513f57a007bb","local_time":"20180821003952","is_ascension_mode":true,"campfire_choices":[{"data":"Deadly Poison","floor":6,"key":"SMITH"},{"data":"Crippling Poison","floor":8,"key":"SMITH"},{"floor":12,"key":"REST"},{"data":"Deadly Poison","floor":15,"key":"SMITH"},{"data":"Deadly Poison","floor":23,"key":"SMITH"},{"data":"Malaise","floor":25,"key":"SMITH"},{"data":"Bane","floor":32,"key":"SMITH"},{"data":"Bane","floor":40,"key":"SMITH"},{"floor":44,"key":"REST"},{"data":"Poisoned Stab","floor":46,"key":"SMITH"},{"data":"Poisoned Stab","floor":49,"key":"SMITH"}],"neow_cost":"","seed_source_timestamp":1294287972911249,"circlet_count":0,"master_deck":["Defend_G","Defend_G","Defend_G","Defend_G","Strike_G","Strike_G","Strike_G","Survivor","Neutralize","Deadly Poison+1","Crippling Poison+1","Well Laid Plans","Backflip","Deadly Poison+1","Malaise+1","Acrobatics+1","Dagger Spray","Deadly Poison+1","Blur","Blur","Bane+1","Madness+1","Bane+1","Bane+1","Corpse Explosion+1","Bane+1","Poisoned Stab+1","Backflip+1","Leg Sweep+1","Poisoned Stab+1","Outmaneuver+1"],"relics":["Ring of the Serpent","Bag of Preparation","Blood Vial","Oddly Smooth Stone","Potion Belt","Happy Flower","Sozu","TwistedFunnel","Old Coin","Toxic Egg 2","Meat on the Bone","GremlinMask","Regal Pillow","Shuriken"],"potions_floor_usage":[7,13,16,33,41],"damage_taken":[{"damage":8,"enemies":"Jaw Worm","floor":1,"turns":6},{"damage":5,"enemies":"Cultist","floor":3,"turns":5},{"damage":0,"enemies":"Small Slimes","floor":5,"turns":2},{"damage":5,"enemies":"Exordium Thugs","floor":7,"turns":4},{"damage":10,"enemies":"Lagavulin","floor":11,"turns":6},{"damage":19,"enemies":"3 Sentries","floor":13,"turns":12},{"damage":2,"enemies":"2 Fungi Beasts","floor":14,"turns":3},{"damage":10,"enemies":"The Guardian","floor":16,"turns":8},{"damage":16,"enemies":"Chosen","floor":18,"turns":5},{"damage":7,"enemies":"2 Thieves","floor":19,"turns":3},{"damage":0,"enemies":"Centurion and Healer","floor":24,"turns":5},{"damage":0,"enemies":"Snake Plant","floor":27,"turns":4},{"damage":13,"enemies":"Book of Stabbing","floor":29,"turns":5},{"damage":0,"enemies":"Snecko","floor":31,"turns":4},{"damage":9,"enemies":"Automaton","floor":33,"turns":11},{"damage":12,"enemies":"Flame Bruiser 1 Orb","floor":35,"turns":4},{"damage":0,"enemies":"3 Shapes","floor":36,"turns":3},{"damage":15,"enemies":"Spire Growth","floor":37,"turns":3},{"damage":31,"enemies":"Giant Head","floor":41,"turns":8},{"damage":17,"enemies":"3 Darklings","floor":42,"turns":3},{"damage":8,"enemies":"Sphere and 2 Shapes","floor":45,"turns":5},{"damage":0,"enemies":"Maw","floor":47,"turns":6},{"damage":61,"enemies":"Awakened One","floor":50,"turns":14}],"seed_played":"5133380028924792606","potions_obtained":[{"floor":1,"key":"Energy Potion"},{"floor":3,"key":"FearPotion"},{"floor":5,"key":"AttackPotion"},{"floor":11,"key":"Dexterity Potion"},{"floor":14,"key":"SpeedPotion"}],"is_trial":false,"path_per_floor":["M","?","M","T","M","R","M","R","T","T","E","R","E","M","R","B",null,"M","M","?","$","?","R","M","R","T","M","$","E","$","M","R","B",null,"M","M","M","?","?","R","E","M","T","R","M","R","M","?","R"],"character_chosen":"THE_SILENT","items_purchased":["Deadly Poison","TwistedFunnel","Blur","Toxic Egg 2","Madness+1"],"campfire_rested":2,"item_purchase_floors":[21,21,21,28,28],"current_hp_per_floor":[62,62,57,57,57,57,52,52,52,52,44,65,48,48,48,40,70,54,49,49,49,49,49,51,51,51,53,53,42,42,44,44,37,70,58,60,47,47,47,47,30,27,27,63,57,57,59,59,59,0],"gold":378,"neow_bonus":"","is_prod":false,"is_daily":false,"chose_seed":false,"campfire_upgraded":9,"win_rate":0,"timestamp":1534829992,"path_taken":["M","?","M","?","?","R","M","R","T","?","E","R","E","M","R","BOSS","M","M","?","$","?","R","M","R","T","M","$","E","?","M","R","BOSS","M","M","M","?","?","R","E","?","T","R","M","R","?","?","R","BOSS"],"build_version":"2018-08-16","purchased_purges":2,"victory":false,"max_hp_per_floor":[70,70,70,70,70,70,70,70,70,70,70,70,70,70,70,70,70,70,70,70,70,70,70,70,70,70,70,70,70,70,70,70,70,70,70,70,70,70,70,70,70,70,70,70,70,70,70,70,70,70],"card_choices":[{"not_picked":["Tactician","Predator","Calculated Gamble"],"picked":"SKIP","floor":1},{"not_picked":["Underhanded Strike","Backflip"],"picked":"Deadly Poison","floor":3},{"not_picked":["Dagger Spray","Slice"],"picked":"Crippling Poison","floor":5},{"not_picked":["Flechettes","Calculated Gamble","Blade Dance"],"picked":"SKIP","floor":7},{"not_picked":["Predator","Outmaneuver"],"picked":"Well Laid Plans","floor":11},{"not_picked":["Endless Agony","Calculated Gamble"],"picked":"Backflip","floor":13},{"not_picked":["Masterful Stab","Crippling Poison"],"picked":"Deadly Poison","floor":14},{"not_picked":["Storm of Steel","Glass Knife"],"picked":"Malaise","floor":16},{"not_picked":["Quick Slash","Sucker Punch+1"],"picked":"Acrobatics+1","floor":18},{"not_picked":["Prepared","Cloak And Dagger"],"picked":"Dagger Spray","floor":19},{"not_picked":["Dodge and Roll","Escape Plan"],"picked":"Blur","floor":24},{"not_picked":["Blade Dance","Expertise"],"picked":"Bane","floor":27},{"not_picked":["Expertise+1","Sucker Punch"],"picked":"Bane","floor":29},{"not_picked":["PiercingWail+1","A Thousand Cuts"],"picked":"Bane+1","floor":31},{"not_picked":["Burst+1","Night Terror+1"],"picked":"Corpse Explosion+1","floor":33},{"not_picked":["Calculated Gamble+1","Expertise+1"],"picked":"Bane+1","floor":35},{"not_picked":["Escape Plan+1","Heel Hook"],"picked":"Poisoned Stab","floor":36},{"not_picked":["Cloak And Dagger+1","Sucker Punch"],"picked":"Backflip+1","floor":37},{"not_picked":["Terror+1","Phantasmal Killer+1"],"picked":"Leg Sweep+1","floor":41},{"not_picked":["Blade Dance+1","Quick Slash","Dagger Spray+1"],"picked":"SKIP","floor":42},{"not_picked":["Dagger Spray","Escape Plan+1"],"picked":"Poisoned Stab","floor":45},{"not_picked":["Backflip+1","Expertise+1"],"picked":"Outmaneuver+1","floor":47}],"player_experience":170317,"relics_obtained":[{"floor":4,"key":"Bag of Preparation"},{"floor":9,"key":"Blood Vial"},{"floor":10,"key":"Oddly Smooth Stone"},{"floor":11,"key":"Potion Belt"},{"floor":13,"key":"Happy Flower"},{"floor":26,"key":"Old Coin"},{"floor":29,"key":"Meat on the Bone"},{"floor":41,"key":"Regal Pillow"},{"floor":43,"key":"Shuriken"}],"event_choices":[{"event_name":"Golden Shrine","player_choice":"Pray","floor":2,"damage_taken":0},{"event_name":"The Woman in Blue","player_choice":"Bought 0 Potions","floor":20,"damage_taken":0},{"event_name":"Drug Dealer","player_choice":"Ignored","floor":22,"damage_taken":0},{"event_name":"Purifier","player_choice":"One Purge","floor":38,"damage_taken":0},{"event_name":"FaceTrader","player_choice":"Trade","floor":39,"damage_taken":0},{"event_name":"Golden Shrine","player_choice":"Pray","floor":48,"damage_taken":0}],"is_beta":false,"boss_relics":[{"not_picked":["WristBlade","HoveringKite"],"picked":"Sozu"},{"not_picked":["Pandora\u0027s Box","Orrery"],"picked":"Ring of the Serpent"}],"items_purged_floors":[21,28],"is_endless":false,"potions_floor_spawned":[1,3,5,11,14,18,19,27,31,35,41],"killed_by":"Awakened One","ascension_level":4}