{"gold_per_floor":[217,227,241,256,256,256,76,76,76,76,92,61,61,61,76,76,76],"floor_reached":17,"playtime":532,"items_purged":[],"score":97,"play_id":"dccbab97-6403-4a8f-ab72-eee93676b2d5","local_time":"20190203202500","is_ascension_mode":false,"campfire_choices":[{"data":"theScribe:AirPrison","floor":6,"key":"SMITH"},{"data":"theScribe:Frost","floor":8,"key":"SMITH"},{"data":"theScribe:Thunder","floor":10,"key":"SMITH"},{"data":"theScribe:PoisonGas","floor":16,"key":"SMITH"}],"neow_cost":"NONE","seed_source_timestamp":636768849881900,"circlet_count":0,"master_deck":["theScribe:StarterAttack","theScribe:StarterAttack","theScribe:StarterAttack","theScribe:StarterAttack","theScribe:StarterAttack+1","theScribe:StarterDefend","theScribe:StarterDefend","theScribe:StarterDefend+1","theScribe:StarterDefend","theScribe:ArcaneBarrier+1","theScribe:AirPrison+1","theScribe:PoisonGas+1","theScribe:Thunder","theScribe:OpenMind","theScribe:Thunder+1","theScribe:Frost+1","theScribe:SacrificeRitual","theScribe:Insight","theScribe:MirrorImage","theScribe:BarrierOfLight","theScribe:Meditate"],"relics":["theScribe:StarterRelic","Matryoshka","Pear","Bottled Lightning"],"potions_floor_usage":[4,17],"damage_taken":[{"damage":10,"enemies":"Cultist","floor":1,"turns":6},{"damage":1,"enemies":"Jaw Worm","floor":2,"turns":5},{"damage":5,"enemies":"Small Slimes","floor":3,"turns":5},{"damage":17,"enemies":"Exordium Thugs","floor":4,"turns":6},{"damage":11,"enemies":"3 Louse","floor":11,"turns":3},{"damage":0,"enemies":"Looter","floor":15,"turns":3},{"damage":30,"enemies":"The Guardian","floor":17,"turns":12}],"seed_played":"5815271323145557295","potions_obtained":[{"floor":3,"key":"Fire Potion"},{"floor":4,"key":"Ancient Potion"}],"is_trial":false,"path_per_floor":["M","M","M","M","?","R","$","R","T","R","M","$","PTL","?","M","R","B"],"character_chosen":"THE_SCRIBE","items_purchased":["theScribe:Thunder","theScribe:Frost","theScribe:SacrificeRitual","theScribe:MirrorImage","theScribe:BarrierOfLight"],"campfire_rested":0,"item_purchase_floors":[7,7,7,12,12],"current_hp_per_floor":[65,64,59,42,39,39,39,39,49,49,38,38,38,21,29,29,0],"gold":76,"neow_bonus":"UPGRADE_CARD","is_prod":false,"is_daily":false,"chose_seed":false,"campfire_upgraded":4,"win_rate":0.0,"timestamp":1549243500,"path_taken":["M","M","?","M","?","R","$","R","T","R","M","$","PTL","?","?","R","BOSS"],"build_version":"2019-01-23","purchased_purges":0,"victory":false,"max_hp_per_floor":[75,75,75,75,75,75,75,75,85,85,85,85,85,85,85,85,85],"card_choices":[{"not_picked":["theScribe:MirrorImage","theScribe:Frost"],"picked":"theScribe:AirPrison","floor":1},{"not_picked":["theScribe:MirrorImage","theScribe:BarrierOfLight"],"picked":"theScribe:PoisonGas","floor":2},{"not_picked":["theScribe:Insight","theScribe:LightningBolt"],"picked":"theScribe:Thunder","floor":3},{"not_picked":["theScribe:MagicMissiles","theScribe:Focused"],"picked":"theScribe:OpenMind","floor":4},{"not_picked":["theScribe:AirPrison","theScribe:PriceOfKnowledge"],"picked":"theScribe:Insight","floor":11},{"not_picked":["theScribe:Thunder","theScribe:BluntWeapons"],"picked":"theScribe:Meditate","floor":15}],"player_experience":1182511,"relics_obtained":[{"floor":9,"key":"Pear"},{"floor":9,"key":"Bottled Lightning"}],"event_choices":[{"damage_healed":0,"gold_gain":0,"player_choice":"Success","damage_taken":3,"relics_obtained":["Matryoshka"],"max_hp_gain":0,"max_hp_loss":0,"event_name":"Scrap Ooze","floor":5,"gold_loss":0},{"damage_healed":0,"gold_gain":0,"player_choice":"Entered Light","damage_taken":17,"max_hp_gain":0,"max_hp_loss":0,"event_name":"Shining Light","floor":14,"gold_loss":0,"cards_upgraded":["theScribe:StarterDefend","theScribe:StarterAttack"]}],"is_beta":true,"boss_relics":[],"items_purged_floors":[],"is_endless":false,"potions_floor_spawned":[3,4],"killed_by":"The Guardian","ascension_level":0}