{"gold_per_floor":[118,43,43,43,59,91,91,125,125,125,144,162,244,262,262,363,363,377,387,403,146,96,96,114,114,114,114,114,149,159,159,159,259,259,273,373,421,86,103,103,11,11,34,59,59,79,8,28,28,28],"floor_reached":50,"playtime":5808,"items_purged":["Strike_G","Defend_G","Strike_G"],"score":523,"play_id":"49f75111-2d6f-418e-b20d-226d80014bf2","local_time":"20190121190226","is_ascension_mode":true,"campfire_choices":[{"floor":7,"key":"REST"},{"floor":10,"key":"REST"},{"floor":15,"key":"RECALL"},{"data":"Envenom","floor":23,"key":"SMITH"},{"floor":25,"key":"REST"},{"data":"Terror","floor":32,"key":"SMITH"},{"data":"1","floor":40,"key":"LIFT"},{"data":"2","floor":42,"key":"LIFT"},{"floor":49,"key":"REST"}],"neow_cost":"NONE","seed_source_timestamp":137868553897600,"circlet_count":0,"master_deck":["Defend_G","Defend_G+1","Survivor+1","Neutralize+1","Infinite Blades+1","Predator+1","Leg Sweep+1","Escape Plan","Well Laid Plans","Dash","Terror+1","Caltrops","Envenom+1","Backstab+1","Expertise+1","Adrenaline+1","Corpse Explosion","Quick Slash+1","Dash+1","Backflip","After Image","Pain","Cloak And Dagger+1","Noxious Fumes","Mayhem","Accuracy+1","Madness+1","Blur+1"],"relics":["Ring of the Snake","Ice Cream","Omamori","Oddly Smooth Stone","Pantograph","Astrolabe","Meat on the Bone","Bird Faced Urn","MutagenicStrength","Calling Bell","Anchor","Toxic Egg 2","Prayer Wheel","Girya","Unceasing Top","Whetstone","War Paint"],"potions_floor_usage":[12,20,29,29,29,36,37,37,46],"damage_taken":[{"damage":0,"enemies":"2 Louse","floor":1,"turns":3},{"damage":0,"enemies":"Jaw Worm","floor":5,"turns":3},{"damage":19,"enemies":"Lagavulin","floor":6,"turns":9},{"damage":23,"enemies":"Gremlin Nob","floor":8,"turns":5},{"damage":0,"enemies":"Cultist","floor":11,"turns":4},{"damage":0,"enemies":"Lots of Slimes","floor":12,"turns":1},{"damage":0,"enemies":"Blue Slaver","floor":14,"turns":3},{"damage":10,"enemies":"Hexaghost","floor":16,"turns":10},{"damage":21,"enemies":"3 Byrds","floor":18,"turns":3},{"damage":0,"enemies":"Chosen","floor":19,"turns":6},{"damage":0,"enemies":"Shelled Parasite and Fungi","floor":20,"turns":7},{"damage":9,"enemies":"Snake Plant","floor":24,"turns":4},{"damage":4,"enemies":"Slavers","floor":29,"turns":4},{"damage":0,"enemies":"Snecko","floor":30,"turns":5},{"damage":33,"enemies":"Automaton","floor":33,"turns":11},{"damage":23,"enemies":"3 Darklings","floor":35,"turns":4},{"damage":36,"enemies":"Mind Bloom Boss Battle","floor":36,"turns":7},{"damage":6,"enemies":"2 Orb Walkers","floor":37,"turns":2},{"damage":11,"enemies":"Orb Walker","floor":39,"turns":4},{"damage":37,"enemies":"Nemesis","floor":44,"turns":5},{"damage":41,"enemies":"3 Darklings","floor":46,"turns":3},{"damage":12,"enemies":"Maw","floor":48,"turns":6},{"damage":90,"enemies":"Time Eater","floor":50,"turns":15}],"seed_played":"-2671692107523496286","potions_obtained":[{"floor":1,"key":"Weak Potion"},{"floor":6,"key":"LiquidBronze"},{"floor":8,"key":"Explosive Potion"},{"floor":11,"key":"FearPotion"},{"floor":14,"key":"Explosive Potion"},{"floor":20,"key":"Fire Potion"},{"floor":33,"key":"Block Potion"},{"floor":35,"key":"FearPotion"},{"floor":36,"key":"AttackPotion"},{"floor":44,"key":"Fire Potion"}],"is_trial":false,"path_per_floor":["M","$","?","?","M","E","R","E","T","R","M","M","T","M","R","B",null,"M","M","M","$","?","R","M","R","T","?","?","E","M","?","R","B",null,"M","?","?","$","M","R","$","R","T","E","?","M","$","M","R","B"],"character_chosen":"THE_SILENT","items_purchased":["Corpse Explosion","Noxious Fumes","Mayhem","Madness+1","Blur+1"],"campfire_rested":4,"item_purchase_floors":[21,38,38,41,47],"current_hp_per_floor":[70,70,58,44,44,25,46,23,23,44,44,44,44,44,44,59,70,49,49,49,49,49,49,40,61,61,48,48,44,52,52,52,42,75,54,48,42,42,43,43,43,43,43,34,34,17,17,33,55,0],"gold":28,"neow_bonus":"TRANSFORM_CARD","is_prod":false,"is_daily":false,"chose_seed":false,"campfire_upgraded":2,"win_rate":0,"timestamp":1548115346,"path_taken":["M","$","?","?","M","E","R","E","T","R","M","M","?","M","R","BOSS","M","M","M","$","?","R","?","R","T","?","?","E","M","?","R","BOSS","M","?","?","$","M","R","$","R","T","E","?","?","$","M","R","BOSS"],"build_version":"2019-01-17v2","purchased_purges":3,"victory":false,"max_hp_per_floor":[70,70,70,70,70,70,70,70,70,70,70,70,70,70,70,70,70,70,70,70,70,70,70,70,70,70,75,75,75,75,75,75,75,75,75,75,75,75,75,75,75,75,75,75,75,75,75,75,75,75],"card_choices":[{"not_picked":["Blade Dance","Slice"],"picked":"Predator","floor":1},{"not_picked":["Dodge and Roll","PiercingWail"],"picked":"Leg Sweep","floor":5},{"not_picked":["Calculated Gamble","Endless Agony"],"picked":"Escape Plan","floor":6},{"not_picked":["Die Die Die","Doppelganger"],"picked":"Well Laid Plans","floor":8},{"not_picked":["Deadly Poison","Slice"],"picked":"Dash","floor":11},{"not_picked":["Flying Knee","Infinite Blades"],"picked":"Terror","floor":12},{"not_picked":["Well Laid Plans","Reflex"],"picked":"Caltrops","floor":14},{"not_picked":["Wraith Form v2","Doppelganger"],"picked":"Envenom","floor":16},{"not_picked":["Eviscerate+1","Prepared","Skewer"],"picked":"SKIP","floor":18},{"not_picked":["Calculated Gamble","Dagger Spray+1","All Out Attack"],"picked":"SKIP","floor":19},{"not_picked":["Quick Slash","Outmaneuver","Heel Hook"],"picked":"SKIP","floor":20},{"not_picked":["Masterful Stab","Dagger Throw"],"picked":"Quick Slash+1","floor":24},{"not_picked":["Dagger Spray","Underhanded Strike+1"],"picked":"Dash+1","floor":29},{"not_picked":["Dodge and Roll","PiercingWail"],"picked":"Backflip","floor":30},{"not_picked":["Phantasmal Killer","Malaise"],"picked":"After Image","floor":33},{"not_picked":["Choke+1","Slice"],"picked":"Cloak And Dagger+1","floor":35},{"not_picked":["Flying Knee+1","Eviscerate+1","Infinite Blades"],"picked":"SKIP","floor":35},{"not_picked":["Blade Dance+1","Skewer"],"picked":"Accuracy+1","floor":39},{"not_picked":["Acrobatics+1","Riddle With Holes+1","Dodge and Roll+1"],"picked":"SKIP","floor":39},{"not_picked":["Tactician+1","Escape Plan+1","Heel Hook+1"],"picked":"SKIP","floor":44},{"not_picked":["Flying Knee+1","Calculated Gamble+1","Deadly Poison+1"],"picked":"SKIP","floor":46},{"not_picked":["Noxious Fumes","Calculated Gamble+1","Finisher+1"],"picked":"SKIP","floor":46},{"not_picked":["Dagger Spray+1","Masterful Stab","Bane"],"picked":"SKIP","floor":48},{"not_picked":["Underhanded Strike","Expertise+1","Doppelganger+1"],"picked":"SKIP","floor":48}],"player_experience":74721,"relics_obtained":[{"floor":6,"key":"Omamori"},{"floor":8,"key":"Oddly Smooth Stone"},{"floor":13,"key":"Pantograph"},{"floor":26,"key":"Meat on the Bone"},{"floor":29,"key":"Bird Faced Urn"},{"floor":34,"key":"Anchor"},{"floor":34,"key":"Toxic Egg 2"},{"floor":34,"key":"Prayer Wheel"},{"floor":36,"key":"Girya"},{"floor":37,"key":"Unceasing Top"},{"floor":43,"key":"Whetstone"},{"floor":44,"key":"War Paint"}],"event_choices":[{"damage_healed":0,"gold_gain":0,"player_choice":"Success","damage_taken":12,"relics_obtained":["Ice Cream"],"max_hp_gain":0,"max_hp_loss":0,"event_name":"Scrap Ooze","floor":3,"gold_loss":0},{"damage_healed":0,"gold_gain":0,"player_choice":"Entered Light","damage_taken":14,"max_hp_gain":0,"max_hp_loss":0,"event_name":"Shining Light","floor":4,"gold_loss":0,"cards_upgraded":["Infinite Blades","Survivor"]},{"damage_healed":0,"gold_gain":0,"player_choice":"Bet on Murderer","damage_taken":0,"max_hp_gain":0,"max_hp_loss":0,"event_name":"The Joust","floor":22,"gold_loss":50},{"damage_healed":0,"gold_gain":0,"player_choice":"Shed Blood","damage_taken":18,"max_hp_gain":5,"max_hp_loss":0,"event_name":"Forgotten Altar","floor":27,"gold_loss":0},{"damage_healed":0,"gold_gain":0,"player_choice":"Ignored","damage_taken":0,"max_hp_gain":0,"max_hp_loss":0,"event_name":"Vampires","floor":28,"gold_loss":0},{"damage_healed":0,"gold_gain":0,"player_choice":"Inject Mutagens","damage_taken":0,"relics_obtained":["MutagenicStrength"],"max_hp_gain":0,"max_hp_loss":0,"event_name":"Drug Dealer","floor":31,"gold_loss":0},{"damage_healed":0,"gold_gain":0,"player_choice":"Fight","damage_taken":0,"max_hp_gain":0,"max_hp_loss":0,"event_name":"MindBloom","floor":36,"gold_loss":0},{"damage_healed":0,"gold_gain":0,"player_choice":"Fight","damage_taken":0,"max_hp_gain":0,"max_hp_loss":0,"event_name":"Mysterious Sphere","floor":37,"gold_loss":0},{"cards_removed":["Strike_G"],"damage_healed":0,"gold_gain":0,"player_choice":"Offered Basic","damage_taken":0,"max_hp_gain":0,"max_hp_loss":0,"event_name":"Bonfire Elementals","floor":45,"gold_loss":0}],"is_beta":false,"boss_relics":[{"not_picked":["Runic Dome","Philosopher\u0027s Stone"],"picked":"Astrolabe"},{"not_picked":["Runic Pyramid","Fusion Hammer"],"picked":"Calling Bell"}],"items_purged_floors":[2,21,38],"is_endless":false,"potions_floor_spawned":[1,6,8,11,14,18,20,24,33,35,36,44],"killed_by":"Time Eater","ascension_level":1}