{"gold_per_floor":[116,116,30,0,0,32,32,52,76,16,16,45,45,64,64,163,163,180,194,50,50,50,50,65,35,35,51,64,97,97,113,113,113],"floor_reached":33,"playtime":843,"items_purged":["Strike_G","Defend_G"],"score":373,"play_id":"849b1e1e-92b6-4dbc-8f76-bddefecbce8a","local_time":"20181109011521","is_ascension_mode":true,"campfire_choices":[{"data":"Slice","floor":7,"key":"SMITH"},{"data":"Neutralize","floor":11,"key":"SMITH"},{"data":"Slice","floor":13,"key":"SMITH"},{"data":"Noxious Fumes","floor":15,"key":"SMITH"},{"data":"Expertise","floor":23,"key":"SMITH"},{"floor":30,"key":"REST"},{"data":"Poisoned Stab","floor":32,"key":"SMITH"}],"neow_cost":"NONE","seed_source_timestamp":8361484792879,"circlet_count":0,"master_deck":["Defend_G+1","Defend_G+1","Defend_G","Defend_G","Strike_G","Strike_G","Strike_G","Survivor","Neutralize+1","Backflip","Slice+1","Noxious Fumes+1","Slice","Slice+1","Backflip","Dagger Throw","Expertise+1","Footwork","Doubt","Cloak And Dagger+1","Leg Sweep","Poisoned Stab+1"],"relics":["Ring of the Snake","NeowsBlessing","The Courier","Regal Pillow","War Paint","Cursed Key","MutagenicStrength","The Specimen","Potion Belt"],"potions_floor_usage":[24,28,28,29],"damage_taken":[{"damage":0,"enemies":"Jaw Worm","floor":1,"turns":1},{"damage":0,"enemies":"Gremlin Nob","floor":6,"turns":1},{"damage":0,"enemies":"Small Slimes","floor":8,"turns":1},{"damage":9,"enemies":"Lagavulin","floor":12,"turns":8},{"damage":0,"enemies":"2 Louse","floor":14,"turns":2},{"damage":18,"enemies":"The Guardian","floor":16,"turns":10},{"damage":5,"enemies":"Shell Parasite","floor":18,"turns":6},{"damage":0,"enemies":"3 Byrds","floor":19,"turns":6},{"damage":6,"enemies":"3 Cultists","floor":24,"turns":5},{"damage":1,"enemies":"Centurion and Healer","floor":27,"turns":6},{"damage":16,"enemies":"Snecko","floor":28,"turns":4},{"damage":16,"enemies":"Book of Stabbing","floor":29,"turns":9},{"damage":4,"enemies":"Snake Plant","floor":31,"turns":6},{"damage":57,"enemies":"Collector","floor":33,"turns":9}],"seed_played":"6165703729669889439","potions_obtained":[{"floor":12,"key":"SkillPotion"},{"floor":14,"key":"SkillPotion"},{"floor":16,"key":"Block Potion"},{"floor":18,"key":"Weak Potion"},{"floor":27,"key":"AttackPotion"}],"is_trial":false,"path_per_floor":["M","?","$","?","?","E","R","M","T","$","R","E","R","M","R","B",null,"M","M","$","?","?","R","M","$","T","M","M","E","R","M","R","B"],"character_chosen":"THE_SILENT","items_purchased":["Slice","Noxious Fumes","Expertise","Footwork"],"campfire_rested":1,"item_purchase_floors":[3,3,20,25],"current_hp_per_floor":[70,70,70,70,75,75,75,75,75,75,75,66,66,66,66,48,68,63,63,63,63,63,63,57,57,57,56,40,24,61,57,57,0],"gold":113,"neow_bonus":"THREE_ENEMY_KILL","is_prod":false,"is_daily":false,"chose_seed":false,"campfire_upgraded":6,"win_rate":0,"timestamp":1541726121,"path_taken":["M","?","$","?","?","E","R","M","T","$","R","E","R","M","R","BOSS","M","M","$","?","?","R","M","$","T","M","?","E","R","M","R","BOSS"],"build_version":"2018-11-01","purchased_purges":2,"victory":false,"max_hp_per_floor":[70,70,70,70,75,75,75,75,75,75,75,75,75,75,75,75,75,75,75,75,75,75,75,75,75,75,75,75,75,75,75,75,75],"card_choices":[{"not_picked":["Quick Slash","Leg Sweep"],"picked":"Backflip","floor":1},{"not_picked":["Predator","Terror"],"picked":"Slice","floor":6},{"not_picked":["Dodge and Roll","Slice","Tactician"],"picked":"SKIP","floor":8},{"not_picked":["Wraith Form v2","Prepared"],"picked":"Slice","floor":12},{"not_picked":["Dagger Throw","Dagger Spray"],"picked":"Backflip","floor":14},{"not_picked":["Underhanded Strike+1","Sucker Punch"],"picked":"Dagger Throw","floor":18},{"not_picked":["Heel Hook+1","Choke","Flying Knee"],"picked":"SKIP","floor":19},{"not_picked":["Reflex","Accuracy","Deflect"],"picked":"SKIP","floor":24},{"not_picked":["Acrobatics+1","Flying Knee"],"picked":"Cloak And Dagger+1","floor":27},{"not_picked":["Venomology","Dodge and Roll"],"picked":"Leg Sweep","floor":28},{"not_picked":["Grand Finale","Leg Sweep","Accuracy"],"picked":"SKIP","floor":29},{"not_picked":["Flying Knee","Slice"],"picked":"Poisoned Stab","floor":31}],"player_experience":122433,"relics_obtained":[{"floor":6,"key":"The Courier"},{"floor":9,"key":"Regal Pillow"},{"floor":12,"key":"War Paint"},{"floor":26,"key":"The Specimen"},{"floor":29,"key":"Potion Belt"}],"event_choices":[{"damage_healed":0,"gold_gain":0,"player_choice":"Ignored","damage_taken":0,"max_hp_gain":0,"max_hp_loss":0,"event_name":"Liars Game","floor":2,"gold_loss":0},{"damage_healed":0,"gold_gain":0,"player_choice":"Left Gold","damage_taken":0,"max_hp_gain":0,"max_hp_loss":0,"event_name":"World of Goop","floor":4,"gold_loss":30},{"damage_healed":0,"gold_gain":0,"player_choice":"Donut","damage_taken":0,"max_hp_gain":5,"max_hp_loss":0,"event_name":"Big Fish","floor":5,"gold_loss":0},{"damage_healed":0,"gold_gain":0,"player_choice":"Inject Mutagens","damage_taken":0,"relics_obtained":["MutagenicStrength"],"max_hp_gain":0,"max_hp_loss":0,"event_name":"Drug Dealer","floor":21,"gold_loss":0},{"cards_removed":["Strike_G"],"damage_healed":0,"gold_gain":0,"player_choice":"Offered Basic","damage_taken":0,"max_hp_gain":0,"max_hp_loss":0,"event_name":"Bonfire Elementals","floor":22,"gold_loss":0}],"is_beta":false,"boss_relics":[{"not_picked":["Eternal Feather","Black Star"],"picked":"Cursed Key"}],"items_purged_floors":[10,20],"is_endless":false,"potions_floor_spawned":[12,14,16,18,27],"killed_by":"Collector","ascension_level":5}