{"gold_per_floor":[114,114,114,25,25,25,50,1,1,20,47,47,47,47],"floor_reached":14,"playtime":326,"items_purged":[],"score":118,"play_id":"682f5a23-fb6f-4aa0-994e-39e076bad40a","local_time":"20181109010108","is_ascension_mode":true,"campfire_choices":[{"data":"Blind","floor":6,"key":"SMITH"},{"floor":13,"key":"REST"}],"neow_cost":"NONE","seed_source_timestamp":8026009455427,"circlet_count":0,"master_deck":["Defend_G","Defend_G","Defend_G","Defend_G","Defend_G","Strike_G","Strike_G","Strike_G","Strike_G","Strike_G","Survivor","Neutralize","Envenom+1","Crippling Poison","Blind+1","Cloak And Dagger","Quick Slash","Slice+1","Backflip"],"relics":["Ring of the Snake","Sundial","Molten Egg 2","Dream Catcher"],"potions_floor_usage":[7,14],"damage_taken":[{"damage":5,"enemies":"Small Slimes","floor":1,"turns":3},{"damage":26,"enemies":"3 Sentries","floor":7,"turns":12},{"damage":2,"enemies":"Jaw Worm","floor":10,"turns":6},{"damage":25,"enemies":"Lagavulin","floor":11,"turns":8},{"damage":48,"enemies":"Gremlin Nob","floor":14,"turns":4}],"seed_played":"6104117560100929337","potions_obtained":[{"floor":1,"key":"Explosive Potion"},{"floor":7,"key":"Strength Potion"}],"is_trial":false,"path_per_floor":["M","?","?","$","?","R","E","$","T","M","E","$","R","E"],"character_chosen":"THE_SILENT","items_purchased":["Blind","Quick Slash"],"campfire_rested":1,"item_purchase_floors":[4,8],"current_hp_per_floor":[65,65,70,70,70,70,44,44,44,42,17,17,39,0],"gold":47,"neow_bonus":"ONE_RANDOM_RARE_CARD","is_prod":false,"is_daily":false,"chose_seed":false,"campfire_upgraded":1,"win_rate":0,"timestamp":1541725268,"path_taken":["M","?","?","$","?","R","E","?","T","M","E","$","R","E"],"build_version":"2018-11-01","purchased_purges":0,"victory":false,"max_hp_per_floor":[70,70,75,75,75,75,75,75,75,75,75,75,75,75],"card_choices":[{"not_picked":["Underhanded Strike","Backflip"],"picked":"Crippling Poison","floor":1},{"not_picked":["Underhanded Strike","Bullet Time"],"picked":"Cloak And Dagger","floor":7},{"not_picked":["Prepared","Sucker Punch+1"],"picked":"Slice+1","floor":10},{"not_picked":["Catalyst","Prepared","Acrobatics"],"picked":"SKIP","floor":11},{"not_picked":["Dagger Throw+1","Poisoned Stab+1"],"picked":"Backflip","floor":13}],"player_experience":122107,"relics_obtained":[{"floor":7,"key":"Sundial"},{"floor":9,"key":"Molten Egg 2"},{"floor":11,"key":"Dream Catcher"}],"event_choices":[{"damage_healed":0,"gold_gain":0,"player_choice":"Ignored","damage_taken":0,"max_hp_gain":0,"max_hp_loss":0,"event_name":"Liars Game","floor":2,"gold_loss":0},{"damage_healed":0,"gold_gain":0,"player_choice":"Donut","damage_taken":0,"max_hp_gain":5,"max_hp_loss":0,"event_name":"Big Fish","floor":3,"gold_loss":0},{"damage_healed":0,"gold_gain":0,"player_choice":"Grow","damage_taken":0,"max_hp_gain":0,"max_hp_loss":0,"event_name":"Living Wall","floor":5,"gold_loss":0,"cards_upgraded":["Envenom"]}],"is_beta":false,"boss_relics":[],"items_purged_floors":[],"is_endless":false,"potions_floor_spawned":[1,7],"killed_by":"Gremlin Nob","ascension_level":5}