{"gold_per_floor":[114,114,132,132,132,171,171,186,186,186,205,56,97,120,120,213,213,233,1,1,24,47,47,70,70,70,70,70,70,70,94,94,183,183,202,327,327,252,272,272,308,308,331,331,369,369,65,65,65,65],"floor_reached":51,"playtime":1428,"items_purged":["Strike_R","Strike_R"],"score":1263,"play_id":"1f15e962-ab3b-4e64-bff5-4e16ab032b13","local_time":"20181222133805","is_ascension_mode":true,"campfire_choices":[{"data":"Hemokinesis","floor":7,"key":"SMITH"},{"data":"True Grit","floor":15,"key":"SMITH"},{"data":"Apotheosis","floor":23,"key":"SMITH"},{"data":"Battle Trance","floor":25,"key":"SMITH"},{"data":"Uppercut","floor":32,"key":"SMITH"},{"data":"Evolve","floor":40,"key":"SMITH"},{"data":"Spot Weakness","floor":42,"key":"SMITH"},{"data":"Reaper","floor":44,"key":"SMITH"},{"data":"Rupture","floor":49,"key":"SMITH"}],"neow_cost":"NONE","seed_source_timestamp":1935586849963,"circlet_count":0,"master_deck":["AscendersBane","Strike_R","Strike_R","Strike_R","Defend_R","Defend_R","Defend_R","Defend_R+1","Bash","True Grit+1","Hemokinesis+1","Iron Wave","Thunderclap","Combust","Uppercut+1","Evolve+1","Feed","Sword Boomerang","Apotheosis+1","True Grit+1","Battle Trance+1","Spot Weakness+1","Reaper+1","Blood for Blood","Demon Form+1","Rupture+1"],"relics":["Burning Blood","NeowsBlessing","Golden Idol","Gremlin Horn","Bag of Marbles","Mummified Hand","Self Forming Clay","Vajra","Letter Opener","Runic Dome","Bottled Tornado","Bronze Scales","Mark of Pain","Turnip","War Paint","Juzu Bracelet","Dream Catcher"],"potions_floor_usage":[16,21,27,27,33,45,50,50],"damage_taken":[{"damage":0,"enemies":"Small Slimes","floor":1,"turns":1},{"damage":0,"enemies":"2 Louse","floor":3,"turns":1},{"damage":0,"enemies":"Lagavulin","floor":6,"turns":1},{"damage":3,"enemies":"Cultist","floor":8,"turns":3},{"damage":2,"enemies":"2 Fungi Beasts","floor":11,"turns":2},{"damage":17,"enemies":"Gremlin Nob","floor":13,"turns":3},{"damage":2,"enemies":"Gremlin Gang","floor":14,"turns":1},{"damage":60,"enemies":"Hexaghost","floor":16,"turns":11},{"damage":8,"enemies":"3 Byrds","floor":18,"turns":5},{"damage":5,"enemies":"Spheric Guardian","floor":21,"turns":3},{"damage":7,"enemies":"Centurion and Healer","floor":22,"turns":6},{"damage":16,"enemies":"Chosen and Byrds","floor":24,"turns":5},{"damage":25,"enemies":"Colosseum Slavers","floor":27,"turns":5},{"damage":9,"enemies":"Snecko","floor":31,"turns":4},{"damage":44,"enemies":"Collector","floor":33,"turns":10},{"damage":29,"enemies":"3 Shapes","floor":35,"turns":7},{"damage":11,"enemies":"Mind Bloom Boss Battle","floor":36,"turns":6},{"damage":9,"enemies":"Orb Walker","floor":39,"turns":4},{"damage":31,"enemies":"Giant Head","floor":41,"turns":6},{"damage":49,"enemies":"Nemesis","floor":45,"turns":7},{"damage":65,"enemies":"Time Eater","floor":50,"turns":8}],"seed_played":"179696812970728027","potions_obtained":[{"floor":1,"key":"EssenceOfSteel"},{"floor":8,"key":"Poison Potion"},{"floor":11,"key":"AttackPotion"},{"floor":18,"key":"Regen Potion"},{"floor":24,"key":"Weak Potion"},{"floor":31,"key":"EssenceOfSteel"},{"floor":36,"key":"Explosive Potion"},{"floor":41,"key":"SteroidPotion"}],"is_trial":false,"path_per_floor":["M","?","M","?","?","E","R","M","T","?","M","$","E","M","R","B",null,"M","$","?","M","M","R","M","R","T","?","?","?","T","M","R","B",null,"M","?","?","$","M","R","E","R","T","R","E","?","$","?","R","B",null],"character_chosen":"IRONCLAD","items_purchased":["Vajra","Apotheosis","True Grit","Rupture","Weak Potion","EssenceOfSteel"],"campfire_rested":0,"item_purchase_floors":[12,19,19,47,47,47],"current_hp_per_floor":[74,79,80,74,74,74,74,74,74,74,74,74,63,67,67,13,59,60,60,60,61,64,64,58,58,58,53,53,53,53,50,50,12,67,59,61,61,61,71,71,71,71,71,71,48,96,96,96,96,58],"gold":65,"neow_bonus":"THREE_ENEMY_KILL","is_prod":false,"is_daily":false,"chose_seed":false,"campfire_upgraded":9,"win_rate":0,"timestamp":1545485885,"path_taken":["M","?","M","?","?","E","R","?","T","?","M","$","E","?","R","BOSS","M","$","?","M","M","R","M","R","T","?","?","?","?","?","R","BOSS","M","?","?","$","?","R","E","R","T","R","E","?","$","?","R","BOSS"],"build_version":"2018-12-20","purchased_purges":2,"victory":true,"max_hp_per_floor":[75,80,80,74,74,74,74,74,74,74,74,74,74,74,74,74,74,77,77,77,77,81,81,85,85,85,85,85,85,85,85,85,85,85,88,88,88,88,92,92,92,92,92,92,96,96,96,96,96,96],"card_choices":[{"not_picked":["Blood for Blood","Armaments"],"picked":"True Grit","floor":1},{"not_picked":["Second Wind","Heavy Blade"],"picked":"Hemokinesis","floor":3},{"not_picked":["Reckless Charge","Impervious"],"picked":"Iron Wave","floor":6},{"not_picked":["Warcry","Burning Pact"],"picked":"Thunderclap","floor":8},{"not_picked":["Reckless Charge","Inflame"],"picked":"Combust","floor":11},{"not_picked":["Cleave","Havoc"],"picked":"Uppercut","floor":13},{"not_picked":["Warcry","Iron Wave"],"picked":"Evolve","floor":14},{"not_picked":["Dark Embrace","Demon Form"],"picked":"Feed","floor":16},{"not_picked":["Iron Wave","Perfected Strike"],"picked":"Sword Boomerang","floor":18},{"not_picked":["Twin Strike+1","Corruption"],"picked":"Battle Trance","floor":21},{"not_picked":["Pommel Strike+1","Armaments","Dual Wield"],"picked":"SKIP","floor":22},{"not_picked":["Iron Wave","Battle Trance","Headbutt"],"picked":"SKIP","floor":24},{"not_picked":["Clothesline","Hemokinesis","Heavy Blade"],"picked":"SKIP","floor":31},{"not_picked":["Demon Form","Impervious"],"picked":"Reaper","floor":33},{"not_picked":["Thunderclap","Blood for Blood+1","Wild Strike"],"picked":"SKIP","floor":35},{"not_picked":["Uppercut+1","Metallicize"],"picked":"Blood for Blood","floor":39},{"not_picked":["Uppercut","Anger","Reckless Charge"],"picked":"SKIP","floor":41},{"not_picked":["Evolve+1","Pummel"],"picked":"Demon Form","floor":45}],"player_experience":294240,"relics_obtained":[{"floor":6,"key":"Bag of Marbles"},{"floor":9,"key":"Mummified Hand"},{"floor":10,"key":"Self Forming Clay"},{"floor":13,"key":"Letter Opener"},{"floor":26,"key":"Bottled Tornado"},{"floor":30,"key":"Bronze Scales"},{"floor":36,"key":"Turnip"},{"floor":41,"key":"War Paint"},{"floor":43,"key":"Juzu Bracelet"},{"floor":45,"key":"Dream Catcher"}],"event_choices":[{"damage_healed":0,"gold_gain":0,"player_choice":"Donut","damage_taken":0,"max_hp_gain":5,"max_hp_loss":0,"event_name":"Big Fish","floor":2,"gold_loss":0},{"damage_healed":0,"gold_gain":0,"player_choice":"Lose Max HP","damage_taken":0,"relics_obtained":["Golden Idol"],"max_hp_gain":0,"max_hp_loss":6,"event_name":"Golden Idol","floor":4,"gold_loss":0},{"damage_healed":0,"gold_gain":0,"player_choice":"Gave Potion","damage_taken":0,"relics_obtained":["Gremlin Horn"],"max_hp_gain":0,"max_hp_loss":0,"event_name":"WeMeetAgain","floor":5,"gold_loss":0},{"damage_healed":0,"gold_gain":0,"player_choice":"Relic","damage_taken":0,"max_hp_gain":0,"max_hp_loss":0,"event_name":"Wheel of Change","floor":10,"gold_loss":0},{"damage_healed":0,"gold_gain":0,"player_choice":"Ignored","damage_taken":0,"max_hp_gain":0,"max_hp_loss":0,"event_name":"Beggar","floor":20,"gold_loss":0},{"damage_healed":0,"gold_gain":0,"player_choice":"Fight","damage_taken":0,"max_hp_gain":0,"max_hp_loss":0,"event_name":"Colosseum","floor":27,"gold_loss":0},{"damage_healed":0,"gold_gain":0,"player_choice":"Fled From Nobs","damage_taken":0,"max_hp_gain":0,"max_hp_loss":0,"event_name":"Colosseum","floor":27,"gold_loss":0},{"damage_healed":0,"gold_gain":0,"player_choice":"Read","damage_taken":0,"max_hp_gain":0,"max_hp_loss":0,"event_name":"The Library","floor":28,"gold_loss":0,"cards_obtained":["Spot Weakness"]},{"damage_healed":0,"gold_gain":0,"player_choice":"Fight","damage_taken":0,"max_hp_gain":0,"max_hp_loss":0,"event_name":"MindBloom","floor":36,"gold_loss":0},{"damage_healed":0,"gold_gain":0,"player_choice":"Ignored","damage_taken":0,"max_hp_gain":0,"max_hp_loss":0,"event_name":"SecretPortal","floor":37,"gold_loss":0},{"damage_healed":48,"gold_gain":0,"player_choice":"Full Heal","damage_taken":0,"max_hp_gain":0,"max_hp_loss":0,"event_name":"Wheel of Change","floor":46,"gold_loss":0},{"damage_healed":0,"gold_gain":0,"player_choice":"Forge","damage_taken":0,"max_hp_gain":0,"max_hp_loss":0,"event_name":"Accursed Blacksmith","floor":48,"gold_loss":0,"cards_upgraded":["Demon Form"]}],"is_beta":false,"boss_relics":[{"not_picked":["Ectoplasm","Coffee Dripper"],"picked":"Runic Dome"},{"not_picked":["Busted Crown","Lizard Tail"],"picked":"Mark of Pain"}],"items_purged_floors":[38,47],"is_endless":false,"potions_floor_spawned":[1,8,11,13,18,24,27,31,36,41],"ascension_level":14}