{"gold_per_floor":[18,18,28,28,38,38,67,67,92,3,3,20,20,37,37,142,142,154,102,129,58,78,103,103,202,202,202,212,231,248,267,267,267],"floor_reached":33,"playtime":2246,"items_purged":["Strike_R"],"score":439,"play_id":"7977ddc3-d43f-4068-a2c7-46ae56f44dd1","local_time":"20180913215614","is_ascension_mode":true,"campfire_choices":[{"data":"Bash","floor":6,"key":"SMITH"},{"data":"Uppercut","floor":8,"key":"SMITH"},{"data":"Flame Barrier","floor":11,"key":"SMITH"},{"data":"Clothesline","floor":13,"key":"SMITH"},{"floor":15,"key":"REST"},{"floor":24,"key":"REST"},{"data":"Fiend Fire","floor":27,"key":"SMITH"},{"floor":32,"key":"REST"}],"neow_cost":"NO_GOLD","seed_source_timestamp":1290114260587007,"circlet_count":0,"master_deck":["Strike_R","Strike_R","Strike_R","Strike_R","Defend_R","Defend_R","Defend_R","Defend_R","Bash","AscendersBane","Sword Boomerang+1","Bash+1","Headbutt+1","Sword Boomerang","Uppercut+1","Flame Barrier+1","Clothesline+1","True Grit","Fiend Fire+1","Body Slam","Perfected Strike","Entrench","Shockwave","True Grit+1","Shrug It Off","Clothesline","Flame Barrier+1","Flame Barrier"],"relics":["Burning Blood","Smiling Mask","Potion Belt","Snecko Eye","Red Mask","Whetstone","Calipers"],"potions_floor_usage":[16,16,20,23,23,29],"damage_taken":[{"damage":13,"enemies":"Jaw Worm","floor":1,"turns":5},{"damage":1,"enemies":"Cultist","floor":3,"turns":3},{"damage":2,"enemies":"2 Louse","floor":5,"turns":3},{"damage":32,"enemies":"Gremlin Nob","floor":7,"turns":4},{"damage":10,"enemies":"Large Slime","floor":12,"turns":6},{"damage":33,"enemies":"Gremlin Gang","floor":14,"turns":5},{"damage":48,"enemies":"The Guardian","floor":16,"turns":15},{"damage":5,"enemies":"Chosen","floor":18,"turns":4},{"damage":30,"enemies":"Masked Bandits","floor":20,"turns":5},{"damage":12,"enemies":"Shell Parasite","floor":22,"turns":4},{"damage":37,"enemies":"Slavers","floor":23,"turns":8},{"damage":0,"enemies":"Chosen and Byrds","floor":28,"turns":4},{"damage":30,"enemies":"Centurion and Healer","floor":29,"turns":5},{"damage":13,"enemies":"Snecko","floor":30,"turns":4},{"damage":9,"enemies":"Snake Plant","floor":31,"turns":3},{"damage":46,"enemies":"Automaton","floor":33,"turns":6}],"seed_played":"2760069502771014275","potions_obtained":[{"floor":5,"key":"Poison Potion"},{"floor":12,"key":"GamblersBrew"},{"floor":14,"key":"SkillPotion"},{"floor":16,"key":"Weak Potion"},{"floor":18,"key":"SkillPotion"},{"floor":22,"key":"Ancient Potion"},{"floor":29,"key":"Explosive Potion"}],"is_trial":false,"path_per_floor":["M","?","M","$","M","R","E","R","T","$","R","M","R","M","R","B",null,"M","$","?","$","M","E","R","?","T","R","M","M","M","M","R"],"character_chosen":"IRONCLAD","items_purchased":["Flame Barrier","Body Slam","Entrench"],"campfire_rested":3,"item_purchase_floors":[10,19,21],"current_hp_per_floor":[81,81,86,86,90,90,64,64,64,64,64,60,60,33,61,19,77,78,78,54,54,48,17,45,45,45,45,51,27,20,17,45,0],"gold":267,"neow_bonus":"TWENTY_PERCENT_HP_BONUS","is_prod":false,"is_daily":false,"chose_seed":false,"campfire_upgraded":5,"win_rate":0,"timestamp":1536893774,"path_taken":["M","?","M","?","?","R","E","R","T","?","R","M","R","M","R","BOSS","M","$","?","$","M","E","R","?","T","R","M","?","M","M","R","BOSS"],"build_version":"2018-09-06","purchased_purges":1,"victory":false,"max_hp_per_floor":[96,96,96,96,96,96,96,96,96,96,96,96,96,96,96,96,96,96,96,96,96,96,96,96,96,96,96,96,96,96,96,96,96],"card_choices":[{"not_picked":["Shrug It Off","Spot Weakness"],"picked":"Sword Boomerang","floor":1},{"not_picked":["Sword Boomerang","Searing Blow"],"picked":"Headbutt","floor":3},{"not_picked":["Clash","Bloodletting"],"picked":"Sword Boomerang","floor":5},{"not_picked":["Seeing Red","Brutality"],"picked":"Uppercut","floor":7},{"not_picked":["Clash","Perfected Strike"],"picked":"Clothesline","floor":12},{"not_picked":["Pummel","Wild Strike"],"picked":"True Grit","floor":14},{"not_picked":["Limit Break","Berserk"],"picked":"Fiend Fire","floor":16},{"not_picked":["Armaments","Battle Trance+1","Havoc"],"picked":"SKIP","floor":18},{"not_picked":["Havoc","Clash+1"],"picked":"Perfected Strike","floor":20},{"not_picked":["Armaments","Perfected Strike+1"],"picked":"Shockwave","floor":22},{"not_picked":["Body Slam","Brutality"],"picked":"True Grit+1","floor":23},{"not_picked":["Pommel Strike","Rage+1"],"picked":"Shrug It Off","floor":28},{"not_picked":["Pommel Strike","Bloodletting"],"picked":"Clothesline","floor":29},{"not_picked":["Combust","Infernal Blade"],"picked":"Flame Barrier+1","floor":30},{"not_picked":["Havoc+1","Ghostly Armor"],"picked":"Flame Barrier","floor":31}],"player_experience":321942,"relics_obtained":[{"floor":7,"key":"Smiling Mask"},{"floor":9,"key":"Potion Belt"},{"floor":20,"key":"Red Mask"},{"floor":23,"key":"Whetstone"},{"floor":26,"key":"Calipers"}],"event_choices":[{"event_name":"Match and Keep!","player_choice":"1 cards matched","floor":2,"damage_taken":0},{"event_name":"Masked Bandits","player_choice":"Fought Bandits","floor":20,"damage_taken":0},{"event_name":"Nest","player_choice":"Stole From Cult","floor":25,"damage_taken":0}],"is_beta":false,"boss_relics":[{"not_picked":["Pandora\u0027s Box","Astrolabe"],"picked":"Snecko Eye"}],"items_purged_floors":[10],"is_endless":false,"potions_floor_spawned":[5,12,14,16,18,22,29],"killed_by":"Automaton","ascension_level":11}