{"gold_per_floor":[114,114,133,208,208,243,243,257,257,270,270,289,320,63,63,158,158,178,193,206,206,216,216,216],"floor_reached":24,"playtime":1683,"items_purged":[],"score":326,"play_id":"bdd53998-1cc0-44c4-9b43-6ae6c1f6d8d0","local_time":"20190126173924","is_ascension_mode":true,"campfire_choices":[{"data":"Sunder","floor":7,"key":"SMITH"},{"floor":11,"key":"REST"},{"data":"Creative AI","floor":15,"key":"SMITH"},{"floor":23,"key":"REST"}],"neow_cost":"NONE","seed_source_timestamp":1381723134492401,"circlet_count":0,"master_deck":["Strike_B","Strike_B","Strike_B","Defend_B","Defend_B","Defend_B","Defend_B","Zap","Dualcast+1","Coolheaded","Creative AI+1","Sunder+1","Go for the Eyes","Steam","Seek","Electrodynamics","Beam Cell","FTL","Glacier","Streamline+1","Rebound+1"],"relics":["FrozenCore","Dream Catcher","Symbiotic Virus","Blood Vial","Bottled Flame","Potion Belt","Pantograph"],"potions_floor_usage":[13,16,24],"damage_taken":[{"damage":0,"enemies":"Small Slimes","floor":1,"turns":4},{"damage":9,"enemies":"Jaw Worm","floor":3,"turns":4},{"damage":40,"enemies":"Lagavulin","floor":6,"turns":5},{"damage":0,"enemies":"Cultist","floor":8,"turns":2},{"damage":8,"enemies":"Looter","floor":10,"turns":2},{"damage":8,"enemies":"Red Slaver","floor":12,"turns":2},{"damage":0,"enemies":"3 Sentries","floor":13,"turns":3},{"damage":38,"enemies":"Slime Boss","floor":16,"turns":7},{"damage":17,"enemies":"Shell Parasite","floor":18,"turns":7},{"damage":17,"enemies":"2 Thieves","floor":19,"turns":4},{"damage":26,"enemies":"Centurion and Healer","floor":20,"turns":5},{"damage":3,"enemies":"Shelled Parasite and Fungi","floor":22,"turns":7},{"damage":44,"enemies":"Book of Stabbing","floor":24,"turns":6}],"seed_played":"5503033451946469435","potions_obtained":[{"floor":3,"key":"FairyPotion"},{"floor":6,"key":"Explosive Potion"},{"floor":13,"key":"PowerPotion"},{"floor":16,"key":"Strength Potion"},{"floor":20,"key":"SteroidPotion"},{"floor":22,"key":"FocusPotion"}],"is_trial":false,"path_per_floor":["M","?","M","T","?","E","R","M","T","M","R","M","E","$","R","B",null,"M","M","M","?","M","R","E"],"character_chosen":"DEFECT","items_purchased":["Pantograph"],"campfire_rested":2,"item_purchase_floors":[14],"current_hp_per_floor":[68,68,59,59,64,24,24,26,26,20,42,36,38,38,38,27,63,48,33,9,9,8,30,0],"gold":216,"neow_bonus":"RANDOM_COMMON_RELIC","is_prod":false,"is_daily":false,"chose_seed":false,"campfire_upgraded":2,"win_rate":0,"timestamp":1548553164,"path_taken":["M","?","M","?","?","E","R","M","T","M","R","M","E","$","R","BOSS","M","?","M","?","?","R","E"],"build_version":"2019-01-23","purchased_purges":0,"victory":false,"max_hp_per_floor":[75,75,75,75,75,75,75,75,75,75,75,75,75,75,75,75,75,75,75,75,75,75,75,75],"card_choices":[{"not_picked":["Rebound","Lockon"],"picked":"Coolheaded","floor":1},{"not_picked":["Hologram","Coolheaded"],"picked":"Steam","floor":3},{"not_picked":["Leap","Sweeping Beam"],"picked":"Sunder","floor":6},{"not_picked":["Rebound","Compile Driver"],"picked":"Go for the Eyes","floor":8},{"not_picked":["Meteor Strike","Ball Lightning"],"picked":"Steam","floor":10},{"not_picked":["Chaos","Hologram","Compile Driver"],"picked":"SKIP","floor":12},{"not_picked":["Cold Snap","Hologram"],"picked":"Seek","floor":13},{"not_picked":["Fission","Meteor Strike"],"picked":"Electrodynamics","floor":16},{"not_picked":["Coolheaded","Compile Driver"],"picked":"Beam Cell","floor":18},{"not_picked":["Heatsinks","Rebound"],"picked":"FTL","floor":19},{"not_picked":["Coolheaded+1","Sweeping Beam"],"picked":"Glacier","floor":20},{"not_picked":["Chaos","Redo+1"],"picked":"Streamline+1","floor":22},{"not_picked":["Turbo","Coolheaded"],"picked":"Rebound+1","floor":23}],"player_experience":499595,"relics_obtained":[{"floor":4,"key":"Symbiotic Virus"},{"floor":6,"key":"Blood Vial"},{"floor":9,"key":"Bottled Flame"},{"floor":13,"key":"Potion Belt"}],"event_choices":[{"damage_healed":0,"gold_gain":0,"cards_transformed":["Strike_B"],"player_choice":"Change","damage_taken":0,"max_hp_gain":0,"max_hp_loss":0,"event_name":"Living Wall","floor":2,"gold_loss":0,"cards_obtained":["Creative AI"]},{"cards_removed":["Steam"],"damage_healed":5,"gold_gain":0,"player_choice":"Offered Common","damage_taken":0,"max_hp_gain":0,"max_hp_loss":0,"event_name":"Bonfire Elementals","floor":5,"gold_loss":0},{"cards_removed":["Steam"],"damage_healed":5,"gold_gain":0,"player_choice":"Offered Special","damage_taken":0,"max_hp_gain":0,"max_hp_loss":0,"event_name":"Bonfire Elementals","floor":5,"gold_loss":0},{"damage_healed":0,"gold_gain":0,"player_choice":"Forge","damage_taken":0,"max_hp_gain":0,"max_hp_loss":0,"event_name":"Accursed Blacksmith","floor":21,"gold_loss":0,"cards_upgraded":["Dualcast"]}],"is_beta":false,"boss_relics":[{"not_picked":["Pandora\u0027s Box","Lizard Tail"],"picked":"FrozenCore"}],"items_purged_floors":[],"is_endless":false,"potions_floor_spawned":[3,6,13,16,20,22],"killed_by":"Book of Stabbing","ascension_level":8}