{"gold_per_floor":[112,37,57,69,69,94,94,110,110,134,169,169,169,189,189,293,293,260,220,231,231,251,280,280,280,280,280,291,291,291,304,304,304],"floor_reached":33,"playtime":883,"items_purged":["Strike_G"],"score":440,"play_id":"0a1e1277-eba9-4824-a55f-8e26ebb8184d","local_time":"20181214222302","is_ascension_mode":true,"campfire_choices":[{"data":"Blade Dance","floor":7.0,"key":"SMITH"},{"data":"Neutralize","floor":12.0,"key":"SMITH"},{"data":"After Image","floor":15.0,"key":"SMITH"},{"data":"Cloak And Dagger","floor":24.0,"key":"SMITH"},{"data":"Caltrops","floor":30.0,"key":"SMITH"},{"data":"Choke","floor":32.0,"key":"SMITH"}],"neow_cost":"NONE","seed_source_timestamp":0,"circlet_count":0,"master_deck":["AscendersBane","Defend_G+1","Defend_G","Defend_G","Defend_G","Defend_G","Strike_G","Strike_G","Strike_G","Strike_G","Survivor","Neutralize+1","Blade Dance+1","Cloak And Dagger+1","Leg Sweep","After Image+1","Backflip","Quick Slash","Cloak And Dagger+1","Cloak And Dagger+1","Injury","Pain","Caltrops+1","Choke+1"],"special_seed":0,"relics":["WristBlade","Blue Candle","Singing Bowl","Juzu Bracelet","War Paint","Cursed Key","Dream Catcher","Vajra","Meat on the Bone"],"potions_floor_usage":[],"damage_taken":[{"damage":0.0,"enemies":"Cultist","floor":1.0,"turns":4.0},{"damage":2.0,"enemies":"Jaw Worm","floor":3.0,"turns":3.0},{"damage":1.0,"enemies":"Small Slimes","floor":4.0,"turns":3.0},{"damage":18.0,"enemies":"Gremlin Nob","floor":6.0,"turns":4.0},{"damage":4.0,"enemies":"Exordium Thugs","floor":8.0,"turns":6.0},{"damage":9.0,"enemies":"Lagavulin","floor":11.0,"turns":8.0},{"damage":1.0,"enemies":"Red Slaver","floor":14.0,"turns":3.0},{"damage":24.0,"enemies":"Slime Boss","floor":16.0,"turns":17.0},{"damage":3.0,"enemies":"2 Thieves","floor":18.0,"turns":5.0},{"damage":0.0,"enemies":"Shell Parasite","floor":20.0,"turns":7.0},{"damage":3.0,"enemies":"Chosen and Byrds","floor":22.0,"turns":6.0},{"damage":22.0,"enemies":"Slavers","floor":23.0,"turns":8.0},{"damage":4.0,"enemies":"Snecko","floor":28.0,"turns":4.0},{"damage":19.0,"enemies":"Cultist and Chosen","floor":31.0,"turns":7.0},{"damage":0,"enemies":"Automaton","floor":33,"turns":1}],"seed_played":"2175011906679302170","potions_obtained":[{"floor":1.0,"key":"SkillPotion"},{"floor":4.0,"key":"Poison Potion"},{"floor":14.0,"key":"LiquidBronze"},{"floor":16.0,"key":"Energy Potion"},{"floor":19.0,"key":"PowerPotion"}],"is_trial":false,"path_per_floor":["M","$","M","M","?","E","R","M","T","T","E","R","?","M","R","B",null,"M","?","M","?","M","E","R","?","T","T","M","?","R","M","R","B"],"character_chosen":"THE_SILENT","items_purchased":[],"campfire_rested":0,"item_purchase_floors":[],"current_hp_per_floor":[63,63,61,60,60,42,42,38,38,38,31,31,31,30,30,8,58,55,55,55,55,52,32,32,32,32,32,40,26,26,19,19,19],"gold":304,"neow_bonus":"BOSS_RELIC","is_prod":false,"is_daily":false,"chose_seed":false,"campfire_upgraded":6,"win_rate":0,"timestamp":1544826182,"path_taken":["M","$","M","M","?","E","R","M","T","?","E","R","?","M","R","BOSS","M","?","M","?","M","E","R","?","T","?","M","?","R","M","R","BOSS"],"build_version":"2018-12-13","purchased_purges":1,"victory":false,"max_hp_per_floor":[70,70,70,70,70,70,70,70,70,70,72,72,72,72,72,74,74,74,74,74,74,74,76,76,76,76,76,76,81,81,81,81,81],"card_choices":[{"not_picked":["Predator","Bane"],"picked":"Blade Dance","floor":1.0},{"not_picked":["Flying Knee","Prepared"],"picked":"Cloak And Dagger","floor":3.0},{"not_picked":["Poisoned Stab","Finisher","Bouncing Flask"],"picked":"SKIP","floor":4.0},{"not_picked":["Concentrate","Quick Slash","Setup"],"picked":"SKIP","floor":6.0},{"not_picked":["Deadly Poison","A Thousand Cuts"],"picked":"Leg Sweep","floor":8.0},{"not_picked":["Dagger Throw","Riddle With Holes","Outmaneuver"],"picked":"Singing Bowl","floor":11.0},{"not_picked":["Concentrate","Leg Sweep"],"picked":"Backflip","floor":14.0},{"not_picked":["Bullet Time","Unload","Phantasmal Killer"],"picked":"Singing Bowl","floor":16.0},{"not_picked":["Slice","Skewer"],"picked":"Quick Slash","floor":18.0},{"not_picked":["Blur","Eviscerate"],"picked":"Cloak And Dagger","floor":20.0},{"not_picked":["Deflect","Backflip+1"],"picked":"Cloak And Dagger+1","floor":22.0},{"not_picked":["Deflect","Tactician+1","Cloak And Dagger"],"picked":"Singing Bowl","floor":23.0},{"not_picked":["Underhanded Strike+1","Calculated Gamble"],"picked":"Caltrops","floor":28.0},{"not_picked":["Concentrate","Blade Dance"],"picked":"Choke","floor":31.0}],"player_experience":263959,"relics_obtained":[{"floor":6.0,"key":"Blue Candle"},{"floor":9.0,"key":"Singing Bowl"},{"floor":10.0,"key":"Juzu Bracelet"},{"floor":11.0,"key":"War Paint"},{"floor":23.0,"key":"Dream Catcher"},{"floor":26.0,"key":"Vajra"},{"floor":27.0,"key":"Meat on the Bone"}],"event_choices":[{"damage_healed":0.0,"max_hp_gain":0.0,"max_hp_loss":0.0,"gold_gain":0.0,"event_name":"Liars Game","player_choice":"Ignored","floor":5.0,"gold_loss":0.0,"damage_taken":0.0},{"damage_healed":0.0,"max_hp_gain":0.0,"max_hp_loss":0.0,"gold_gain":0.0,"event_name":"Match and Keep!","player_choice":"1 cards matched","floor":13.0,"gold_loss":0.0,"damage_taken":0.0,"cards_obtained":["After Image"]},{"damage_healed":0.0,"max_hp_gain":0.0,"max_hp_loss":0.0,"gold_gain":0.0,"event_name":"The Woman in Blue","player_choice":"Bought 3 Potions","floor":19.0,"gold_loss":0.0,"damage_taken":0.0},{"damage_healed":0.0,"max_hp_gain":0.0,"max_hp_loss":0.0,"gold_gain":0.0,"event_name":"Ghosts","player_choice":"Ignored","floor":21.0,"gold_loss":0.0,"damage_taken":0.0},{"damage_healed":0.0,"max_hp_gain":0.0,"max_hp_loss":0.0,"gold_gain":0.0,"event_name":"Cursed Tome","player_choice":"Ignored","floor":25.0,"gold_loss":0.0,"damage_taken":0.0},{"damage_healed":0.0,"max_hp_gain":5.0,"max_hp_loss":0.0,"gold_gain":0.0,"event_name":"Forgotten Altar","player_choice":"Shed Blood","floor":29.0,"gold_loss":0.0,"damage_taken":19.0}],"is_beta":false,"boss_relics":[{"not_picked":["Orrery","Tiny House"],"picked":"Cursed Key"}],"items_purged_floors":[2],"is_endless":false,"potions_floor_spawned":[1,4,14,16,20],"killed_by":"Automaton","ascension_level":12}