{"gold_per_floor":[115,134,146,157,157,187,187,199,246,246,346,360,6,6,6,110,110,123,139,214,1,12,22,22,37,37,37,54,54,71,1,1,105,155,165,183,200,56,56,88,88,103,103,115,0,11,11,26,26,26],"floor_reached":50,"playtime":7239,"items_purged":[],"score":505,"play_id":"fe478375-9de0-436e-9456-494429f1fc2a","local_time":"20181201145552","is_ascension_mode":false,"campfire_choices":[{"data":"Iron Wave","floor":7,"key":"SMITH"},{"data":"Rampage","floor":10,"key":"SMITH"},{"floor":15,"key":"REST"},{"data":"Bash","floor":24,"key":"SMITH"},{"data":"Fire Breathing","floor":27,"key":"SMITH"},{"floor":32,"key":"REST"},{"floor":41,"key":"REST"},{"floor":49,"key":"REST"}],"neow_cost":"NONE","seed_source_timestamp":423119233734366,"circlet_count":0,"master_deck":["Strike_R+1","Strike_R+1","Strike_R","Strike_R","Strike_R+1","Defend_R","Defend_R+1","Defend_R+1","Bash+1","Rampage+1","Iron Wave+1","Clash","Dropkick","Berserk","Warcry+1","Fire Breathing+1","Ghostly Armor+1","Perfected Strike+1","Armaments","Metallicize","Feed","Iron Wave+1","Trip","Battle Trance"],"relics":["Burning Blood","Boot","Bag of Marbles","ClockworkSouvenir","War Paint","White Beast Statue","Vajra","Red Skull","Tiny House","Whetstone","Ornamental Fan","Regal Pillow","Red Mask","Bronze Scales"],"potions_floor_usage":[6,6,19,22,22,23,25,28,33,33,35,36,37,40,40,42,46,48,50,50],"damage_taken":[{"damage":8,"enemies":"Cultist","floor":1,"turns":5},{"damage":9,"enemies":"Jaw Worm","floor":2,"turns":5},{"damage":3,"enemies":"Small Slimes","floor":3,"turns":4},{"damage":12,"enemies":"2 Fungi Beasts","floor":4,"turns":4},{"damage":33,"enemies":"Lagavulin","floor":6,"turns":7},{"damage":4,"enemies":"Red Slaver","floor":8,"turns":3},{"damage":0,"enemies":"Exordium Wildlife","floor":12,"turns":3},{"damage":62,"enemies":"The Guardian","floor":16,"turns":8},{"damage":0,"enemies":"3 Byrds","floor":18,"turns":5},{"damage":20,"enemies":"Spheric Guardian","floor":19,"turns":4},{"damage":23,"enemies":"3 Cultists","floor":22,"turns":5},{"damage":11,"enemies":"Cultist and Chosen","floor":23,"turns":6},{"damage":13,"enemies":"Snake Plant","floor":25,"turns":3},{"damage":12,"enemies":"Shelled Parasite and Fungi","floor":28,"turns":8},{"damage":11,"enemies":"Chosen and Byrds","floor":30,"turns":6},{"damage":35,"enemies":"Champ","floor":33,"turns":12},{"damage":5,"enemies":"3 Darklings","floor":35,"turns":7},{"damage":0,"enemies":"Orb Walker","floor":36,"turns":3},{"damage":20,"enemies":"Jaw Worm Horde","floor":37,"turns":5},{"damage":62,"enemies":"Giant Head","floor":40,"turns":8},{"damage":10,"enemies":"Spire Growth","floor":42,"turns":4},{"damage":38,"enemies":"4 Shapes","floor":44,"turns":6},{"damage":11,"enemies":"Sphere and 2 Shapes","floor":46,"turns":5},{"damage":27,"enemies":"3 Darklings","floor":48,"turns":5},{"damage":87,"enemies":"Donu and Deca","floor":50,"turns":5}],"seed_played":"-3811017104147742095","potions_obtained":[{"floor":1,"key":"PowerPotion"},{"floor":2,"key":"Strength Potion"},{"floor":8,"key":"Strength Potion"},{"floor":16,"key":"BloodPotion"},{"floor":18,"key":"Dexterity Potion"},{"floor":19,"key":"Strength Potion"},{"floor":22,"key":"Regen Potion"},{"floor":23,"key":"AttackPotion"},{"floor":25,"key":"PowerPotion"},{"floor":28,"key":"Dexterity Potion"},{"floor":30,"key":"SpeedPotion"},{"floor":33,"key":"Weak Potion"},{"floor":34,"key":"BloodPotion"},{"floor":35,"key":"Ancient Potion"},{"floor":36,"key":"EssenceOfSteel"},{"floor":37,"key":"Poison Potion"},{"floor":40,"key":"Fire Potion"},{"floor":42,"key":"Regen Potion"},{"floor":44,"key":"Strength Potion"},{"floor":46,"key":"PowerPotion"},{"floor":48,"key":"Fruit Juice"}],"is_trial":false,"path_per_floor":["M","M","M","M","$","E","R","M","T","R","?","M","$","?","R","B",null,"M","M","?","$","M","M","R","M","T","R","M","$","M","$","R","B",null,"M","M","M","$","?","E","R","M","T","M","?","M","?","M","R","B"],"character_chosen":"IRONCLAD","items_purchased":["ClockworkSouvenir","War Paint","Vajra","Fire Breathing","Metallicize","Whetstone"],"campfire_rested":4,"item_purchase_floors":[13,13,21,21,31,38],"current_hp_per_floor":[78,75,78,72,72,45,45,47,47,47,47,53,53,58,83,27,85,85,71,63,63,54,64,64,57,57,57,51,51,46,46,71,42,90,94,97,86,86,86,30,60,56,56,27,27,36,36,20,67,0],"gold":26,"neow_bonus":"REMOVE_CARD","is_prod":false,"is_daily":false,"chose_seed":false,"campfire_upgraded":4,"win_rate":0,"timestamp":1543704952,"path_taken":["M","M","?","M","?","E","R","?","T","R","?","?","$","?","R","BOSS","M","M","?","$","M","M","R","?","T","R","M","?","M","$","R","BOSS","M","M","M","$","?","E","R","M","T","M","?","M","?","?","R","BOSS"],"build_version":"2018-11-15","purchased_purges":0,"victory":false,"max_hp_per_floor":[80,80,80,80,80,80,80,80,80,80,80,80,80,85,85,85,85,85,85,85,85,85,85,85,85,85,85,85,85,85,85,85,85,90,94,97,100,100,100,100,100,100,100,103,103,103,103,108,108,108],"card_choices":[{"not_picked":["Feel No Pain","Combust","Heavy Blade"],"picked":"SKIP","floor":1},{"not_picked":["Perfected Strike","Spot Weakness"],"picked":"Rampage","floor":2},{"not_picked":["Reckless Charge","Sword Boomerang","Spot Weakness"],"picked":"SKIP","floor":3},{"not_picked":["Rage","Feel No Pain","Warcry"],"picked":"SKIP","floor":4},{"not_picked":["Spot Weakness","Ghostly Armor"],"picked":"Iron Wave","floor":6},{"not_picked":["Twin Strike","Bloodletting"],"picked":"Clash","floor":8},{"not_picked":["Dark Embrace","Dual Wield"],"picked":"Dropkick","floor":12},{"not_picked":["Brutality","Demon Form"],"picked":"Berserk","floor":16},{"not_picked":["Power Through","Iron Wave"],"picked":"Warcry+1","floor":18},{"not_picked":["Rupture+1","True Grit","Twin Strike"],"picked":"SKIP","floor":19},{"not_picked":["Cleave","Heavy Blade","Pommel Strike"],"picked":"SKIP","floor":22},{"not_picked":["Infernal Blade","Heavy Blade","Rupture"],"picked":"SKIP","floor":23},{"not_picked":["Thunderclap","Dropkick"],"picked":"Ghostly Armor+1","floor":25},{"not_picked":["Warcry","Flex"],"picked":"Perfected Strike+1","floor":28},{"not_picked":["Twin Strike","Searing Blow"],"picked":"Armaments","floor":30},{"not_picked":["Juggernaut","Dark Embrace"],"picked":"Feed","floor":33},{"not_picked":["True Grit+1","Entrench+1"],"picked":"Iron Wave+1","floor":34},{"not_picked":["Feel No Pain+1","Shrug It Off","Headbutt"],"picked":"SKIP","floor":35},{"not_picked":["Entrench+1","Twin Strike","Clothesline"],"picked":"SKIP","floor":36},{"not_picked":["Perfected Strike+1","Headbutt+1","Body Slam"],"picked":"SKIP","floor":37},{"not_picked":["Mind Blast","Swift Strike"],"picked":"Trip","floor":39},{"not_picked":["Burning Pact+1","Perfected Strike+1"],"picked":"Battle Trance","floor":40},{"not_picked":["Flex+1","Thunderclap","Shrug It Off"],"picked":"SKIP","floor":42},{"not_picked":["Dark Embrace","Clothesline","Heavy Blade+1"],"picked":"SKIP","floor":44},{"not_picked":["Headbutt","Carnage+1","Uppercut+1"],"picked":"SKIP","floor":46},{"not_picked":["Flex+1","Twin Strike","Warcry"],"picked":"SKIP","floor":48}],"player_experience":32143,"relics_obtained":[{"floor":6,"key":"Boot"},{"floor":9,"key":"Bag of Marbles"},{"floor":26,"key":"Red Skull"},{"floor":40,"key":"Ornamental Fan"},{"floor":43,"key":"Regal Pillow"}],"event_choices":[{"damage_healed":0,"gold_gain":100,"player_choice":"Pray","damage_taken":0,"max_hp_gain":0,"max_hp_loss":0,"event_name":"Golden Shrine","floor":11,"gold_loss":0},{"damage_healed":0,"gold_gain":0,"player_choice":"Donut","damage_taken":0,"max_hp_gain":5,"max_hp_loss":0,"event_name":"Big Fish","floor":14,"gold_loss":0},{"damage_healed":0,"gold_gain":75,"player_choice":"Touch","damage_taken":8,"max_hp_gain":0,"max_hp_loss":0,"event_name":"FaceTrader","floor":20,"gold_loss":0},{"damage_healed":0,"gold_gain":0,"player_choice":"Memory 1","damage_taken":0,"max_hp_gain":0,"max_hp_loss":0,"event_name":"SensoryStone","floor":39,"gold_loss":0},{"damage_healed":0,"gold_gain":0,"player_choice":"Paid","damage_taken":0,"relics_obtained":["Red Mask"],"max_hp_gain":0,"max_hp_loss":0,"event_name":"Tomb of Lord Red Mask","floor":45,"gold_loss":115},{"damage_healed":0,"gold_gain":0,"player_choice":"Gave Potion","damage_taken":0,"relics_obtained":["Bronze Scales"],"max_hp_gain":0,"max_hp_loss":0,"event_name":"WeMeetAgain","floor":47,"gold_loss":0}],"is_beta":false,"boss_relics":[{"not_picked":["Runic Cube","Ectoplasm"],"picked":"White Beast Statue"},{"not_picked":["Empty Cage","Runic Pyramid"],"picked":"Tiny House"}],"items_purged_floors":[],"is_endless":false,"potions_floor_spawned":[1,2,8,16,18,19,22,23,25,28,30,33,35,36,37,40,42,44,46,48],"killed_by":"Donu and Deca","ascension_level":0}