{"gold_per_floor":[110,128,145,162,142,169,169,169],"floor_reached":8,"playtime":6896,"items_purged":[],"score":63,"play_id":"c0be156c-2250-4f05-940b-92db835c4c1e","local_time":"20190120235345","is_ascension_mode":true,"campfire_choices":[],"neow_cost":"NONE","seed_source_timestamp":57936603384400,"circlet_count":0,"master_deck":["Defend_G","Defend_G","Defend_G","Defend_G","Defend_G","Strike_G","Strike_G","Strike_G","Strike_G","Survivor","Neutralize","Noxious Fumes","Cloak And Dagger","Expertise","Backstab"],"relics":["Ring of the Snake","Torii"],"potions_floor_usage":[4,8,8],"damage_taken":[{"damage":2,"enemies":"Jaw Worm","floor":1,"turns":6},{"damage":0,"enemies":"2 Louse","floor":2,"turns":3},{"damage":1,"enemies":"Cultist","floor":3,"turns":4},{"damage":13,"enemies":"Gremlin Gang","floor":4,"turns":5},{"damage":5,"enemies":"Exordium Thugs","floor":5,"turns":5},{"damage":41,"enemies":"Gremlin Nob","floor":6,"turns":6},{"damage":10,"enemies":"3 Sentries","floor":8,"turns":6}],"seed_played":"-5837238616733401643","potions_obtained":[{"floor":3,"key":"LiquidBronze"},{"floor":5,"key":"Dexterity Potion"},{"floor":6,"key":"Swift Potion"}],"is_trial":false,"path_per_floor":["M","M","M","M","M","E","?","E"],"character_chosen":"THE_SILENT","items_purchased":[],"campfire_rested":0,"item_purchase_floors":[],"current_hp_per_floor":[68,68,67,54,49,8,8,0],"gold":169,"neow_bonus":"THREE_CARDS","is_prod":false,"is_daily":false,"chose_seed":false,"campfire_upgraded":0,"win_rate":0,"timestamp":1548046425,"path_taken":["M","M","M","M","M","E","?","E"],"build_version":"2019-01-17v2","purchased_purges":0,"victory":false,"max_hp_per_floor":[70,70,70,70,70,70,70,70],"card_choices":[{"not_picked":["Tactician","Bane"],"picked":"Noxious Fumes","floor":0},{"not_picked":["Acrobatics","Underhanded Strike","Poisoned Stab"],"picked":"SKIP","floor":1},{"not_picked":["Bane","Calculated Gamble","Sucker Punch"],"picked":"SKIP","floor":2},{"not_picked":["Quick Slash","Backflip"],"picked":"Cloak And Dagger","floor":3},{"not_picked":["Acrobatics","Underhanded Strike","Prepared"],"picked":"SKIP","floor":4},{"not_picked":["Poisoned Stab","Flying Knee"],"picked":"Expertise","floor":5},{"not_picked":["Bane","Unload"],"picked":"Backstab","floor":6}],"player_experience":61673,"relics_obtained":[{"floor":6,"key":"Torii"}],"event_choices":[{"cards_removed":["Strike_G"],"damage_healed":0,"gold_gain":0,"player_choice":"Forget","damage_taken":0,"max_hp_gain":0,"max_hp_loss":0,"event_name":"Living Wall","floor":7,"gold_loss":0}],"is_beta":false,"boss_relics":[],"items_purged_floors":[],"is_endless":false,"potions_floor_spawned":[3,5,6],"killed_by":"3 Sentries","ascension_level":1}