{"gold_per_floor":[113,113,113,123,13,13,47,66,66,91,103,134,148,148,148,250,250,265,141,141,341,352,387,435,435,435,466,466,466,477,502,502,604,604,618,526,537,556,571,601,601,634,657,657,657,688,658,0,0,0],"floor_reached":51,"playtime":3257,"items_purged":["Defend_G","Strike_G"],"score":937,"play_id":"0985e34b-6fd5-4a74-a723-54d5bc2dde65","local_time":"20190201011145","is_ascension_mode":true,"campfire_choices":[{"data":"Crippling Poison","floor":6,"key":"SMITH"},{"floor":15,"key":"REST"},{"data":"Adrenaline","floor":25,"key":"SMITH"},{"floor":29,"key":"REST"},{"floor":32,"key":"REST"},{"data":"After Image","floor":41,"key":"SMITH"},{"data":"Backstab","floor":45,"key":"SMITH"},{"data":"Leg Sweep","floor":49,"key":"SMITH"}],"neow_cost":"NONE","seed_source_timestamp":1026568121030900,"circlet_count":0,"master_deck":["Defend_G","Defend_G","Defend_G","Survivor","Neutralize","Dagger Throw","All Out Attack","Crippling Poison+1","Bouncing Flask","Backstab+1","Terror","Poisoned Stab","Choke","Backstab","Adrenaline+1","Sucker Punch+1","Cloak And Dagger","Bite","Bite","Bite","Bite","Bite","Bane+1","Backstab+1","Backflip","Escape Plan+1","Dodge and Roll","After Image+1","Finisher+1","Leg Sweep+1","Footwork","Footwork","A Thousand Cuts","Noxious Fumes+1","Panacea","A Thousand Cuts","Corpse Explosion"],"relics":["Ring of the Snake","NeowsBlessing","Ninja Scroll","Shuriken","Bottled Lightning","Strawberry","Bird Faced Urn","Philosopher\u0027s Stone","Molten Egg 2","Juzu Bracelet","The Courier","Dream Catcher","Prayer Wheel","Black Star","Kunai","Boot","Ginger","Meat on the Bone","Happy Flower","Bottled Flame","Red Mask"],"potions_floor_usage":[16,16,22,27,33,40,40,50,50,50],"damage_taken":[{"damage":0,"enemies":"2 Louse","floor":1,"turns":1},{"damage":0,"enemies":"Cultist","floor":4,"turns":1},{"damage":0,"enemies":"Lagavulin","floor":7,"turns":1},{"damage":1,"enemies":"Jaw Worm","floor":8,"turns":2},{"damage":9,"enemies":"3 Sentries","floor":10,"turns":4},{"damage":0,"enemies":"3 Louse","floor":11,"turns":2},{"damage":21,"enemies":"Lagavulin","floor":12,"turns":4},{"damage":8,"enemies":"Exordium Thugs","floor":13,"turns":3},{"damage":26,"enemies":"Hexaghost","floor":16,"turns":6},{"damage":0,"enemies":"Spheric Guardian","floor":18,"turns":2},{"damage":6,"enemies":"3 Byrds","floor":22,"turns":2},{"damage":19,"enemies":"Gremlin Leader","floor":23,"turns":5},{"damage":26,"enemies":"Slavers","floor":27,"turns":4},{"damage":0,"enemies":"Snecko","floor":30,"turns":2},{"damage":15,"enemies":"Gremlin Leader","floor":31,"turns":3},{"damage":34,"enemies":"Champ","floor":33,"turns":7},{"damage":0,"enemies":"Orb Walker","floor":35,"turns":1},{"damage":0,"enemies":"3 Shapes","floor":37,"turns":2},{"damage":10,"enemies":"Spire Growth","floor":38,"turns":2},{"damage":0,"enemies":"Jaw Worm Horde","floor":39,"turns":2},{"damage":27,"enemies":"Reptomancer","floor":40,"turns":3},{"damage":5,"enemies":"Nemesis","floor":42,"turns":5},{"damage":4,"enemies":"Reptomancer","floor":46,"turns":7},{"damage":64,"enemies":"Awakened One","floor":50,"turns":16}],"seed_played":"-3611996703418758588","potions_obtained":[{"floor":4,"key":"LiquidBronze"},{"floor":10,"key":"Explosive Potion"},{"floor":11,"key":"Dexterity Potion"},{"floor":12,"key":"Energy Potion"},{"floor":22,"key":"Weak Potion"},{"floor":31,"key":"FearPotion"},{"floor":33,"key":"SpeedPotion"},{"floor":38,"key":"SteroidPotion"},{"floor":39,"key":"GamblersBrew"},{"floor":46,"key":"AttackPotion"},{"floor":47,"key":"Ancient Potion"},{"floor":47,"key":"Strength Potion"}],"is_trial":false,"path_per_floor":["M","?","?","M","$","R","E","M","T","E","M","E","M","T","R","B",null,"M","$","?","?","M","E","T","R","T","E","?","R","M","E","R","B",null,"M","$","M","M","M","E","R","E","T","?","R","E","?","?","R","B",null],"character_chosen":"THE_SILENT","items_purchased":["Bouncing Flask","Cloak And Dagger","Leg Sweep","Footwork"],"campfire_rested":3,"item_purchase_floors":[5,19,36,36],"current_hp_per_floor":[70,70,70,70,70,70,70,69,69,60,60,46,38,38,61,35,77,77,77,53,53,51,36,36,36,36,18,18,33,37,26,41,21,53,53,53,53,47,53,34,34,37,37,37,37,47,47,47,47,23],"gold":0,"neow_bonus":"THREE_ENEMY_KILL","is_prod":false,"is_daily":false,"chose_seed":false,"campfire_upgraded":5,"win_rate":0,"timestamp":1549001505,"path_taken":["M","?","?","M","$","R","E","M","T","E","M","E","?","?","R","BOSS","M","$","?","?","?","E","?","R","T","E","?","R","M","E","R","BOSS","M","?","M","M","M","E","R","E","T","?","R","E","?","?","R","BOSS"],"build_version":"2019-01-23","purchased_purges":2,"victory":true,"max_hp_per_floor":[70,70,70,70,70,70,70,70,70,70,70,77,77,77,77,77,77,77,77,53,53,53,53,53,53,53,53,53,53,53,53,53,53,53,53,53,53,53,53,53,53,53,53,53,53,53,53,53,53,53],"card_choices":[{"not_picked":["PiercingWail","Blade Dance"],"picked":"Dagger Throw","floor":1},{"not_picked":["Bane","Flying Knee"],"picked":"Crippling Poison","floor":4},{"not_picked":["Unload","Deadly Poison"],"picked":"Backstab","floor":7},{"not_picked":["Outmaneuver","Slice"],"picked":"Terror","floor":8},{"not_picked":["Flechettes","Accuracy"],"picked":"Poisoned Stab","floor":10},{"not_picked":["Slice","All Out Attack","Flying Knee"],"picked":"SKIP","floor":11},{"not_picked":["Expertise","Storm of Steel"],"picked":"Choke","floor":12},{"not_picked":["Deadly Poison","Prepared"],"picked":"Backstab","floor":13},{"not_picked":["Venomology","Tools of the Trade"],"picked":"Adrenaline","floor":16},{"not_picked":["Quick Slash+1","Prepared"],"picked":"Sucker Punch+1","floor":18},{"not_picked":["Tactician+1","Well Laid Plans","Endless Agony"],"picked":"SKIP","floor":22},{"not_picked":["All Out Attack","Footwork"],"picked":"Bane","floor":23},{"not_picked":["All Out Attack+1","Bane+1"],"picked":"Backstab+1","floor":27},{"not_picked":["Calculated Gamble","Heel Hook+1"],"picked":"Backflip","floor":29},{"not_picked":["Deflect","Cloak And Dagger"],"picked":"Escape Plan+1","floor":30},{"not_picked":["Underhanded Strike+1","Prepared","Unload+1"],"picked":"SKIP","floor":31},{"not_picked":["Acrobatics","Deadly Poison"],"picked":"Dodge and Roll","floor":32},{"not_picked":["Burst","Envenom"],"picked":"After Image","floor":33},{"not_picked":["Calculated Gamble+1","Outmaneuver"],"picked":"Finisher+1","floor":35},{"not_picked":["Deflect","Expertise+1","Flying Knee+1"],"picked":"SKIP","floor":35},{"not_picked":["Quick Slash+1","Dagger Spray+1"],"picked":"Footwork","floor":37},{"not_picked":["Outmaneuver+1","Quick Slash+1"],"picked":"A Thousand Cuts","floor":37},{"not_picked":["Concentrate","All Out Attack+1"],"picked":"Noxious Fumes+1","floor":38},{"not_picked":["Quick Slash+1","Setup","PiercingWail"],"picked":"SKIP","floor":38},{"not_picked":["Slice+1","Prepared","Deadly Poison"],"picked":"SKIP","floor":39},{"not_picked":["Poisoned Stab+1","Deadly Poison+1","All Out Attack+1"],"picked":"SKIP","floor":39},{"not_picked":["Slice+1","Outmaneuver+1","Prepared+1"],"picked":"SKIP","floor":40},{"not_picked":["Blade Dance","Die Die Die+1","Setup+1"],"picked":"SKIP","floor":42},{"not_picked":["Tools of the Trade","Crippling Poison"],"picked":"Corpse Explosion","floor":46}],"player_experience":124527,"relics_obtained":[{"floor":7,"key":"Ninja Scroll"},{"floor":9,"key":"Shuriken"},{"floor":10,"key":"Bottled Lightning"},{"floor":12,"key":"Strawberry"},{"floor":14,"key":"Bird Faced Urn"},{"floor":23,"key":"Molten Egg 2"},{"floor":24,"key":"Juzu Bracelet"},{"floor":26,"key":"The Courier"},{"floor":27,"key":"Dream Catcher"},{"floor":31,"key":"Prayer Wheel"},{"floor":40,"key":"Kunai"},{"floor":40,"key":"Boot"},{"floor":42,"key":"Ginger"},{"floor":42,"key":"Meat on the Bone"},{"floor":46,"key":"Happy Flower"},{"floor":46,"key":"Bottled Flame"}],"event_choices":[{"damage_healed":0,"gold_gain":0,"cards_transformed":["Strike_G"],"player_choice":"Change","damage_taken":0,"max_hp_gain":0,"max_hp_loss":0,"event_name":"Living Wall","floor":2,"gold_loss":0,"cards_obtained":["All Out Attack"]},{"damage_healed":0,"gold_gain":0,"cards_transformed":["Defend_G"],"player_choice":"Transformed","damage_taken":0,"max_hp_gain":0,"max_hp_loss":0,"event_name":"Transmorgrifier","floor":3,"gold_loss":0,"cards_obtained":["Eviscerate"]},{"damage_healed":0,"gold_gain":0,"player_choice":"Became a vampire","damage_taken":0,"max_hp_gain":0,"max_hp_loss":24,"event_name":"Vampires","floor":20,"gold_loss":0,"cards_obtained":["Bite","Bite","Bite","Bite","Bite"]},{"damage_healed":0,"gold_gain":200,"player_choice":"Gold","damage_taken":0,"max_hp_gain":0,"max_hp_loss":0,"event_name":"Wheel of Change","floor":21,"gold_loss":0},{"cards_removed":["Eviscerate"],"damage_healed":0,"gold_gain":0,"player_choice":"Purged","damage_taken":0,"max_hp_gain":0,"max_hp_loss":0,"event_name":"Purifier","floor":28,"gold_loss":0},{"damage_healed":0,"gold_gain":0,"player_choice":"2 cards matched","damage_taken":0,"max_hp_gain":0,"max_hp_loss":0,"event_name":"Match and Keep!","floor":44,"gold_loss":0,"cards_obtained":["Panacea","A Thousand Cuts"]},{"damage_healed":0,"gold_gain":0,"player_choice":"Bought 2 Potions","damage_taken":0,"max_hp_gain":0,"max_hp_loss":0,"event_name":"The Woman in Blue","floor":47,"gold_loss":0},{"damage_healed":0,"gold_gain":0,"player_choice":"Paid","damage_taken":0,"relics_obtained":["Red Mask"],"max_hp_gain":0,"max_hp_loss":0,"event_name":"Tomb of Lord Red Mask","floor":48,"gold_loss":658}],"is_beta":false,"boss_relics":[{"not_picked":["Ectoplasm","Eternal Feather"],"picked":"Philosopher\u0027s Stone"},{"not_picked":["Ring of the Serpent","Calling Bell"],"picked":"Black Star"}],"items_purged_floors":[5,19],"is_endless":false,"potions_floor_spawned":[4,10,11,12,22,31,33,38,39,46],"ascension_level":2}