{"gold_per_floor":[110,285,285,65,81,81,156,156,156,176,176,176,189,221,221,325,325,339,339,339,357,370,370,398,398,398,398,417,54,54,73,73,171,171,188,188,188,204,204,204,218,218,244,244,39,39,57,68,68,68],"floor_reached":51,"playtime":5130,"items_purged":["Doubt","Strike_B"],"score":669,"play_id":"634ec735-b815-4a8e-b4f9-bb88cefdfcd2","local_time":"20181211052232","is_ascension_mode":true,"campfire_choices":[{"data":"Zap","floor":6,"key":"SMITH"},{"data":"Dualcast","floor":8,"key":"SMITH"},{"data":"Auto Shields","floor":11,"key":"SMITH"},{"data":"Storm","floor":15,"key":"SMITH"},{"data":"Loop","floor":23,"key":"SMITH"},{"data":"Chrysalis","floor":30,"key":"SMITH"},{"data":"Double Energy","floor":32,"key":"SMITH"},{"data":"Thinking Ahead","floor":40,"key":"SMITH"},{"floor":42,"key":"RECALL"},{"data":"Loop","floor":49,"key":"SMITH"}],"neow_cost":"NONE","seed_source_timestamp":1254818635356693,"circlet_count":0,"master_deck":["Strike_B+1","Defend_B+1","Defend_B+1","Defend_B+1","Defend_B+1","Zap+1","Dualcast+1","Buffer+1","Auto Shields+1","Cold Snap+1","Leap+1","Storm+1","Machine Learning+1","White Noise+1","Amplify+1","Double Energy+1","Loop+1","Loop+1","Loop+1","RitualDagger+1","Conserve Battery+1","Chrysalis+1","Panacea+1","Gash+1","Echo Form+1","Darkness+1","Thinking Ahead+1","White Noise+1","Redo+1","Rebound+1","Loop+1"],"relics":["Cracked Core","Juzu Bracelet","Question Card","Bronze Scales","Nuclear Battery","Pocketwatch","Pear","Velvet Choker","Mark of the Bloom","Ornamental Fan","Lantern","The Courier","Bottled Tornado"],"potions_floor_usage":[18,28,41,50,50],"damage_taken":[{"damage":0,"enemies":"Cultist","floor":1,"turns":3},{"damage":0,"enemies":"2 Louse","floor":5,"turns":3},{"damage":0,"enemies":"Small Slimes","floor":10,"turns":4},{"damage":0,"enemies":"Blue Slaver","floor":13,"turns":3},{"damage":1,"enemies":"3 Sentries","floor":14,"turns":8},{"damage":43,"enemies":"Slime Boss","floor":16,"turns":15},{"damage":0,"enemies":"3 Byrds","floor":18,"turns":3},{"damage":5,"enemies":"Chosen","floor":21,"turns":3},{"damage":3,"enemies":"Centurion and Healer","floor":22,"turns":5},{"damage":7,"enemies":"Gremlin Leader","floor":24,"turns":7},{"damage":0,"enemies":"Cultist and Chosen","floor":28,"turns":4},{"damage":12,"enemies":"Snake Plant","floor":31,"turns":3},{"damage":30,"enemies":"Champ","floor":33,"turns":13},{"damage":0,"enemies":"Orb Walker","floor":35,"turns":3},{"damage":1,"enemies":"3 Shapes","floor":38,"turns":4},{"damage":31,"enemies":"Writhing Mass","floor":41,"turns":4},{"damage":0,"enemies":"Maw","floor":47,"turns":7},{"damage":2,"enemies":"Transient","floor":48,"turns":5},{"damage":39,"enemies":"Donu and Deca","floor":50,"turns":8}],"seed_played":"-6366571787991791504","potions_obtained":[{"floor":13,"key":"EssenceOfSteel"},{"floor":14,"key":"Strength Potion"},{"floor":16,"key":"Strength Potion"},{"floor":21,"key":"Energy Potion"},{"floor":22,"key":"FearPotion"},{"floor":24,"key":"EssenceOfSteel"},{"floor":33,"key":"GamblersBrew"},{"floor":47,"key":"Explosive Potion"},{"floor":48,"key":"Poison Potion"}],"is_trial":false,"path_per_floor":["M","?","?","$","M","R","?","R","T","M","R","?","M","E","R","B",null,"M","?","?","M","M","R","E","?","T","?","M","$","R","M","R","B",null,"M","?","?","M","?","R","M","R","T","?","$","?","M","M","R","B",null],"character_chosen":"DEFECT","items_purchased":["Juzu Bracelet","Chrysalis","Panacea","Bottled Tornado"],"campfire_rested":0,"item_purchase_floors":[4,29,29,45],"current_hp_per_floor":[75,75,75,75,75,75,64,64,64,64,64,49,49,48,48,5,75,75,75,75,70,67,67,60,60,70,64,64,64,64,52,52,22,85,85,85,85,84,84,84,53,53,53,53,53,53,53,51,51,12],"gold":68,"neow_bonus":"ONE_RANDOM_RARE_CARD","is_prod":false,"is_daily":false,"chose_seed":false,"campfire_upgraded":9,"win_rate":0,"timestamp":1544534552,"path_taken":["M","?","?","$","M","R","?","R","T","M","R","?","M","E","R","BOSS","M","?","?","M","M","R","E","?","T","?","M","$","R","M","R","BOSS","M","?","?","M","?","R","M","R","T","?","?","?","M","M","R","BOSS"],"build_version":"2018-12-06","purchased_purges":2,"victory":true,"max_hp_per_floor":[75,75,75,75,75,75,75,75,75,75,75,75,75,75,75,75,75,75,75,75,75,75,75,75,75,85,85,85,85,85,85,85,85,85,85,85,85,85,85,85,85,85,85,85,85,85,85,85,85,85],"card_choices":[{"not_picked":["Sweeping Beam","Reinforced Body","Darkness"],"picked":"SKIP","floor":1},{"not_picked":["Hologram","Barrage"],"picked":"Auto Shields","floor":5},{"not_picked":["Capacitor","Sweeping Beam","Rebound"],"picked":"Cold Snap","floor":10},{"not_picked":["Sweeping Beam","Ball Lightning","Hello World"],"picked":"Leap","floor":13},{"not_picked":["Rebound","Sweeping Beam","Barrage"],"picked":"Storm","floor":14},{"not_picked":["All For One","Amplify","Electrodynamics"],"picked":"Machine Learning","floor":16},{"not_picked":["Stack","Reinforced Body","Streamline"],"picked":"Sweeping Beam+1","floor":18},{"not_picked":["Leap","Barrage","Force Field"],"picked":"Double Energy","floor":21},{"not_picked":["Heatsinks","Hologram","Beam Cell"],"picked":"Loop","floor":22},{"not_picked":["Auto Shields+1","Steam Power","Seek"],"picked":"Loop+1","floor":24},{"not_picked":["Rebound","Fusion","Gash"],"picked":"Conserve Battery","floor":28},{"not_picked":["Leap","Capacitor","Steam"],"picked":"Gash+1","floor":31},{"not_picked":["Thunder Strike","Fission","Buffer"],"picked":"Echo Form","floor":33},{"not_picked":["Cold Snap","Sweeping Beam","Rebound+1"],"picked":"Darkness+1","floor":35},{"not_picked":["Madness","Deep Breath","Trip"],"picked":"Thinking Ahead","floor":37},{"not_picked":["Compile Driver+1","Beam Cell+1","Steam"],"picked":"White Noise+1","floor":38},{"not_picked":["Leap+1","Capacitor","Steam"],"picked":"Redo+1","floor":41},{"not_picked":["Reinforced Body+1","Hologram","Rainbow"],"picked":"Rebound+1","floor":47},{"not_picked":["Beam Cell","Steam+1","Sweeping Beam+1"],"picked":"Loop","floor":48}],"player_experience":102860,"relics_obtained":[{"floor":9,"key":"Question Card"},{"floor":14,"key":"Bronze Scales"},{"floor":24,"key":"Pocketwatch"},{"floor":26,"key":"Pear"},{"floor":39,"key":"Ornamental Fan"},{"floor":43,"key":"Lantern"}],"event_choices":[{"damage_healed":0,"gold_gain":175,"player_choice":"AGREE","damage_taken":0,"max_hp_gain":0,"max_hp_loss":0,"event_name":"Liars Game","floor":2,"gold_loss":0,"cards_obtained":["Doubt"]},{"damage_healed":0,"gold_gain":0,"player_choice":"Upgraded","damage_taken":0,"max_hp_gain":0,"max_hp_loss":0,"event_name":"Upgrade Shrine","floor":3,"gold_loss":0,"cards_upgraded":["Buffer"]},{"damage_healed":0,"gold_gain":75,"player_choice":"Gather Gold","damage_taken":11,"max_hp_gain":0,"max_hp_loss":0,"event_name":"World of Goop","floor":7,"gold_loss":0},{"damage_healed":0,"gold_gain":0,"player_choice":"Entered Light","damage_taken":15,"max_hp_gain":0,"max_hp_loss":0,"event_name":"Shining Light","floor":12,"gold_loss":0,"cards_upgraded":["Strike_B","Defend_B"]},{"damage_healed":0,"gold_gain":0,"cards_transformed":["Strike_B","Strike_B"],"player_choice":"Became Test Subject","damage_taken":0,"max_hp_gain":0,"max_hp_loss":0,"event_name":"Drug Dealer","floor":19,"gold_loss":0,"cards_obtained":["White Noise","Amplify"]},{"damage_healed":0,"gold_gain":0,"player_choice":"Ignored","damage_taken":0,"max_hp_gain":0,"max_hp_loss":0,"event_name":"Ghosts","floor":20,"gold_loss":0},{"damage_healed":0,"gold_gain":0,"player_choice":"Read","damage_taken":0,"max_hp_gain":0,"max_hp_loss":0,"event_name":"The Library","floor":25,"gold_loss":0,"cards_obtained":["Loop"]},{"damage_healed":0,"gold_gain":0,"player_choice":"Joined the Cult","damage_taken":6,"max_hp_gain":0,"max_hp_loss":0,"event_name":"Nest","floor":27,"gold_loss":0,"cards_obtained":["RitualDagger"]},{"damage_healed":0,"gold_gain":0,"player_choice":"Upgrade","damage_taken":0,"relics_obtained":["Mark of the Bloom"],"max_hp_gain":0,"max_hp_loss":0,"event_name":"MindBloom","floor":36,"gold_loss":0,"cards_upgraded":["Defend_B","Defend_B","Defend_B","Cold Snap","Leap","Machine Learning","White Noise","Amplify","Loop","RitualDagger","Conserve Battery","Panacea","Echo Form"]},{"damage_healed":0,"gold_gain":0,"player_choice":"Memory 1","damage_taken":0,"max_hp_gain":0,"max_hp_loss":0,"event_name":"SensoryStone","floor":37,"gold_loss":0},{"damage_healed":0,"gold_gain":0,"player_choice":"Relic","damage_taken":0,"max_hp_gain":0,"max_hp_loss":0,"event_name":"Wheel of Change","floor":39,"gold_loss":0},{"damage_healed":0,"gold_gain":0,"player_choice":"Gave Potion","damage_taken":0,"relics_obtained":["The Courier"],"max_hp_gain":0,"max_hp_loss":0,"event_name":"WeMeetAgain","floor":44,"gold_loss":0},{"cards_removed":["Sweeping Beam"],"damage_healed":0,"gold_gain":0,"player_choice":"Removed Attack","damage_taken":0,"max_hp_gain":0,"max_hp_loss":0,"event_name":"Falling","floor":46,"gold_loss":0}],"is_beta":false,"boss_relics":[{"not_picked":["Black Star","Eternal Feather"],"picked":"Nuclear Battery"},{"not_picked":["White Beast Statue","FrozenCore"],"picked":"Velvet Choker"}],"items_purged_floors":[4,29],"is_endless":false,"potions_floor_spawned":[13,14,16,21,22,24,33,47,48],"ascension_level":1}