{"gold_per_floor":[119,23,23,23,35,35,50,50,50,61,80,112,112,132,132,230,230,250,150,150,212,227,227,262,276,276,326,376,392,392,462,462,561,561,573,623,226,327,339,339,369,369,369,419,434,434,172,42,42,42],"floor_reached":51,"playtime":2245,"items_purged":["Pain"],"score":695,"play_id":"eecd64e9-18b8-4a53-91a2-012aff4d1d0f","local_time":"20181129220535","is_ascension_mode":false,"campfire_choices":[{"data":"Cloak And Dagger","floor":6,"key":"SMITH"},{"floor":13,"key":"REST"},{"floor":15,"key":"REST"},{"floor":23,"key":"REST"},{"floor":30,"key":"REST"},{"floor":32,"key":"REST"},{"floor":40,"key":"REST"},{"floor":42,"key":"REST"},{"data":"Leg Sweep","floor":46,"key":"SMITH"},{"data":"Accuracy","floor":49,"key":"SMITH"}],"neow_cost":"NONE","seed_source_timestamp":455471943180202,"circlet_count":0,"master_deck":["Defend_G+1","Defend_G+1","Defend_G+1","Defend_G+1","Defend_G+1","Strike_G+1","Strike_G+1","Strike_G+1","Strike_G+1","Survivor+1","Neutralize+1","After Image+1","Cloak And Dagger+1","Backflip+1","Well Laid Plans+1","Backstab+1","Escape Plan+1","Dash+1","Backflip+1","Prepared+1","Die Die Die+1","Backstab+1","Blade Dance+1","Escape Plan+1","Accuracy+1","Iron Wave+1","Phantasmal Killer+1","Finisher+1","Infinite Blades+1","Cloak And Dagger+1","Leg Sweep+1","Accuracy+1","Accuracy"],"relics":["Ring of the Snake","Lantern","WarpedTongs","Ginger","Paper Crane","Black Star","SsserpentHead","Pocketwatch","Nunchaku","Darkstone Periapt","Enchiridion","Orrery","Bronze Scales","TheAbacus","Unceasing Top","Question Card","Sundial","Ice Cream","Mark of the Bloom","Kunai"],"potions_floor_usage":[12,12,16,29,31,31,38,50,50],"damage_taken":[{"damage":0,"enemies":"2 Louse","floor":1,"turns":5},{"damage":2,"enemies":"Cultist","floor":5,"turns":5},{"damage":0,"enemies":"Small Slimes","floor":7,"turns":2},{"damage":2,"enemies":"Red Slaver","floor":10,"turns":4},{"damage":12,"enemies":"Large Slime","floor":11,"turns":8},{"damage":25,"enemies":"3 Sentries","floor":12,"turns":10},{"damage":12,"enemies":"2 Fungi Beasts","floor":14,"turns":5},{"damage":25,"enemies":"Hexaghost","floor":16,"turns":18},{"damage":8,"enemies":"Chosen","floor":18,"turns":7},{"damage":5,"enemies":"Shell Parasite","floor":21,"turns":4},{"damage":20,"enemies":"Snake Plant","floor":22,"turns":7},{"damage":10,"enemies":"Book of Stabbing","floor":24,"turns":9},{"damage":13,"enemies":"Sentry and Sphere","floor":25,"turns":6},{"damage":0,"enemies":"Centurion and Healer","floor":29,"turns":5},{"damage":7,"enemies":"Cultist and Chosen","floor":31,"turns":7},{"damage":38,"enemies":"Champ","floor":33,"turns":17},{"damage":8,"enemies":"3 Shapes","floor":35,"turns":4},{"damage":32,"enemies":"2 Orb Walkers","floor":38,"turns":4},{"damage":0,"enemies":"Orb Walker","floor":39,"turns":3},{"damage":8,"enemies":"Reptomancer","floor":41,"turns":8},{"damage":4,"enemies":"3 Darklings","floor":45,"turns":5},{"damage":11,"enemies":"Donu and Deca","floor":50,"turns":7}],"seed_played":"8975292607379440406","potions_obtained":[{"floor":5,"key":"SkillPotion"},{"floor":11,"key":"SteroidPotion"},{"floor":12,"key":"SteroidPotion"},{"floor":16,"key":"Swift Potion"},{"floor":21,"key":"SpeedPotion"},{"floor":25,"key":"SpeedPotion"},{"floor":33,"key":"SteroidPotion"},{"floor":39,"key":"Ancient Potion"},{"floor":41,"key":"Strength Potion"}],"is_trial":false,"path_per_floor":["M","$","?","?","M","R","M","$","T","M","M","E","R","M","R","B",null,"M","$","?","M","M","R","E","M","T","?","?","M","R","M","R","B",null,"M","?","$","?","M","R","E","R","T","?","M","R","$","$","R","B",null],"character_chosen":"THE_SILENT","items_purchased":["Backflip","Well Laid Plans","Blade Dance","Bronze Scales","Infinite Blades","TheAbacus","Accuracy","Kunai","Accuracy","SpeedPotion"],"campfire_rested":7,"item_purchase_floors":[2,2,19,37,37,37,47,47,48,48],"current_hp_per_floor":[70,70,45,45,43,43,43,43,43,41,29,4,25,13,34,9,70,62,62,62,57,37,58,48,35,35,19,19,19,40,33,54,16,70,62,62,62,30,30,51,43,64,64,64,60,60,60,60,60,49],"gold":42,"neow_bonus":"ONE_RANDOM_RARE_CARD","is_prod":false,"is_daily":false,"chose_seed":false,"campfire_upgraded":3,"win_rate":0,"timestamp":1543550735,"path_taken":["M","$","?","?","M","R","M","$","T","M","M","E","R","?","R","BOSS","M","$","?","?","M","R","E","M","T","?","?","M","R","?","R","BOSS","M","?","$","?","M","R","E","R","T","?","M","R","?","$","R","BOSS"],"build_version":"2018-11-15","purchased_purges":1,"victory":true,"max_hp_per_floor":[70,70,70,70,70,70,70,70,70,70,70,70,70,70,70,70,70,70,70,70,70,70,70,70,70,70,70,70,70,70,70,70,70,70,70,70,70,70,70,70,70,70,70,70,70,70,70,70,70,70],"card_choices":[{"not_picked":["Bane","Underhanded Strike"],"picked":"Cloak And Dagger","floor":1},{"not_picked":["Slice","Outmaneuver"],"picked":"Backstab","floor":5},{"not_picked":["Tools of the Trade","Predator"],"picked":"Escape Plan","floor":7},{"not_picked":["Bane","Endless Agony","Sucker Punch"],"picked":"SKIP","floor":10},{"not_picked":["Bane","Sucker Punch"],"picked":"Dash","floor":11},{"not_picked":["Riddle With Holes","Deadly Poison"],"picked":"Backflip","floor":12},{"not_picked":["Dagger Spray","PiercingWail"],"picked":"Prepared","floor":14},{"not_picked":["Venomology","Wraith Form v2"],"picked":"Die Die Die","floor":16},{"not_picked":["Well Laid Plans","Quick Slash"],"picked":"Backstab+1","floor":18},{"not_picked":["Dagger Spray+1","Backflip","Masterful Stab"],"picked":"SKIP","floor":21},{"not_picked":["Deflect+1","Deadly Poison"],"picked":"Escape Plan+1","floor":22},{"not_picked":["Well Laid Plans","Deadly Poison"],"picked":"Accuracy+1","floor":24},{"not_picked":["Dagger Spray","Sucker Punch","Expertise"],"picked":"SKIP","floor":25},{"not_picked":["Reflex+1","Dagger Spray","Predator+1"],"picked":"SKIP","floor":29},{"not_picked":["Sucker Punch","Poisoned Stab","Dagger Spray"],"picked":"SKIP","floor":31},{"not_picked":["Glass Knife","Night Terror"],"picked":"Phantasmal Killer","floor":33},{"not_picked":["Slice","Acrobatics"],"picked":"Finisher","floor":35},{"not_picked":["Tools of the Trade","Dash+1"],"picked":"Cloak And Dagger","floor":38},{"not_picked":["Dodge and Roll+1","Dagger Throw","Sucker Punch"],"picked":"SKIP","floor":39},{"not_picked":["Heel Hook+1","Riddle With Holes+1","Dodge and Roll+1"],"picked":"SKIP","floor":41},{"not_picked":["Acrobatics","Poisoned Stab+1","Blade Dance"],"picked":"Leg Sweep","floor":45}],"player_experience":49903,"relics_obtained":[{"floor":9,"key":"Ginger"},{"floor":12,"key":"Paper Crane"},{"floor":24,"key":"Pocketwatch"},{"floor":24,"key":"Nunchaku"},{"floor":26,"key":"Darkstone Periapt"},{"floor":27,"key":"Enchiridion"},{"floor":38,"key":"Unceasing Top"},{"floor":41,"key":"Question Card"},{"floor":41,"key":"Sundial"},{"floor":43,"key":"Ice Cream"}],"event_choices":[{"damage_healed":0,"gold_gain":0,"player_choice":"Success","damage_taken":25,"relics_obtained":["Lantern"],"max_hp_gain":0,"max_hp_loss":0,"event_name":"Scrap Ooze","floor":3,"gold_loss":0},{"damage_healed":0,"gold_gain":0,"player_choice":"Rummage","damage_taken":0,"relics_obtained":["WarpedTongs"],"max_hp_gain":0,"max_hp_loss":0,"event_name":"Accursed Blacksmith","floor":4,"gold_loss":0,"cards_obtained":["Pain"]},{"damage_healed":0,"gold_gain":0,"player_choice":"Trade","damage_taken":0,"relics_obtained":["SsserpentHead"],"max_hp_gain":0,"max_hp_loss":0,"event_name":"FaceTrader","floor":20,"gold_loss":0},{"damage_healed":0,"gold_gain":0,"player_choice":"Obtained Book","damage_taken":16,"max_hp_gain":0,"max_hp_loss":0,"event_name":"Cursed Tome","floor":27,"gold_loss":0},{"cards_removed":["Strike_G"],"damage_healed":0,"gold_gain":0,"player_choice":"Took Card","damage_taken":0,"max_hp_gain":0,"max_hp_loss":0,"event_name":"NoteForYourself","floor":28,"gold_loss":0,"cards_obtained":["Iron Wave"]},{"damage_healed":0,"gold_gain":0,"player_choice":"Ignored","damage_taken":0,"max_hp_gain":0,"max_hp_loss":0,"event_name":"Tomb of Lord Red Mask","floor":36,"gold_loss":0},{"damage_healed":0,"gold_gain":0,"player_choice":"Fight","damage_taken":0,"max_hp_gain":0,"max_hp_loss":0,"event_name":"Mysterious Sphere","floor":38,"gold_loss":0},{"damage_healed":0,"gold_gain":0,"player_choice":"Upgrade","damage_taken":0,"relics_obtained":["Mark of the Bloom"],"max_hp_gain":0,"max_hp_loss":0,"event_name":"MindBloom","floor":44,"gold_loss":0,"cards_upgraded":["Defend_G","Defend_G","Defend_G","Defend_G","Defend_G","Strike_G","Strike_G","Strike_G","Strike_G","Survivor","Neutralize","After Image","Backflip","Well Laid Plans","Backstab","Escape Plan","Dash","Backflip","Prepared","Die Die Die","Blade Dance","Iron Wave","Phantasmal Killer","Finisher","Infinite Blades","Cloak And Dagger"]}],"is_beta":true,"boss_relics":[{"not_picked":["Pandora\u0027s Box","Ectoplasm"],"picked":"Black Star"},{"not_picked":["Tiny House","Calling Bell"],"picked":"Orrery"}],"items_purged_floors":[19],"is_endless":false,"potions_floor_spawned":[5,11,12,16,21,25,33,39,41],"ascension_level":0}