{"gold_per_floor":[118,136,148,167,167,167,20,20,20,20,20,20,38,57,57,157,157,157,157,157,157,157,157,157,157,157,157,157,157,157,157,157,157,157,157,157,157,157,157,157,157,157,157,157,157,157,157,157,157,157,157,157,6,6,6],"floor_reached":55,"playtime":6724,"items_purged":["Defend_B"],"score":757,"play_id":"30bb7f71-46ae-4bf9-81f6-92cb202ad88f","local_time":"20190201152756","is_ascension_mode":true,"campfire_choices":[{"floor":6.0,"key":"RECALL"},{"data":"Electrodynamics","floor":10.0,"key":"SMITH"},{"data":"Echo Form","floor":15.0,"key":"SMITH"},{"data":"Loop","floor":23,"key":"SMITH"},{"data":"Self Repair","floor":25,"key":"SMITH"},{"data":"Force Field","floor":27,"key":"SMITH"},{"data":"Reinforced Body","floor":32,"key":"SMITH"},{"data":"Machine Learning","floor":40,"key":"SMITH"},{"data":"Thunder Strike","floor":42,"key":"SMITH"},{"data":"Dualcast","floor":45,"key":"SMITH"},{"floor":49,"key":"REST"},{"data":"Redo","floor":52,"key":"SMITH"}],"neow_cost":"NONE","seed_source_timestamp":87809445230314,"circlet_count":0,"master_deck":["Defend_B+1","Defend_B","Defend_B","Zap+1","Dualcast+1","Conserve Battery","Reinforced Body+1","Force Field+1","Self Repair+1","Stack","Steam+1","Electrodynamics+1","Echo Form+1","Thunder Strike+1","Loop+1","FTL+1","Bandage Up","Turbo","Go for the Eyes","Redo+1","Hologram+1","Static Discharge+1","Bite","Bite","Bite","Bite","Bite","Machine Learning+1","Leap+1","Darkness+1","Stack+1","Auto Shields","Machine Learning+1","Undo+1","Capacitor","Double Energy"],"special_seed":0,"relics":["Cracked Core","Anchor","Calipers","Ectoplasm","Mummified Hand","Busted Crown","Gambling Chip","Letter Opener","War Paint"],"potions_floor_usage":[33,33,37,39,41,48,50,55],"damage_taken":[{"damage":0.0,"enemies":"2 Louse","floor":1.0,"turns":1.0},{"damage":0.0,"enemies":"Cultist","floor":2.0,"turns":3.0},{"damage":0.0,"enemies":"Jaw Worm","floor":3.0,"turns":5.0},{"damage":14.0,"enemies":"Gremlin Gang","floor":4.0,"turns":6.0},{"damage":0.0,"enemies":"Looter","floor":13.0,"turns":4.0},{"damage":0.0,"enemies":"Lots of Slimes","floor":14.0,"turns":2.0},{"damage":38.0,"enemies":"Hexaghost","floor":16.0,"turns":15.0},{"damage":5,"enemies":"Shell Parasite","floor":18,"turns":4},{"damage":8,"enemies":"Spheric Guardian","floor":19,"turns":3},{"damage":17,"enemies":"Snake Plant","floor":21,"turns":5},{"damage":7,"enemies":"Shelled Parasite and Fungi","floor":22,"turns":6},{"damage":1,"enemies":"Sentry and Sphere","floor":28,"turns":4},{"damage":14,"enemies":"Centurion and Healer","floor":29,"turns":5},{"damage":5,"enemies":"Chosen and Byrds","floor":30,"turns":4},{"damage":13,"enemies":"Automaton","floor":33,"turns":6},{"damage":5,"enemies":"Orb Walker","floor":35,"turns":3},{"damage":4,"enemies":"3 Darklings","floor":36,"turns":5},{"damage":29,"enemies":"Jaw Worm Horde","floor":37,"turns":4},{"damage":35,"enemies":"Transient","floor":39,"turns":5},{"damage":10,"enemies":"Giant Head","floor":41,"turns":10},{"damage":3,"enemies":"Sphere and 2 Shapes","floor":44,"turns":5},{"damage":13,"enemies":"3 Darklings","floor":46,"turns":3},{"damage":46,"enemies":"Reptomancer","floor":48,"turns":8},{"damage":22,"enemies":"Awakened One","floor":50,"turns":13},{"damage":48,"enemies":"Shield and Spear","floor":54,"turns":5},{"damage":33,"enemies":"The Heart","floor":55,"turns":2}],"seed_played":"-6222660473067137181","potions_obtained":[{"floor":4.0,"key":"Dexterity Potion"},{"floor":16.0,"key":"Fire Potion"},{"floor":18,"key":"Poison Potion"},{"floor":22,"key":"Regen Potion"},{"floor":29,"key":"FocusPotion"},{"floor":33,"key":"Fire Potion"},{"floor":36,"key":"Dexterity Potion"},{"floor":39,"key":"GamblersBrew"},{"floor":48,"key":"Swift Potion"},{"floor":54,"key":"Block Potion"}],"is_trial":false,"path_per_floor":["?","$","?","?","M","?","M","?","?","M","?"],"character_chosen":"DEFECT","items_purchased":["Stack","Steam","Capacitor","Double Energy"],"campfire_rested":1,"item_purchase_floors":[7,7,53,53],"current_hp_per_floor":[75,75,75,61,61,61,61,61,61,61,61,61,68,68,68,37,75,75,74,60,61,72,72,72,72,72,72,75,75,70,52,52,52,52,52,48,38,38,23,23,47,47,47,52,52,43,43,29,44,46,52,52,52,14,0],"gold":6,"neow_bonus":"RANDOM_COMMON_RELIC","is_prod":false,"is_daily":false,"chose_seed":false,"campfire_upgraded":10,"win_rate":0,"timestamp":1549031276,"path_taken":["M","M","M","M","$","R","$","?","T","R","?","?","M","M","R","BOSS","M","M","?","M","?","R","?","R","T","R","?","M","M","?","R","BOSS","M","M","M","?","M","R","E","R","T","?","R","M","?","E","R","BOSS","R","$","E","BOSS"],"build_version":"2019-01-23","purchased_purges":1,"victory":false,"max_hp_per_floor":[75,75,75,75,75,75,75,75,75,75,75,75,75,75,75,75,75,75,75,75,75,75,75,75,75,75,75,75,75,75,52,52,52,52,52,52,52,52,52,52,52,52,52,52,52,52,52,52,52,52,52,52,52,52,52],"card_choices":[{"not_picked":["Barrage","Beam Cell"],"picked":"Conserve Battery","floor":1.0},{"not_picked":["Compile Driver","Heatsinks"],"picked":"Reinforced Body","floor":2.0},{"not_picked":["Compile Driver","Streamline"],"picked":"Force Field","floor":3.0},{"not_picked":["Turbo","Storm"],"picked":"Self Repair","floor":4.0},{"not_picked":["Coolheaded","Doom and Gloom"],"picked":"Echo Form","floor":13.0},{"not_picked":["Streamline","Hello World","Beam Cell"],"picked":"SKIP","floor":14.0},{"not_picked":["Rainbow","Meteor Strike"],"picked":"Thunder Strike","floor":16.0},{"not_picked":["Barrage","Cold Snap"],"picked":"Loop","floor":18},{"not_picked":["Sweeping Beam+1","Conserve Battery+1"],"picked":"FTL+1","floor":19},{"not_picked":["Ball Lightning+1","Barrage"],"picked":"Turbo","floor":21},{"not_picked":["Gash","Blizzard"],"picked":"Go for the Eyes","floor":22},{"not_picked":["Rebound","Steam Power"],"picked":"Redo","floor":28},{"not_picked":["Coolheaded","Turbo+1"],"picked":"Hologram+1","floor":29},{"not_picked":["Coolheaded","White Noise"],"picked":"Static Discharge+1","floor":30},{"not_picked":["Seek","Multi-Cast"],"picked":"Machine Learning","floor":33},{"not_picked":[],"picked":"Leap+1","floor":35},{"not_picked":[],"picked":"Darkness+1","floor":36},{"not_picked":["Steam Power"],"picked":"SKIP","floor":37},{"not_picked":[],"picked":"Stack+1","floor":39},{"not_picked":["Reinforced Body"],"picked":"SKIP","floor":41},{"not_picked":[],"picked":"Auto Shields","floor":44},{"not_picked":["Rip and Tear"],"picked":"SKIP","floor":46},{"not_picked":[],"picked":"Undo+1","floor":48},{"not_picked":["Turbo"],"picked":"SKIP","floor":54}],"player_experience":119830,"relics_obtained":[{"floor":9.0,"key":"Calipers"},{"floor":26,"key":"Mummified Hand"},{"floor":41,"key":"Gambling Chip"},{"floor":48,"key":"Letter Opener"},{"floor":54,"key":"War Paint"}],"event_choices":[{"damage_healed":0.0,"max_hp_gain":0.0,"max_hp_loss":0.0,"gold_gain":0.0,"cards_transformed":["Strike_B"],"event_name":"Transmorgrifier","player_choice":"Transformed","floor":8.0,"gold_loss":0.0,"damage_taken":0.0,"cards_obtained":["Electrodynamics"]},{"damage_healed":0.0,"max_hp_gain":0.0,"max_hp_loss":0.0,"gold_gain":0.0,"event_name":"Living Wall","player_choice":"Grow","floor":12.0,"gold_loss":0.0,"damage_taken":0.0,"cards_upgraded":["Zap"]},{"damage_healed":0,"gold_gain":0,"player_choice":"CARD ","damage_taken":14,"max_hp_gain":0,"max_hp_loss":0,"event_name":"Knowing Skull","floor":20,"potions_obtained":[],"gold_loss":0,"cards_obtained":["Bandage Up"]},{"damage_healed":0,"gold_gain":0,"player_choice":"Ignored","damage_taken":0,"max_hp_gain":0,"max_hp_loss":0,"event_name":"N\u0027loth","floor":24,"gold_loss":0},{"damage_healed":0,"gold_gain":0,"player_choice":"Became a vampire","damage_taken":0,"max_hp_gain":0,"max_hp_loss":23,"event_name":"Vampires","floor":31,"gold_loss":0,"cards_obtained":["Bite","Bite","Bite","Bite","Bite"]},{"damage_healed":0,"gold_gain":0,"player_choice":"Leave","damage_taken":0,"max_hp_gain":0,"max_hp_loss":0,"event_name":"FaceTrader","floor":38,"gold_loss":0},{"damage_healed":0,"gold_gain":0,"player_choice":"Copied","damage_taken":0,"max_hp_gain":0,"max_hp_loss":0,"event_name":"Duplicator","floor":47,"gold_loss":0,"cards_obtained":["Machine Learning"]}],"is_beta":false,"boss_relics":[{"not_picked":["White Beast Statue","Tiny House"],"picked":"Ectoplasm"},{"not_picked":["Pandora\u0027s Box","Runic Dome"],"picked":"Busted Crown"}],"items_purged_floors":[7],"is_endless":false,"potions_floor_spawned":[4,16,18,22,29,33,36,39,48,54],"killed_by":"The Heart","ascension_level":1}