{"gold_per_floor":[118,129,144,64,64,64,94,94,94,94,109,109,134,59,59,156,206,217,228,48,58,157,157,157,157,157,177,177,52,52,68,68,166,166,184,34,34,45,45,45,57,57,83,83,118,118,129,148,148,148,148,148,29,63,63],"floor_reached":55,"playtime":1808,"items_purged":["Strike_G","Strike_G","Strike_G","Setup+1"],"score":708,"play_id":"d55bcf82-c02a-4f82-a0bf-d80e73a11f13","local_time":"20181226192234","is_ascension_mode":false,"campfire_choices":[{"data":"Bouncing Flask","floor":6,"key":"SMITH"},{"data":"Dagger Spray","floor":8,"key":"SMITH"},{"data":"Poisoned Stab","floor":12,"key":"SMITH"},{"data":"Poisoned Stab","floor":15,"key":"SMITH"},{"floor":23,"key":"REST"},{"data":"Caltrops","floor":25,"key":"SMITH"},{"data":"Corpse Explosion","floor":32,"key":"SMITH"},{"data":"Leg Sweep","floor":40,"key":"SMITH"},{"data":"Deflect","floor":42,"key":"SMITH"},{"floor":44,"key":"RECALL"},{"floor":46,"key":"REST"},{"floor":49,"key":"REST"},{"data":"Leg Sweep","floor":52,"key":"SMITH"}],"neow_cost":"NONE","seed_source_timestamp":4335210034063,"circlet_count":0,"master_deck":["Defend_G","Defend_G","Defend_G+1","Survivor","Sucker Punch","Dagger Spray+1","Cloak And Dagger","Bouncing Flask+1","Poisoned Stab+1","Poisoned Stab+1","Corpse Explosion+1","Leg Sweep+1","Caltrops+1","Adrenaline","Finisher+1","Escape Plan+1","Leg Sweep+1","Blur+1","Deflect+1","Footwork","PiercingWail+1"],"relics":["Velvet Choker","Darkstone Periapt","Gremlin Horn","Mercury Hourglass","Tiny House","Question Card","Astrolabe","Ninja Scroll","Lantern"],"potions_floor_usage":[45,50,50,50,55],"damage_taken":[{"damage":0,"enemies":"Small Slimes","floor":1,"turns":4},{"damage":6,"enemies":"2 Louse","floor":2,"turns":3},{"damage":0,"enemies":"Cultist","floor":3,"turns":4},{"damage":12,"enemies":"Gremlin Nob","floor":7,"turns":4},{"damage":0,"enemies":"3 Louse","floor":11,"turns":1},{"damage":8,"enemies":"Lagavulin","floor":13,"turns":5},{"damage":6,"enemies":"The Guardian","floor":16,"turns":7},{"damage":13,"enemies":"Shell Parasite","floor":18,"turns":5},{"damage":0,"enemies":"Spheric Guardian","floor":19,"turns":3},{"damage":14,"enemies":"Centurion and Healer","floor":21,"turns":4},{"damage":13,"enemies":"Snake Plant","floor":27,"turns":4},{"damage":4,"enemies":"Colosseum Slavers","floor":30,"turns":3},{"damage":0,"enemies":"Sentry and Sphere","floor":31,"turns":3},{"damage":34,"enemies":"Collector","floor":33,"turns":7},{"damage":11,"enemies":"3 Darklings","floor":35,"turns":3},{"damage":9,"enemies":"Orb Walker","floor":38,"turns":4},{"damage":11,"enemies":"Sphere and 2 Shapes","floor":41,"turns":5},{"damage":22,"enemies":"Nemesis","floor":45,"turns":7},{"damage":11,"enemies":"Writhing Mass","floor":47,"turns":6},{"damage":0,"enemies":"3 Darklings","floor":48,"turns":2},{"damage":61,"enemies":"Donu and Deca","floor":50,"turns":9},{"damage":67,"enemies":"Shield and Spear","floor":54,"turns":7},{"damage":49,"enemies":"The Heart","floor":55,"turns":2}],"seed_played":"-726525335709990510","potions_obtained":[{"floor":2,"key":"Energy Potion"},{"floor":11,"key":"Energy Potion"},{"floor":13,"key":"Swift Potion"},{"floor":17,"key":"GhostInAJar"},{"floor":18,"key":"Ancient Potion"},{"floor":33,"key":"GhostInAJar"},{"floor":48,"key":"Weak Potion"}],"is_trial":false,"path_per_floor":["M","M","M","$","?","R","E","R","T","?","M","R","E","$","R","B",null,"M","M","$","M","?","R","?","R","T","M","?","$","?","M","R","B",null,"M","$","?","M","$","R","M","R","T","R","E","R","M","M","R","B",null,"R","$","E","B"],"character_chosen":"THE_SILENT","items_purchased":["Bouncing Flask","Caltrops","Footwork","SpeedPotion"],"campfire_rested":3,"item_purchase_floors":[4,20,53,53],"current_hp_per_floor":[70,64,64,64,64,64,52,52,52,52,52,52,44,44,44,38,75,62,62,62,48,48,70,70,70,70,57,43,43,39,39,39,5,80,69,69,69,60,60,60,49,49,49,49,27,51,40,40,64,3,80,80,80,13,0],"gold":63,"neow_bonus":"BOSS_RELIC","is_prod":false,"is_daily":false,"chose_seed":false,"campfire_upgraded":9,"win_rate":0,"timestamp":1545852154,"path_taken":["M","M","M","$","?","R","E","R","T","?","M","R","E","$","R","BOSS","M","M","$","M","?","R","?","R","T","M","?","$","?","?","R","BOSS","M","$","?","M","?","R","M","R","T","R","E","R","M","M","R","BOSS","R","$","E","BOSS"],"build_version":"2018-12-20","purchased_purges":4,"victory":false,"max_hp_per_floor":[70,70,70,70,70,70,70,70,70,70,70,70,70,70,70,70,75,75,75,75,75,75,75,75,75,75,75,80,80,80,80,80,80,80,80,80,80,80,80,80,80,80,80,80,80,80,80,80,80,80,80,80,80,80,80],"card_choices":[{"not_picked":["Masterful Stab","Slice"],"picked":"Sucker Punch","floor":1},{"not_picked":["Dagger Throw","Bane"],"picked":"Dagger Spray","floor":2},{"not_picked":["Concentrate","Underhanded Strike"],"picked":"Cloak And Dagger","floor":3},{"not_picked":["Reflex","Outmaneuver","Acrobatics"],"picked":"SKIP","floor":7},{"not_picked":["Riddle With Holes","Die Die Die"],"picked":"Poisoned Stab","floor":11},{"not_picked":["PiercingWail","Acrobatics"],"picked":"Poisoned Stab","floor":13},{"not_picked":["Tools of the Trade","Doppelganger"],"picked":"Corpse Explosion","floor":16},{"not_picked":["Acrobatics","Underhanded Strike"],"picked":"Leg Sweep","floor":18},{"not_picked":["Terror+1","Cloak And Dagger","Bane"],"picked":"SKIP","floor":19},{"not_picked":["Calculated Gamble+1","Bane","Poisoned Stab"],"picked":"SKIP","floor":21},{"not_picked":["Prepared","Flying Knee","Infinite Blades","Flechettes"],"picked":"SKIP","floor":27},{"not_picked":["Flechettes+1","Cloak And Dagger","Setup","Deadly Poison"],"picked":"SKIP","floor":31},{"not_picked":["Glass Knife","Phantasmal Killer","Die Die Die"],"picked":"Adrenaline","floor":33},{"not_picked":["Endless Agony+1","Acrobatics+1","Reflex+1","Finisher"],"picked":"SKIP","floor":35},{"not_picked":["Skewer","Dodge and Roll+1","Acrobatics"],"picked":"Blur+1","floor":38},{"not_picked":["Prepared","Blade Dance","Sucker Punch+1"],"picked":"Deflect","floor":41},{"not_picked":["Acrobatics","Dagger Throw","Bane+1","After Image"],"picked":"SKIP","floor":45},{"not_picked":["Quick Slash+1","Underhanded Strike","Deflect","Dagger Spray"],"picked":"SKIP","floor":47},{"not_picked":["Heel Hook","Cloak And Dagger","Envenom","Quick Slash"],"picked":"SKIP","floor":48},{"not_picked":["Escape Plan","Heel Hook","Choke+1"],"picked":"PiercingWail+1","floor":54}],"player_experience":308202,"relics_obtained":[{"floor":7,"key":"Darkstone Periapt"},{"floor":9,"key":"Gremlin Horn"},{"floor":13,"key":"Mercury Hourglass"},{"floor":26,"key":"Question Card"},{"floor":45,"key":"Ninja Scroll"},{"floor":54,"key":"Lantern"}],"event_choices":[{"damage_healed":0,"gold_gain":0,"player_choice":"Ignored","damage_taken":0,"max_hp_gain":0,"max_hp_loss":0,"event_name":"Liars Game","floor":5,"gold_loss":0},{"cards_removed":["Strike_G"],"damage_healed":0,"gold_gain":0,"player_choice":"Purged","damage_taken":0,"max_hp_gain":0,"max_hp_loss":0,"event_name":"Purifier","floor":10,"gold_loss":0},{"damage_healed":0,"gold_gain":99,"player_choice":"Stole From Cult","damage_taken":0,"max_hp_gain":0,"max_hp_loss":0,"event_name":"Nest","floor":22,"gold_loss":0},{"cards_removed":["Strike_G"],"damage_healed":0,"gold_gain":0,"player_choice":"Elegance","damage_taken":0,"max_hp_gain":0,"max_hp_loss":0,"event_name":"Back to Basics","floor":24,"gold_loss":0},{"damage_healed":0,"gold_gain":0,"player_choice":"Shed Blood","damage_taken":19,"max_hp_gain":5,"max_hp_loss":0,"event_name":"Forgotten Altar","floor":28,"gold_loss":0},{"damage_healed":0,"gold_gain":0,"player_choice":"Fight","damage_taken":0,"max_hp_gain":0,"max_hp_loss":0,"event_name":"Colosseum","floor":30,"gold_loss":0},{"damage_healed":0,"gold_gain":0,"player_choice":"Fled From Nobs","damage_taken":0,"max_hp_gain":0,"max_hp_loss":0,"event_name":"Colosseum","floor":30,"gold_loss":0},{"damage_healed":0,"gold_gain":0,"player_choice":"Copied","damage_taken":0,"max_hp_gain":0,"max_hp_loss":0,"event_name":"Duplicator","floor":37,"gold_loss":0,"cards_obtained":["Leg Sweep"]}],"is_beta":false,"boss_relics":[{"not_picked":["White Beast Statue","HoveringKite"],"picked":"Tiny House"},{"not_picked":["Cursed Key","Pandora\u0027s Box"],"picked":"Astrolabe"}],"items_purged_floors":[14,20,29,36],"is_endless":false,"potions_floor_spawned":[2,11,13,16,18,33,35,48],"killed_by":"The Heart","ascension_level":0}