{"gold_per_floor":[11,11,11,31,50,50,75,92,116,41,53,68,80,106,106,106],"floor_reached":16,"playtime":564,"items_purged":["Strike_G"],"score":181,"play_id":"6fd89fea-80a5-4ea3-9d1e-64ec6ae659d3","local_time":"20181115235309","is_ascension_mode":true,"campfire_choices":[{"data":"Neutralize","floor":6,"key":"SMITH"},{"floor":15,"key":"REST"}],"neow_cost":"NO_GOLD","seed_source_timestamp":17714132413665,"circlet_count":0,"master_deck":["Defend_G+1","Defend_G","Defend_G","Defend_G","Defend_G+1","Strike_G","Strike_G","Strike_G","Strike_G","Survivor","Neutralize+1","Jack Of All Trades","Madness","Slice","Caltrops","Heel Hook","Leg Sweep","Deflect","Escape Plan","Dagger Throw"],"relics":["Ring of the Snake","War Paint","Bag of Marbles","Ancient Tea Set"],"potions_floor_usage":[5,5,5,7,7,8,14,16,16,16],"damage_taken":[{"damage":1,"enemies":"Small Slimes","floor":1,"turns":4},{"damage":0,"enemies":"Cultist","floor":4,"turns":3},{"damage":11,"enemies":"Jaw Worm","floor":5,"turns":4},{"damage":23,"enemies":"Lagavulin","floor":7,"turns":7},{"damage":0,"enemies":"Gremlin Gang","floor":8,"turns":5},{"damage":9,"enemies":"Exordium Wildlife","floor":11,"turns":5},{"damage":7,"enemies":"3 Louse","floor":12,"turns":3},{"damage":0,"enemies":"2 Fungi Beasts","floor":13,"turns":5},{"damage":0,"enemies":"3 Sentries","floor":14,"turns":8},{"damage":41,"enemies":"Slime Boss","floor":16,"turns":12}],"seed_played":"1500913007986823314","potions_obtained":[{"floor":2,"key":"FearPotion"},{"floor":2,"key":"EntropicBrew"},{"floor":2,"key":"Ancient Potion"},{"floor":7,"key":"Block Potion"},{"floor":11,"key":"SpeedPotion"},{"floor":12,"key":"Fire Potion"},{"floor":14,"key":"Block Potion"}],"is_trial":false,"path_per_floor":["M","?","$","M","M","R","E","M","T","$","M","M","M","E","R","B"],"character_chosen":"THE_SILENT","items_purchased":[],"campfire_rested":1,"item_purchase_floors":[],"current_hp_per_floor":[62,62,62,62,51,51,28,28,28,28,19,12,12,12,33,0],"gold":106,"neow_bonus":"RANDOM_COLORLESS_2","is_prod":false,"is_daily":false,"chose_seed":false,"campfire_upgraded":1,"win_rate":0,"timestamp":1542325989,"path_taken":["M","?","?","M","M","R","E","M","T","$","M","M","M","E","R","BOSS"],"build_version":"2018-11-08","purchased_purges":1,"victory":false,"max_hp_per_floor":[70,70,70,70,70,70,70,70,70,70,70,70,70,70,70,70],"card_choices":[{"not_picked":["Calculated Gamble","Terror"],"picked":"Slice","floor":1},{"not_picked":["PiercingWail","Deadly Poison"],"picked":"Caltrops","floor":4},{"not_picked":["Dodge and Roll","Dagger Throw"],"picked":"Heel Hook","floor":5},{"not_picked":["Dagger Spray","Calculated Gamble","Slice"],"picked":"SKIP","floor":7},{"not_picked":["Quick Slash","Blade Dance"],"picked":"Leg Sweep","floor":8},{"not_picked":["Leg Sweep","Slice","Bane"],"picked":"SKIP","floor":11},{"not_picked":["Endless Agony","Infinite Blades"],"picked":"Deflect","floor":12},{"not_picked":["Endless Agony","Poisoned Stab"],"picked":"Escape Plan","floor":13},{"not_picked":["Slice","Cloak And Dagger"],"picked":"Dagger Throw","floor":14}],"player_experience":172648,"relics_obtained":[{"floor":7,"key":"War Paint"},{"floor":9,"key":"Bag of Marbles"},{"floor":14,"key":"Ancient Tea Set"}],"event_choices":[{"damage_healed":0,"gold_gain":0,"player_choice":"Got Potions","damage_taken":0,"max_hp_gain":0,"max_hp_loss":0,"event_name":"Lab","floor":2,"gold_loss":0}],"is_beta":false,"boss_relics":[],"items_purged_floors":[10],"is_endless":false,"potions_floor_spawned":[4,7,11,12,14],"killed_by":"Slime Boss","ascension_level":6}