{"gold_per_floor":[117,217,217,237,47,47,70,88,112,147,166,197,45,62,62,161,161,180,4,18,18,31,31,44,44,68,68,68,68,82,102,102,102],"floor_reached":33,"playtime":723,"items_purged":["Strike_B","Strike_B"],"score":321,"play_id":"95fdde5d-48ac-4a4f-a6a1-310fd85ab470","local_time":"20181007231357","is_ascension_mode":true,"campfire_choices":[{"data":"Apotheosis","floor":6,"key":"SMITH"},{"data":"Darkness","floor":15,"key":"SMITH"},{"floor":23,"key":"REST"},{"floor":25,"key":"REST"},{"data":"Defragment","floor":29,"key":"SMITH"},{"floor":32,"key":"REST"}],"neow_cost":"NONE","seed_source_timestamp":35071880576897,"circlet_count":0,"master_deck":["Strike_B","Strike_B","Defend_B","Defend_B","Defend_B","Defend_B","Zap","Dualcast","Sunder","Cold Snap","Apotheosis+1","Sunder","Darkness+1","Darkness","Defragment+1","FTL","Coolheaded","Darkness"],"relics":["Philosopher\u0027s Stone","Anchor","Art of War","Meat on the Bone","Orichalcum","White Beast Statue","Blood Vial"],"potions_floor_usage":[20,20,20,24,33,33,33],"damage_taken":[{"damage":3,"enemies":"Cultist","floor":1,"turns":3},{"damage":3,"enemies":"Jaw Worm","floor":4,"turns":4},{"damage":0,"enemies":"2 Louse","floor":8,"turns":2},{"damage":20,"enemies":"Lagavulin","floor":10,"turns":5},{"damage":7,"enemies":"Gremlin Gang","floor":11,"turns":3},{"damage":18,"enemies":"Gremlin Nob","floor":12,"turns":3},{"damage":0,"enemies":"Large Slime","floor":14,"turns":2},{"damage":42,"enemies":"Hexaghost","floor":16,"turns":6},{"damage":22,"enemies":"2 Thieves","floor":18,"turns":4},{"damage":39,"enemies":"3 Byrds","floor":20,"turns":5},{"damage":21,"enemies":"Centurion and Healer","floor":22,"turns":4},{"damage":12,"enemies":"Snake Plant","floor":24,"turns":4},{"damage":31,"enemies":"Shelled Parasite and Fungi","floor":30,"turns":4},{"damage":1,"enemies":"Cultist and Chosen","floor":31,"turns":5},{"damage":85,"enemies":"Champ","floor":33,"turns":7}],"seed_played":"-2656230896308779637","potions_obtained":[{"floor":1,"key":"FocusPotion"},{"floor":3,"key":"PowerPotion"},{"floor":3,"key":"Dexterity Potion"},{"floor":18,"key":"Regen Potion"},{"floor":20,"key":"PowerPotion"},{"floor":22,"key":"Block Potion"},{"floor":24,"key":"Regen Potion"},{"floor":30,"key":"Fire Potion"}],"is_trial":false,"path_per_floor":["M","?","?","M","$","R","T","M","T","E","M","E","$","M","R","B",null,"M","$","M","$","M","R","M","R","T","?","$","R","M","M","R"],"character_chosen":"DEFECT","items_purchased":["Apotheosis","Darkness","FTL"],"campfire_rested":3,"item_purchase_floors":[5,13,19],"current_hp_per_floor":[72,72,72,69,69,69,69,69,69,49,42,36,36,48,48,18,61,39,39,26,26,17,39,39,61,61,61,61,61,44,45,67,0],"gold":102,"neow_bonus":"BOSS_RELIC","is_prod":false,"is_daily":false,"chose_seed":false,"campfire_upgraded":3,"win_rate":0,"timestamp":1538950437,"path_taken":["M","?","?","M","?","R","?","M","T","E","M","E","$","?","R","BOSS","M","$","M","$","M","R","M","R","T","?","?","R","M","M","R","BOSS"],"build_version":"2018-10-04v2","purchased_purges":2,"victory":false,"max_hp_per_floor":[75,75,75,75,75,75,75,75,75,75,75,75,75,75,75,75,75,75,75,75,75,75,75,75,75,75,75,75,75,75,75,75,75],"card_choices":[{"not_picked":["Auto Shields","Barrage"],"picked":"Sunder","floor":1},{"not_picked":["Turbo","Skim"],"picked":"Cold Snap","floor":4},{"not_picked":["Heatsinks","Coolheaded"],"picked":"Sunder","floor":8},{"not_picked":["Lockon","Steam","Barrage"],"picked":"SKIP","floor":10},{"not_picked":["Sweeping Beam","Redo","Barrage"],"picked":"SKIP","floor":11},{"not_picked":["Hyperbeam","Genetic Algorithm"],"picked":"Darkness","floor":12},{"not_picked":["Turbo","Beam Cell","Hologram"],"picked":"SKIP","floor":14},{"not_picked":["Compile Driver+1","Barrage"],"picked":"Defragment","floor":18},{"not_picked":["Ball Lightning","Scrape"],"picked":"Coolheaded","floor":20},{"not_picked":["Scrape","Beam Cell","Leap"],"picked":"SKIP","floor":22},{"not_picked":["Sweeping Beam","Rebound","Static Discharge"],"picked":"SKIP","floor":24},{"not_picked":["Barrage","Steam","Compile Driver"],"picked":"SKIP","floor":30},{"not_picked":["Recycle","Sweeping Beam"],"picked":"Darkness","floor":31}],"player_experience":63519,"relics_obtained":[{"floor":7,"key":"Anchor"},{"floor":9,"key":"Art of War"},{"floor":10,"key":"Meat on the Bone"},{"floor":12,"key":"Orichalcum"},{"floor":26,"key":"Blood Vial"}],"event_choices":[{"event_name":"Wheel of Change","player_choice":"Gold","floor":2,"damage_taken":0},{"event_name":"The Lab","player_choice":"Got Potions","floor":3,"damage_taken":0},{"event_name":"Cursed Tome","player_choice":"Ignored","floor":27,"damage_taken":0}],"is_beta":false,"boss_relics":[{"not_picked":["Coffee Dripper","Snecko Eye"],"picked":"White Beast Statue"}],"items_purged_floors":[13,19],"is_endless":false,"potions_floor_spawned":[1,8,11,18,20,22,24,30,31],"killed_by":"Champ","ascension_level":5}