{"gold_per_floor":[119,119,136,67,84,84,95,95,95,95,115,115,147,322,322,322],"floor_reached":16,"playtime":711,"items_purged":[],"score":110,"play_id":"bbec5b3d-70b0-4358-98fe-dc605118b40f","local_time":"20190204124851","is_ascension_mode":true,"campfire_choices":[{"data":"Neutralize","floor":6,"key":"SMITH"},{"data":"A Thousand Cuts","floor":8,"key":"SMITH"},{"data":"Survivor","floor":10,"key":"SMITH"},{"floor":12,"key":"REST"},{"data":"Accuracy","floor":15,"key":"SMITH"}],"neow_cost":"NONE","seed_source_timestamp":693856154457183,"circlet_count":0,"master_deck":["Defend_G","Defend_G","Defend_G","Defend_G","Defend_G","Strike_G","Strike_G","Strike_G","Strike_G","Strike_G","Survivor+1","Neutralize+1","Purity","Noxious Fumes","Regret","PiercingWail","A Thousand Cuts+1","Dagger Spray","Corpse Explosion","Accuracy+1","Doubt"],"relics":["Ring of the Snake","Shuriken","Pantograph","Ninja Scroll"],"potions_floor_usage":[11,13,16],"damage_taken":[{"damage":0,"enemies":"2 Louse","floor":1,"turns":3},{"damage":0,"enemies":"Jaw Worm","floor":3,"turns":4},{"damage":13,"enemies":"Small Slimes","floor":5,"turns":4},{"damage":29,"enemies":"Blue Slaver","floor":7,"turns":5},{"damage":11,"enemies":"Exordium Wildlife","floor":11,"turns":5},{"damage":13,"enemies":"Gremlin Nob","floor":13,"turns":4},{"damage":52,"enemies":"Hexaghost","floor":16,"turns":11}],"seed_played":"-1633479792386986514","potions_obtained":[{"floor":3,"key":"Weak Potion"},{"floor":5,"key":"GamblersBrew"},{"floor":13,"key":"GhostInAJar"}],"is_trial":false,"path_per_floor":["M","?","M","$","M","R","M","R","T","R","M","R","E","?","R","B"],"character_chosen":"THE_SILENT","items_purchased":["A Thousand Cuts"],"campfire_rested":1,"item_purchase_floors":[4],"current_hp_per_floor":[70,70,70,70,57,57,28,28,28,28,17,38,25,25,25,0],"gold":322,"neow_bonus":"RANDOM_COLORLESS","is_prod":false,"is_daily":false,"chose_seed":false,"campfire_upgraded":4,"win_rate":0,"timestamp":1549252131,"path_taken":["M","?","M","$","M","R","M","R","T","R","M","R","E","?","R","BOSS"],"build_version":"2019-01-23","purchased_purges":0,"victory":false,"max_hp_per_floor":[70,70,70,70,70,70,70,70,70,70,70,70,70,70,70,70],"card_choices":[{"not_picked":["Masterful Stab","Bane"],"picked":"Noxious Fumes","floor":1},{"not_picked":["Masterful Stab","Underhanded Strike"],"picked":"PiercingWail","floor":3},{"not_picked":["Distraction","Underhanded Strike"],"picked":"Dagger Spray","floor":5},{"not_picked":["Deadly Poison","Reflex","Masterful Stab"],"picked":"SKIP","floor":7},{"not_picked":["Predator","Underhanded Strike"],"picked":"Corpse Explosion","floor":11},{"not_picked":["Deflect","Catalyst"],"picked":"Accuracy","floor":13}],"player_experience":65486,"relics_obtained":[{"floor":9,"key":"Pantograph"},{"floor":13,"key":"Ninja Scroll"}],"event_choices":[{"damage_healed":0,"gold_gain":0,"player_choice":"Box","damage_taken":0,"relics_obtained":["Shuriken"],"max_hp_gain":0,"max_hp_loss":0,"event_name":"Big Fish","floor":2,"gold_loss":0,"cards_obtained":["Regret"]},{"damage_healed":0,"gold_gain":175,"player_choice":"AGREE","damage_taken":0,"max_hp_gain":0,"max_hp_loss":0,"event_name":"Liars Game","floor":14,"gold_loss":0,"cards_obtained":["Doubt"]}],"is_beta":false,"boss_relics":[],"items_purged_floors":[],"is_endless":false,"potions_floor_spawned":[3,5,13],"killed_by":"Hexaghost","ascension_level":2}