{"gold_per_floor":[119,44,44,44,58,58,93,114,140,140,126,139,173,173,173,262,262,275,289,189,210,3,3,43,63,63,162,162,162,162,193,193,291,291,307,307,86,40,40,40,61,77,77,96,96,139,69,69,69,69],"floor_reached":51,"playtime":1380,"items_purged":["Strike_B","Strike_B","Defend_B","Defend_B"],"score":1240,"play_id":"0d38d24d-e0b8-493c-af1c-379045c1d711","local_time":"20181103134445","is_ascension_mode":true,"campfire_choices":[{"data":"Chaos","floor":6,"key":"SMITH"},{"data":"Capacitor","floor":10,"key":"SMITH"},{"data":"Consume","floor":15,"key":"SMITH"},{"floor":23,"key":"REST"},{"floor":30,"key":"REST"},{"data":"Capacitor","floor":32,"key":"SMITH"},{"data":"Coolheaded","floor":40,"key":"SMITH"},{"floor":45,"key":"REST"},{"floor":49,"key":"REST"}],"neow_cost":"NONE","seed_source_timestamp":3013512930451,"circlet_count":0,"master_deck":["AscendersBane","Defend_B","Zap","Dualcast","Capacitor+1","Chaos+1","Glacier","Cold Snap","Loop+1","Consume+1","Electrodynamics","Loop+1","Capacitor+1","Buffer+1","Defragment+1","Coolheaded+1","Defragment+1","Defragment+1","Reboot"],"relics":["Cracked Core","NeowsBlessing","Golden Idol","DataDisk","Anchor","Girya","Regal Pillow","Empty Cage","PreservedInsect","Blue Candle","Frozen Egg 2","Busted Crown","Shuriken","Symbiotic Virus","Happy Flower"],"potions_floor_usage":[12,12,12,12,13,24,24,35,42,50,50],"damage_taken":[{"damage":0,"enemies":"Jaw Worm","floor":1,"turns":1},{"damage":0,"enemies":"Small Slimes","floor":5,"turns":1},{"damage":0,"enemies":"Lagavulin","floor":7,"turns":2},{"damage":0,"enemies":"Cultist","floor":8,"turns":4},{"damage":0,"enemies":"Exordium Thugs","floor":11,"turns":6},{"damage":7,"enemies":"Large Slime","floor":12,"turns":5},{"damage":12,"enemies":"3 Sentries","floor":13,"turns":8},{"damage":9,"enemies":"Hexaghost","floor":16,"turns":11},{"damage":8,"enemies":"Shell Parasite","floor":18,"turns":7},{"damage":17,"enemies":"2 Thieves","floor":19,"turns":4},{"damage":10,"enemies":"3 Cultists","floor":21,"turns":4},{"damage":25,"enemies":"Gremlin Leader","floor":24,"turns":5},{"damage":6,"enemies":"Snake Plant","floor":25,"turns":6},{"damage":13,"enemies":"Book of Stabbing","floor":31,"turns":6},{"damage":45,"enemies":"Champ","floor":33,"turns":8},{"damage":22,"enemies":"3 Darklings","floor":35,"turns":4},{"damage":1,"enemies":"3 Shapes","floor":41,"turns":4},{"damage":21,"enemies":"Jaw Worm Horde","floor":42,"turns":4},{"damage":14,"enemies":"Transient","floor":44,"turns":5},{"damage":10,"enemies":"Nemesis","floor":46,"turns":7},{"damage":43,"enemies":"Donu and Deca","floor":50,"turns":8}],"seed_played":"7627144263626126178","potions_obtained":[{"floor":7,"key":"Weak Potion"},{"floor":11,"key":"EntropicBrew"},{"floor":12,"key":"Explosive Potion"},{"floor":18,"key":"Swift Potion"},{"floor":19,"key":"EssenceOfSteel"},{"floor":25,"key":"LiquidBronze"},{"floor":33,"key":"Regen Potion"},{"floor":41,"key":"Fire Potion"},{"floor":44,"key":"FearPotion"},{"floor":48,"key":"EssenceOfSteel"}],"is_trial":false,"path_per_floor":["M","$","?","?","M","R","E","M","T","R","M","M","E","?","R","B",null,"M","M","$","M","$","R","E","M","T","?","?","?","R","E","R","B",null,"M","?","$","$","T","R","M","M","T","M","R","E","$","?","R","B",null],"character_chosen":"DEFECT","items_purchased":["Capacitor","Defragment+1","Coolheaded","Reboot"],"campfire_rested":4,"item_purchase_floors":[22,37,38,47],"current_hp_per_floor":[68,68,68,68,68,68,68,68,68,68,68,61,49,49,49,40,62,54,37,37,27,27,62,37,31,31,31,31,31,66,53,53,8,54,44,44,44,44,44,44,43,22,22,8,43,33,33,33,68,25],"gold":69,"neow_bonus":"THREE_ENEMY_KILL","is_prod":false,"is_daily":false,"chose_seed":false,"campfire_upgraded":5,"win_rate":0,"timestamp":1541252685,"path_taken":["M","$","?","?","M","R","E","M","T","R","M","M","E","?","R","BOSS","M","M","$","M","$","R","E","?","T","?","?","?","R","E","R","BOSS","M","?","?","$","?","R","?","M","T","M","R","E","$","?","R","BOSS"],"build_version":"2018-11-01","purchased_purges":4,"victory":true,"max_hp_per_floor":[75,75,75,69,69,69,69,69,69,69,69,69,69,69,69,69,69,69,69,69,69,69,69,69,69,69,69,69,69,69,69,69,69,69,69,69,69,69,69,69,69,69,69,69,69,69,69,69,69,69],"card_choices":[{"not_picked":["Steam","Heatsinks"],"picked":"Capacitor","floor":1},{"not_picked":["Undo","Melter"],"picked":"Chaos","floor":5},{"not_picked":["Doom and Gloom","Blizzard"],"picked":"Glacier","floor":7},{"not_picked":["Gash","Steam"],"picked":"Cold Snap","floor":8},{"not_picked":["Redo","Beam Cell"],"picked":"Loop","floor":11},{"not_picked":["Rebound","Cold Snap","Steam"],"picked":"SKIP","floor":12},{"not_picked":["Loop","Fusion"],"picked":"Consume","floor":13},{"not_picked":["Thunder Strike","Amplify"],"picked":"Electrodynamics","floor":16},{"not_picked":["Sweeping Beam","Force Field+1","Redo"],"picked":"SKIP","floor":18},{"not_picked":["Leap","Cold Snap+1"],"picked":"Loop+1","floor":19},{"not_picked":["Blizzard","Steam","Sweeping Beam"],"picked":"SKIP","floor":21},{"not_picked":["Aggregate","Go for the Eyes+1","Lockon"],"picked":"SKIP","floor":24},{"not_picked":["Steam Power","Stack","Cold Snap"],"picked":"SKIP","floor":25},{"not_picked":["Hello World","Doom and Gloom","Consume"],"picked":"SKIP","floor":31},{"not_picked":["Electrodynamics+1","Seek"],"picked":"Buffer+1","floor":33},{"not_picked":["FTL+1"],"picked":"SKIP","floor":35},{"not_picked":["Sweeping Beam+1"],"picked":"SKIP","floor":41},{"not_picked":[],"picked":"Defragment+1","floor":42},{"not_picked":["Steam"],"picked":"SKIP","floor":44},{"not_picked":[],"picked":"Defragment+1","floor":46}],"player_experience":103935,"relics_obtained":[{"floor":7,"key":"DataDisk"},{"floor":9,"key":"Anchor"},{"floor":13,"key":"Girya"},{"floor":14,"key":"Regal Pillow"},{"floor":24,"key":"PreservedInsect"},{"floor":26,"key":"Blue Candle"},{"floor":31,"key":"Frozen Egg 2"},{"floor":39,"key":"Shuriken"},{"floor":43,"key":"Symbiotic Virus"},{"floor":46,"key":"Happy Flower"}],"event_choices":[{"damage_healed":0,"gold_gain":0,"player_choice":"Leave","damage_taken":0,"max_hp_gain":0,"max_hp_loss":0,"event_name":"The Cleric","floor":3,"gold_loss":0},{"damage_healed":0,"gold_gain":0,"player_choice":"Lose Max HP","damage_taken":0,"relics_obtained":["Golden Idol"],"max_hp_gain":0,"max_hp_loss":6,"event_name":"Golden Idol","floor":4,"gold_loss":0},{"damage_healed":0,"gold_gain":0,"player_choice":"Relic","damage_taken":0,"max_hp_gain":0,"max_hp_loss":0,"event_name":"Wheel of Change","floor":14,"gold_loss":0},{"damage_healed":0,"gold_gain":99,"player_choice":"Stole From Cult","damage_taken":0,"max_hp_gain":0,"max_hp_loss":0,"event_name":"Nest","floor":27,"gold_loss":0},{"damage_healed":0,"gold_gain":0,"player_choice":"Ignored","damage_taken":0,"max_hp_gain":0,"max_hp_loss":0,"event_name":"Ghosts","floor":28,"gold_loss":0},{"cards_removed":["Defend_B"],"damage_healed":0,"gold_gain":0,"player_choice":"Purged","damage_taken":0,"max_hp_gain":0,"max_hp_loss":0,"event_name":"Purifier","floor":29,"gold_loss":0},{"damage_healed":0,"gold_gain":0,"player_choice":"Forge","damage_taken":0,"max_hp_gain":0,"max_hp_loss":0,"event_name":"Accursed Blacksmith","floor":36,"gold_loss":0,"cards_upgraded":["Loop"]},{"damage_healed":0,"gold_gain":0,"player_choice":"Got Potions","damage_taken":0,"max_hp_gain":0,"max_hp_loss":0,"event_name":"Lab","floor":48,"gold_loss":0}],"is_beta":false,"boss_relics":[{"not_picked":["Lizard Tail","Runic Pyramid"],"picked":"Empty Cage"},{"not_picked":["Astrolabe","Nuclear Battery"],"picked":"Busted Crown"}],"items_purged_floors":[2,20,22,37],"is_endless":false,"potions_floor_spawned":[7,11,12,18,19,25,33,41,44],"ascension_level":13}