{"gold_per_floor":[110,110,110,128,128,128,151,191,218,218,218],"floor_reached":11,"playtime":248,"items_purged":[],"score":131,"play_id":"887ba631-4719-482c-a9a0-ca7f6f997522","local_time":"20190203164726","is_ascension_mode":true,"campfire_choices":[{"data":"Noxious Fumes","floor":6,"key":"SMITH"}],"neow_cost":"NONE","seed_source_timestamp":2071237191264598,"circlet_count":0,"master_deck":["AscendersBane","Defend_G","Defend_G","Defend_G+1","Defend_G","Defend_G","Strike_G","Strike_G","Strike_G","Strike_G","Strike_G","Survivor+1","Neutralize","Noxious Fumes+1","Injury","Predator+1","Noxious Fumes"],"relics":["Ring of the Snake","NeowsBlessing","Golden Idol","Lantern","Pen Nib","Dodecahedron"],"potions_floor_usage":[8,8],"damage_taken":[{"damage":0,"enemies":"Cultist","floor":1,"turns":1},{"damage":0,"enemies":"Jaw Worm","floor":4,"turns":1},{"damage":0,"enemies":"Small Slimes","floor":7,"turns":1},{"damage":38,"enemies":"Lagavulin","floor":8,"turns":6},{"damage":2,"enemies":"Gremlin Gang","floor":11,"turns":1}],"seed_played":"4542578962673692052","potions_obtained":[{"floor":1,"key":"Ancient Potion"},{"floor":4,"key":"LiquidBronze"}],"is_trial":false,"path_per_floor":["M","?","?","M","?","R","M","E","T","T","M"],"character_chosen":"THE_SILENT","items_purchased":[],"campfire_rested":0,"item_purchase_floors":[],"current_hp_per_floor":[59,39,39,39,39,39,39,1,1,1,0],"gold":218,"neow_bonus":"THREE_ENEMY_KILL","is_prod":false,"is_daily":false,"chose_seed":false,"campfire_upgraded":1,"win_rate":0,"timestamp":1549241246,"path_taken":["M","?","?","M","?","R","?","E","T","?","M"],"build_version":"2019-01-23","purchased_purges":0,"victory":false,"max_hp_per_floor":[66,66,66,66,66,66,66,66,66,66,66],"card_choices":[{"not_picked":["Well Laid Plans","Escape Plan"],"picked":"Noxious Fumes","floor":1},{"not_picked":["Slice","Skewer"],"picked":"Predator","floor":4},{"not_picked":["Acrobatics","Skewer","Choke"],"picked":"SKIP","floor":7},{"not_picked":["Quick Slash","Calculated Gamble"],"picked":"Noxious Fumes","floor":8}],"player_experience":602474,"relics_obtained":[{"floor":8,"key":"Lantern"},{"floor":9,"key":"Pen Nib"},{"floor":10,"key":"Dodecahedron"}],"event_choices":[{"damage_healed":0,"gold_gain":0,"player_choice":"Entered Light","damage_taken":20,"max_hp_gain":0,"max_hp_loss":0,"event_name":"Shining Light","floor":2,"gold_loss":0,"cards_upgraded":["Defend_G","Survivor"]},{"damage_healed":0,"gold_gain":0,"player_choice":"Take Wound","damage_taken":0,"relics_obtained":["Golden Idol"],"max_hp_gain":0,"max_hp_loss":0,"event_name":"Golden Idol","floor":3,"gold_loss":0,"cards_obtained":["Injury"]},{"damage_healed":0,"gold_gain":0,"player_choice":"Upgraded","damage_taken":0,"max_hp_gain":0,"max_hp_loss":0,"event_name":"Upgrade Shrine","floor":5,"gold_loss":0,"cards_upgraded":["Predator"]}],"is_beta":false,"boss_relics":[],"items_purged_floors":[],"is_endless":false,"potions_floor_spawned":[1,4],"killed_by":"Gremlin Gang","ascension_level":17}