{"gold_per_floor":[114,126,126,21,35,35,59,77,150,150,34,34,52,27,27,100,100,119,19,29,29,43,43,43],"floor_reached":24,"playtime":706,"items_purged":["Strike_R","Defend_R"],"score":353,"play_id":"ad3572d2-03ac-4622-9564-1255a4f16b8e","local_time":"20190113235249","is_ascension_mode":true,"campfire_choices":[{"data":"Reckless Charge","floor":6,"key":"SMITH"},{"data":"Sword Boomerang","floor":10,"key":"SMITH"},{"data":"True Grit","floor":12,"key":"SMITH"},{"data":"Rampage","floor":15,"key":"SMITH"},{"floor":23,"key":"REST"}],"neow_cost":"NONE","seed_source_timestamp":34823606340612,"circlet_count":0,"master_deck":["AscendersBane","Defend_R","Defend_R","Defend_R","Reckless Charge+1","True Grit+1","Headbutt","Blind","Carnage","Sword Boomerang+1","Feel No Pain","Rampage+1","Shrug It Off","Juggernaut","Pummel+1","Power Through+1","Burning Pact+1","Feel No Pain"],"relics":["Burning Blood","Odd Mushroom","Dodecahedron","Astrolabe"],"potions_floor_usage":[22,24],"damage_taken":[{"damage":4,"enemies":"Small Slimes","floor":1,"turns":5},{"damage":2,"enemies":"Cultist","floor":2,"turns":4},{"damage":2,"enemies":"Jaw Worm","floor":5,"turns":4},{"damage":22,"enemies":"The Mushroom Lair","floor":7,"turns":6},{"damage":1,"enemies":"2 Fungi Beasts","floor":8,"turns":3},{"damage":4,"enemies":"3 Louse","floor":13,"turns":3},{"damage":49,"enemies":"Slime Boss","floor":16,"turns":11},{"damage":13,"enemies":"Shell Parasite","floor":18,"turns":7},{"damage":10,"enemies":"Spheric Guardian","floor":20,"turns":5},{"damage":39,"enemies":"Cultist and Chosen","floor":22,"turns":7},{"damage":44,"enemies":"Book of Stabbing","floor":24,"turns":4}],"seed_played":"-3162020019147159365","potions_obtained":[{"floor":13,"key":"SneckoOil"},{"floor":16,"key":"Ancient Potion"},{"floor":22,"key":"Swift Potion"}],"is_trial":false,"path_per_floor":["M","M","?","$","M","R","?","M","T","R","$","R","M","$","R","B",null,"M","$","M","?","M","R","E"],"character_chosen":"IRONCLAD","items_purchased":["Blind","Feel No Pain","Shrug It Off"],"campfire_rested":1,"item_purchase_floors":[4,11,14],"current_hp_per_floor":[70,74,74,74,75,75,59,64,64,64,64,64,66,66,66,23,62,55,55,51,51,18,40,0],"gold":43,"neow_bonus":"REMOVE_CARD","is_prod":false,"is_daily":false,"chose_seed":false,"campfire_upgraded":4,"win_rate":0,"timestamp":1547423569,"path_taken":["M","M","?","?","?","R","?","M","T","R","$","R","M","$","R","BOSS","M","$","M","?","M","R","E"],"build_version":"2019-01-10","purchased_purges":2,"victory":false,"max_hp_per_floor":[75,75,75,75,75,75,75,75,75,75,75,75,75,75,75,75,75,75,75,75,75,75,75,75],"card_choices":[{"not_picked":["Clash","True Grit"],"picked":"Reckless Charge","floor":1},{"not_picked":["Sever Soul","Clash"],"picked":"True Grit","floor":2},{"not_picked":["Heavy Blade","Wild Strike","Reckless Charge"],"picked":"SKIP","floor":5},{"not_picked":["Reckless Charge","Pummel"],"picked":"Carnage","floor":7},{"not_picked":["Cleave","Clothesline"],"picked":"Sword Boomerang","floor":8},{"not_picked":["Pommel Strike","Flex"],"picked":"Rampage","floor":13},{"not_picked":["Exhume","Limit Break"],"picked":"Juggernaut","floor":16},{"not_picked":["Infernal Blade+1","Seeing Red"],"picked":"Feel No Pain","floor":18},{"not_picked":["Flex","Twin Strike","Cleave"],"picked":"SKIP","floor":20},{"not_picked":["True Grit","Sever Soul","Corruption"],"picked":"SKIP","floor":22}],"player_experience":385875,"relics_obtained":[{"floor":7,"key":"Odd Mushroom"},{"floor":9,"key":"Dodecahedron"}],"event_choices":[{"damage_healed":0,"gold_gain":0,"cards_transformed":["Strike_R"],"player_choice":"Transformed","damage_taken":0,"max_hp_gain":0,"max_hp_loss":0,"event_name":"Transmorgrifier","floor":3,"gold_loss":0,"cards_obtained":["Headbutt"]},{"damage_healed":0,"gold_gain":0,"player_choice":"Fought Mushrooms","damage_taken":0,"max_hp_gain":0,"max_hp_loss":0,"event_name":"Mushrooms","floor":7,"gold_loss":0},{"damage_healed":0,"gold_gain":0,"player_choice":"Ignored","damage_taken":0,"max_hp_gain":0,"max_hp_loss":0,"event_name":"Beggar","floor":21,"gold_loss":0}],"is_beta":false,"boss_relics":[{"not_picked":["Mark of Pain","Ectoplasm"],"picked":"Astrolabe"}],"items_purged_floors":[11,19],"is_endless":false,"potions_floor_spawned":[13,16,18,22],"killed_by":"Book of Stabbing","ascension_level":18}