{"gold_per_floor":[111,111,127,151,172,206,206,221,221,221],"floor_reached":10,"playtime":1137,"items_purged":[],"score":95,"play_id":"1586c06c-3a0b-42ea-b295-4952ce4b395e","local_time":"20190110131226","is_ascension_mode":true,"campfire_choices":[{"floor":7,"key":"REST"}],"neow_cost":"NONE","seed_source_timestamp":3879003708973228,"circlet_count":0,"master_deck":["Strike_R","Strike_R","Strike_R","Strike_R","Strike_R","Defend_R","Defend_R","Defend_R","Defend_R","Bash","Flame Barrier","Pummel","Clothesline","Headbutt","Shockwave"],"relics":["Burning Blood","Smiling Mask","Golden Idol","Potion Belt","Molten Egg 2"],"potions_floor_usage":[6,10,10],"damage_taken":[{"damage":29,"enemies":"Jaw Worm","floor":1,"turns":5},{"damage":2,"enemies":"Cultist","floor":3,"turns":5},{"damage":6,"enemies":"2 Louse","floor":4,"turns":3},{"damage":1,"enemies":"Exordium Wildlife","floor":5,"turns":5},{"damage":11,"enemies":"Gremlin Nob","floor":6,"turns":4},{"damage":40,"enemies":"Large Slime","floor":8,"turns":8},{"damage":30,"enemies":"3 Sentries","floor":10,"turns":5}],"seed_played":"-2347802330539073752","potions_obtained":[{"floor":1,"key":"SpeedPotion"},{"floor":5,"key":"Block Potion"},{"floor":8,"key":"GamblersBrew"}],"is_trial":false,"path_per_floor":["M","?","M","M","M","E","R","M","T","E"],"character_chosen":"IRONCLAD","items_purchased":[],"campfire_rested":1,"item_purchase_floors":[],"current_hp_per_floor":[49,29,33,33,38,33,57,23,23,0],"gold":221,"neow_bonus":"RANDOM_COMMON_RELIC","is_prod":false,"is_daily":false,"chose_seed":false,"campfire_upgraded":0,"win_rate":0,"timestamp":1547154746,"path_taken":["M","?","M","M","M","E","R","M","T","E"],"build_version":"2019-01-03v4","purchased_purges":0,"victory":false,"max_hp_per_floor":[80,80,80,80,80,80,80,80,80,80],"card_choices":[{"not_picked":["Entrench","Perfected Strike"],"picked":"Flame Barrier","floor":1},{"not_picked":["Hemokinesis","Uppercut","Combust"],"picked":"SKIP","floor":3},{"not_picked":["Blood for Blood","Combust"],"picked":"Pummel","floor":4},{"not_picked":["Hemokinesis","Cleave"],"picked":"Clothesline","floor":5},{"not_picked":["Thunderclap","Fire Breathing"],"picked":"Headbutt","floor":6},{"not_picked":["Carnage","Perfected Strike"],"picked":"Shockwave","floor":8}],"player_experience":267608,"relics_obtained":[{"floor":6,"key":"Potion Belt"},{"floor":9,"key":"Molten Egg 2"}],"event_choices":[{"damage_healed":0,"gold_gain":0,"player_choice":"Take Damage","damage_taken":20,"relics_obtained":["Golden Idol"],"max_hp_gain":0,"max_hp_loss":0,"event_name":"Golden Idol","floor":2,"gold_loss":0}],"is_beta":false,"boss_relics":[],"items_purged_floors":[],"is_endless":false,"potions_floor_spawned":[1,5,8],"killed_by":"3 Sentries","ascension_level":7}