{"gold_per_floor":[119,137,153,171,171,171,199,199,226,226,69,69,83,96,96,96],"floor_reached":16,"playtime":1310,"items_purged":["Injury"],"score":163,"play_id":"3fbeb8a3-053f-4491-b2d9-7ec3d65f80ff","local_time":"20190120163257","is_ascension_mode":true,"campfire_choices":[{"data":"Phantasmal Killer","floor":6,"key":"SMITH"},{"floor":12,"key":"REST"},{"data":"After Image","floor":15,"key":"SMITH"}],"neow_cost":"NONE","seed_source_timestamp":859713051438172,"circlet_count":0,"master_deck":["AscendersBane","Defend_G","Defend_G","Defend_G","Defend_G","Defend_G","Strike_G","Strike_G","Strike_G","Strike_G","Survivor","Neutralize","Crippling Poison","Phantasmal Killer+1","After Image+1","Noxious Fumes","Blur","PiercingWail"],"relics":["Sozu","Snake Skull","Art of War","Golden Idol"],"potions_floor_usage":[],"damage_taken":[{"damage":0,"enemies":"Small Slimes","floor":1,"turns":3},{"damage":0,"enemies":"Jaw Worm","floor":2,"turns":6},{"damage":1,"enemies":"2 Louse","floor":3,"turns":3},{"damage":3,"enemies":"Blue Slaver","floor":4,"turns":5},{"damage":54,"enemies":"3 Sentries","floor":7,"turns":17},{"damage":0,"enemies":"2 Fungi Beasts","floor":13,"turns":4},{"damage":9,"enemies":"Large Slime","floor":14,"turns":7},{"damage":42,"enemies":"Slime Boss","floor":16,"turns":8}],"seed_played":"3367504257859094148","potions_obtained":[],"is_trial":false,"path_per_floor":["M","M","M","M","?","R","E","?","T","?","$","R","M","M","R","B"],"character_chosen":"THE_SILENT","items_purchased":["Noxious Fumes"],"campfire_rested":1,"item_purchase_floors":[11],"current_hp_per_floor":[63,63,62,59,59,59,5,28,28,28,28,49,49,40,40,0],"gold":96,"neow_bonus":"BOSS_RELIC","is_prod":false,"is_daily":false,"chose_seed":false,"campfire_upgraded":2,"win_rate":0,"timestamp":1548030777,"path_taken":["M","M","M","M","?","R","E","?","T","?","$","R","M","M","R","BOSS"],"build_version":"2019-01-17v2","purchased_purges":1,"victory":false,"max_hp_per_floor":[70,70,70,70,70,70,70,70,70,70,70,70,70,70,70,70],"card_choices":[{"not_picked":["Acrobatics","Deadly Poison","Heel Hook"],"picked":"SKIP","floor":1},{"not_picked":["Slice","Prepared","Underhanded Strike"],"picked":"SKIP","floor":2},{"not_picked":["Dagger Throw","Skewer","Flechettes"],"picked":"SKIP","floor":3},{"not_picked":["Eviscerate","Quick Slash"],"picked":"Crippling Poison","floor":4},{"not_picked":["Dodge and Roll","Slice"],"picked":"After Image","floor":7},{"not_picked":["Caltrops","Prepared"],"picked":"Blur","floor":13},{"not_picked":["Sucker Punch","Endless Agony"],"picked":"PiercingWail","floor":14}],"player_experience":425366,"relics_obtained":[{"floor":7,"key":"Snake Skull"},{"floor":9,"key":"Art of War"}],"event_choices":[{"damage_healed":0,"gold_gain":0,"cards_transformed":["Strike_G"],"player_choice":"Change","damage_taken":0,"max_hp_gain":0,"max_hp_loss":0,"event_name":"Living Wall","floor":5,"gold_loss":0,"cards_obtained":["Phantasmal Killer"]},{"damage_healed":23,"gold_gain":0,"player_choice":"Banana","damage_taken":0,"max_hp_gain":0,"max_hp_loss":0,"event_name":"Big Fish","floor":8,"gold_loss":0},{"damage_healed":0,"gold_gain":0,"player_choice":"Take Wound","damage_taken":0,"relics_obtained":["Golden Idol"],"max_hp_gain":0,"max_hp_loss":0,"event_name":"Golden Idol","floor":10,"gold_loss":0,"cards_obtained":["Injury"]}],"is_beta":false,"boss_relics":[],"items_purged_floors":[11],"is_endless":false,"potions_floor_spawned":[2,3,4],"killed_by":"Slime Boss","ascension_level":12}