{"gold_per_floor":[109,184,184,30,30,30,45,65,65,17,48,60,60,77,77,178,178,192,152,74,89,108,142,155,155,155,155],"floor_reached":27,"playtime":3282,"items_purged":["Strike_G"],"score":363,"play_id":"511a769d-715a-4b93-a8bf-6bf443d80661","local_time":"20181230035536","is_ascension_mode":true,"campfire_choices":[{"data":"Deadly Poison","floor":6,"key":"SMITH"},{"data":"Dash","floor":13,"key":"SMITH"},{"data":"Deadly Poison","floor":15,"key":"SMITH"},{"data":"1","floor":25,"key":"LIFT"}],"neow_cost":"NONE","seed_source_timestamp":2893053061809791,"circlet_count":0,"master_deck":["Defend_G","Defend_G","Defend_G","Defend_G","Defend_G+1","Strike_G","Strike_G+1","Strike_G","Strike_G","Survivor","Neutralize+1","Deadly Poison+1","Blur","Dodge and Roll","Dash+1","PiercingWail","A Thousand Cuts+1","Deflect","Deadly Poison+1","Bullet Time+1","Injury","Shame","Writhe","Noxious Fumes+1","Bouncing Flask","Caltrops+1","Deflect","Dodge and Roll"],"relics":["Ring of the Snake","Frozen Egg 2","Du-Vu Doll","Calling Bell","Pen Nib","Pear","Tingsha","Girya"],"potions_floor_usage":[11,18,22,23],"damage_taken":[{"damage":3,"enemies":"Jaw Worm","floor":1,"turns":5},{"damage":0,"enemies":"2 Louse","floor":7,"turns":2},{"damage":0,"enemies":"Small Slimes","floor":8,"turns":5},{"damage":2,"enemies":"Lagavulin","floor":11,"turns":8},{"damage":22,"enemies":"Gremlin Gang","floor":12,"turns":4},{"damage":0,"enemies":"Exordium Wildlife","floor":14,"turns":7},{"damage":11,"enemies":"Slime Boss","floor":16,"turns":10},{"damage":0,"enemies":"Shell Parasite","floor":18,"turns":7},{"damage":5,"enemies":"3 Byrds","floor":21,"turns":5},{"damage":8,"enemies":"Snake Plant","floor":22,"turns":3},{"damage":25,"enemies":"Gremlin Leader","floor":23,"turns":7},{"damage":17,"enemies":"Centurion and Healer","floor":24,"turns":8},{"damage":25,"enemies":"Sentry and Sphere","floor":27,"turns":3}],"seed_played":"-2087866727986746009","potions_obtained":[{"floor":7,"key":"Weak Potion"},{"floor":8,"key":"Regen Potion"},{"floor":16,"key":"PowerPotion"},{"floor":18,"key":"Ancient Potion"},{"floor":21,"key":"Fruit Juice"}],"is_trial":false,"path_per_floor":["M","?","?","$","?","R","M","M","T","$","E","M","R","M","R","B",null,"M","?","$","M","M","E","M","R","T","M"],"character_chosen":"THE_SILENT","items_purchased":["Blur","PiercingWail","Bouncing Flask"],"campfire_rested":0,"item_purchase_floors":[4,10,20],"current_hp_per_floor":[67,56,41,41,41,41,41,41,41,41,54,32,32,32,32,21,73,73,73,73,68,65,40,23,23,23,0],"gold":155,"neow_bonus":"TEN_PERCENT_HP_BONUS","is_prod":false,"is_daily":false,"chose_seed":false,"campfire_upgraded":3,"win_rate":0,"timestamp":1546170936,"path_taken":["M","?","?","?","?","R","?","M","T","$","E","M","R","M","R","BOSS","M","?","$","M","?","E","M","R","T","M"],"build_version":"2018-12-20","purchased_purges":1,"victory":false,"max_hp_per_floor":[77,77,77,77,77,77,77,77,77,77,77,77,77,77,77,77,87,87,87,87,87,92,92,92,92,92,92],"card_choices":[{"not_picked":["Sucker Punch","Blade Dance"],"picked":"Deadly Poison","floor":1},{"not_picked":["Setup","Blade Dance"],"picked":"Dodge and Roll","floor":7},{"not_picked":["Dagger Spray","Quick Slash"],"picked":"Dash","floor":8},{"not_picked":["Cloak And Dagger","Backflip"],"picked":"A Thousand Cuts+1","floor":11},{"not_picked":["Prepared","Bane"],"picked":"Deflect","floor":12},{"not_picked":["Heel Hook","All Out Attack"],"picked":"Deadly Poison","floor":14},{"not_picked":["Glass Knife","Doppelganger"],"picked":"Bullet Time","floor":16},{"not_picked":["Deadly Poison","Poisoned Stab"],"picked":"Noxious Fumes+1","floor":18},{"not_picked":["Outmaneuver","Bane+1","Tactician"],"picked":"SKIP","floor":21},{"not_picked":["Calculated Gamble+1","Dagger Throw"],"picked":"Caltrops+1","floor":22},{"not_picked":["Underhanded Strike","Grand Finale"],"picked":"Deflect","floor":23},{"not_picked":["Acrobatics","Expertise"],"picked":"Dodge and Roll","floor":24}],"player_experience":163177,"relics_obtained":[{"floor":9,"key":"Frozen Egg 2"},{"floor":11,"key":"Du-Vu Doll"},{"floor":17,"key":"Pen Nib"},{"floor":17,"key":"Pear"},{"floor":17,"key":"Tingsha"},{"floor":23,"key":"Girya"}],"event_choices":[{"damage_healed":0,"gold_gain":75,"player_choice":"Gather Gold","damage_taken":11,"max_hp_gain":0,"max_hp_loss":0,"event_name":"World of Goop","floor":2,"gold_loss":0},{"damage_healed":0,"gold_gain":0,"player_choice":"Entered Light","damage_taken":15,"max_hp_gain":0,"max_hp_loss":0,"event_name":"Shining Light","floor":3,"gold_loss":0,"cards_upgraded":["Defend_G","Strike_G"]},{"damage_healed":0,"gold_gain":0,"player_choice":"Forge","damage_taken":0,"max_hp_gain":0,"max_hp_loss":0,"event_name":"Accursed Blacksmith","floor":5,"gold_loss":0,"cards_upgraded":["Neutralize"]},{"damage_healed":0,"gold_gain":0,"player_choice":"Upgrade","damage_taken":0,"max_hp_gain":0,"max_hp_loss":0,"event_name":"Designer","floor":19,"gold_loss":40,"cards_upgraded":["Bullet Time"]}],"is_beta":false,"boss_relics":[{"not_picked":["Ring of the Serpent","Pandora\u0027s Box"],"picked":"Calling Bell"}],"items_purged_floors":[4],"is_endless":false,"potions_floor_spawned":[7,8,16,18,21],"killed_by":"Sentry and Sphere","ascension_level":9}