{"gold_per_floor":[115,115,3,3,3,3,38,58,58,58,81,102,102,117,117,247,310,325,340,340,164,183,183,183],"floor_reached":24,"playtime":627,"items_purged":["Strike_B","Strike_B"],"score":270,"play_id":"774a9750-1b8b-46da-8b59-09030ac9397c","local_time":"20181004191231","is_ascension_mode":true,"campfire_choices":[{"data":"Rainbow","floor":6,"key":"SMITH"},{"data":"Defragment","floor":10,"key":"SMITH"},{"data":"Capacitor","floor":13,"key":"SMITH"},{"data":"Defragment","floor":15,"key":"SMITH"},{"data":"Fission","floor":23,"key":"SMITH"}],"neow_cost":"NONE","seed_source_timestamp":1271077944316,"circlet_count":0,"master_deck":["Strike_B","Strike_B","Defend_B","Defend_B","Defend_B","Defend_B","Zap","Dualcast","Rainbow+1","Defragment+1","Capacitor+1","Coolheaded+1","Glacier","Defragment+1","Fission+1","Defragment","Defragment","Compile Driver"],"relics":["Cracked Core","Regal Pillow","Golden Idol","Pear","Bottled Flame","Tiny House"],"potions_floor_usage":[14,19,22,24,24,24,24],"damage_taken":[{"damage":0,"enemies":"Small Slimes","floor":1,"turns":2},{"damage":15,"enemies":"Lagavulin","floor":7,"turns":6},{"damage":0,"enemies":"2 Louse","floor":8,"turns":2},{"damage":2,"enemies":"Jaw Worm","floor":11,"turns":4},{"damage":5,"enemies":"Red Slaver","floor":12,"turns":4},{"damage":17,"enemies":"Gremlin Gang","floor":14,"turns":4},{"damage":5,"enemies":"Hexaghost","floor":16,"turns":8},{"damage":4,"enemies":"Spheric Guardian","floor":18,"turns":6},{"damage":9,"enemies":"Chosen","floor":19,"turns":5},{"damage":7,"enemies":"Shelled Parasite and Fungi","floor":22,"turns":8},{"damage":53,"enemies":"Gremlin Leader","floor":24,"turns":5}],"seed_played":"-799515579020118887","potions_obtained":[{"floor":1,"key":"AttackPotion"},{"floor":11,"key":"FearPotion"},{"floor":12,"key":"Weak Potion"},{"floor":16,"key":"FearPotion"},{"floor":17,"key":"EntropicBrew"},{"floor":19,"key":"SpeedPotion"},{"floor":22,"key":"Swift Potion"}],"is_trial":false,"path_per_floor":["M","?","$","?","$","R","E","M","T","R","M","M","R","M","R","B",null,"M","M","?","$","M","R"],"character_chosen":"DEFECT","items_purchased":["Capacitor","Defragment"],"campfire_rested":0,"item_purchase_floors":[3,21],"current_hp_per_floor":[75,57,57,57,57,57,52,52,52,52,50,45,45,28,28,23,70,66,57,57,57,50,50,0],"gold":183,"neow_bonus":"ONE_RANDOM_RARE_CARD","is_prod":false,"is_daily":false,"chose_seed":false,"campfire_upgraded":5,"win_rate":0,"timestamp":1538676751,"path_taken":["M","?","$","?","$","R","E","M","T","R","?","M","R","M","R","BOSS","M","?","?","$","M","R","E"],"build_version":"2018-09-27","purchased_purges":2,"victory":false,"max_hp_per_floor":[75,75,75,69,69,69,79,79,79,79,79,79,79,79,79,79,84,84,84,84,84,84,84,84],"card_choices":[{"not_picked":["Gash","Go for the Eyes"],"picked":"Defragment","floor":1},{"not_picked":["Hello World","Compile Driver"],"picked":"Coolheaded","floor":7},{"not_picked":["Auto Shields","Melter","Blizzard"],"picked":"SKIP","floor":8},{"not_picked":["Storm","Redo"],"picked":"Glacier","floor":11},{"not_picked":["Hello World","Rip and Tear","Hologram"],"picked":"SKIP","floor":12},{"not_picked":["Lockon","Glacier"],"picked":"Defragment","floor":14},{"not_picked":["Multi-Cast","Seek"],"picked":"Fission","floor":16},{"not_picked":["White Noise","Heatsinks"],"picked":"Defragment","floor":17},{"not_picked":["Sweeping Beam+1","Beam Cell","Streamline"],"picked":"SKIP","floor":18},{"not_picked":["Consume","Static Discharge+1","Gash"],"picked":"SKIP","floor":19},{"not_picked":["Hologram","Double Energy+1"],"picked":"Compile Driver","floor":22}],"player_experience":57977,"relics_obtained":[{"floor":7,"key":"Pear"},{"floor":9,"key":"Bottled Flame"}],"event_choices":[{"event_name":"Scrap Ooze","player_choice":"success","floor":2,"damage_taken":18},{"event_name":"Golden Idol","player_choice":"Lose Max HP","floor":4,"damage_taken":0},{"event_name":"Cursed Tome","player_choice":"Ignored","floor":20,"damage_taken":0}],"is_beta":false,"boss_relics":[{"not_picked":["Fusion Hammer","Runic Pyramid"],"picked":"Tiny House"}],"items_purged_floors":[3,21],"is_endless":false,"potions_floor_spawned":[1,11,12,16,19,22],"killed_by":"Gremlin Leader","ascension_level":5}