{"gold_per_floor":[114,114,114,129,144,144,157,2,2,2,2,13,23,23,23,122,122,139,139,20,32,32],"floor_reached":22,"playtime":534,"items_purged":["Strike_G"],"score":264,"play_id":"ee0ddd29-0baa-4cb7-89c1-a612e687575f","local_time":"20181201223940","is_ascension_mode":true,"campfire_choices":[{"data":"Neutralize","floor":6,"key":"SMITH"},{"data":"Noxious Fumes","floor":11,"key":"SMITH"},{"data":"Endless Agony","floor":15,"key":"SMITH"}],"neow_cost":"NONE","seed_source_timestamp":17219687605727,"circlet_count":0,"master_deck":["AscendersBane","Defend_G","Defend_G","Defend_G","Defend_G","Defend_G","Strike_G","Strike_G","Strike_G","Survivor","Neutralize+1","Choke","Noxious Fumes+1","Blade Dance","Deflect","Well Laid Plans","Dagger Throw","Endless Agony+1","Bane","Acrobatics+1","Endless Agony+1","Footwork","Cloak And Dagger"],"relics":["Ring of the Snake","Bronze Scales","Dodecahedron","Dream Catcher","Cursed Key"],"potions_floor_usage":[7,18,21],"damage_taken":[{"damage":0,"enemies":"Cultist","floor":1,"turns":5},{"damage":3,"enemies":"2 Louse","floor":4,"turns":3},{"damage":0,"enemies":"Small Slimes","floor":5,"turns":3},{"damage":15,"enemies":"Gremlin Gang","floor":7,"turns":5},{"damage":0,"enemies":"3 Louse","floor":12,"turns":4},{"damage":2,"enemies":"Red Slaver","floor":13,"turns":3},{"damage":23,"enemies":"The Guardian","floor":16,"turns":10},{"damage":19,"enemies":"Spheric Guardian","floor":18,"turns":4},{"damage":6,"enemies":"2 Thieves","floor":21,"turns":3},{"damage":32,"enemies":"Snake Plant","floor":22,"turns":4}],"seed_played":"-3778335534223703747","potions_obtained":[{"floor":1,"key":"Dexterity Potion"},{"floor":7,"key":"Explosive Potion"},{"floor":16,"key":"AttackPotion"},{"floor":21,"key":"Dexterity Potion"}],"is_trial":false,"path_per_floor":["M","?","?","M","M","R","M","$","T","?","R","M","M","$","R","B",null,"M","?","$","M","M"],"character_chosen":"THE_SILENT","items_purchased":["Well Laid Plans","Footwork","Cloak And Dagger"],"campfire_rested":0,"item_purchase_floors":[8,20,20],"current_hp_per_floor":[63,56,56,53,53,53,38,38,38,38,38,38,36,36,36,13,56,37,37,37,31,0],"gold":32,"neow_bonus":"RANDOM_COMMON_RELIC","is_prod":false,"is_daily":false,"chose_seed":false,"campfire_upgraded":3,"win_rate":0,"timestamp":1543703980,"path_taken":["M","?","?","M","M","R","M","$","T","?","R","?","M","$","R","BOSS","M","?","$","?","?"],"build_version":"2018-11-15","purchased_purges":1,"victory":false,"max_hp_per_floor":[70,70,70,70,70,70,70,70,70,70,70,70,70,70,70,70,70,70,70,70,70,70],"card_choices":[{"not_picked":["Flying Knee","Quick Slash"],"picked":"Choke","floor":1},{"not_picked":["Predator","Acrobatics"],"picked":"Noxious Fumes","floor":4},{"not_picked":["Envenom","All Out Attack"],"picked":"Blade Dance","floor":5},{"not_picked":["Quick Slash","Calculated Gamble"],"picked":"Deflect","floor":7},{"not_picked":["Slice","Predator"],"picked":"Endless Agony","floor":12},{"not_picked":["PiercingWail","Prepared"],"picked":"Bane","floor":13},{"not_picked":["Poisoned Stab","Backstab"],"picked":"Acrobatics+1","floor":18},{"not_picked":["Flying Knee","Masterful Stab+1","Concentrate"],"picked":"SKIP","floor":21}],"player_experience":236241,"relics_obtained":[{"floor":9,"key":"Dream Catcher"}],"event_choices":[{"damage_healed":0,"gold_gain":0,"player_choice":"Success","damage_taken":7,"relics_obtained":["Dodecahedron"],"max_hp_gain":0,"max_hp_loss":0,"event_name":"Scrap Ooze","floor":2,"gold_loss":0},{"cards_removed":["Strike_G"],"damage_healed":0,"gold_gain":0,"player_choice":"Forget","damage_taken":0,"max_hp_gain":0,"max_hp_loss":0,"event_name":"Living Wall","floor":3,"gold_loss":0},{"damage_healed":0,"gold_gain":0,"player_choice":"1 cards matched","damage_taken":0,"max_hp_gain":0,"max_hp_loss":0,"event_name":"Match and Keep!","floor":10,"gold_loss":0,"cards_obtained":["Dagger Throw"]},{"damage_healed":0,"gold_gain":0,"player_choice":"Copied","damage_taken":0,"max_hp_gain":0,"max_hp_loss":0,"event_name":"Duplicator","floor":19,"gold_loss":0,"cards_obtained":["Endless Agony"]}],"is_beta":false,"boss_relics":[{"not_picked":["Runic Dome","Astrolabe"],"picked":"Cursed Key"}],"items_purged_floors":[8],"is_endless":false,"potions_floor_spawned":[1,7,16,21],"killed_by":"Snake Plant","ascension_level":10}