{"gold_per_floor":[116,216,234,252,264,264,620,647,728,728,728,381,396,26,26,128,128,138,13,31,31,31,31,31,31,31,41,76,76,87,87],"floor_reached":31,"playtime":750,"items_purged":["Strike_B","Strike_B","Strike_B"],"score":253,"play_id":"d161902f-054c-4636-8c15-f9150452954d","local_time":"20190103033729","is_ascension_mode":false,"campfire_choices":[{"data":"Sweeping Beam","floor":6,"key":"SMITH"},{"data":"Creative AI","floor":10,"key":"SMITH"},{"data":"Defragment","floor":15,"key":"SMITH"},{"data":"Amplify","floor":24,"key":"SMITH"},{"data":"BootSequence","floor":29,"key":"SMITH"}],"neow_cost":"NONE","seed_source_timestamp":33748566550889,"circlet_count":0,"master_deck":["Defend_B+1","Defend_B","Defend_B","Zap+1","Dualcast","Sweeping Beam+1","Leap","Ball Lightning","Capacitor","Creative AI+1","Glacier","Loop","Defragment+1","Amplify+1","Loop+1","Glacier","Electrodynamics","Compile Driver","BootSequence+1"],"relics":["Cracked Core","Old Coin","Ancient Tea Set","Bottled Tornado","ClockworkSouvenir","TheAbacus","Coffee Dripper","Shuriken","Darkstone Periapt"],"potions_floor_usage":[5,8,16,20],"damage_taken":[{"damage":0,"enemies":"Cultist","floor":1,"turns":3},{"damage":6,"enemies":"2 Louse","floor":3,"turns":3},{"damage":6,"enemies":"Jaw Worm","floor":4,"turns":4},{"damage":0,"enemies":"3 Louse","floor":5,"turns":3},{"damage":8,"enemies":"3 Sentries","floor":7,"turns":5},{"damage":13,"enemies":"3 Sentries","floor":8,"turns":6},{"damage":5,"enemies":"Looter","floor":13,"turns":3},{"damage":5,"enemies":"Hexaghost","floor":16,"turns":8},{"damage":12,"enemies":"Spheric Guardian","floor":18,"turns":4},{"damage":9,"enemies":"3 Byrds","floor":20,"turns":4},{"damage":15,"enemies":"Centurion and Healer","floor":27,"turns":5},{"damage":46,"enemies":"Gremlin Leader","floor":28,"turns":4},{"damage":0,"enemies":"Cultist and Chosen","floor":30,"turns":4},{"damage":5,"enemies":"Shelled Parasite and Fungi","floor":31,"turns":1}],"seed_played":"-1145100083179001707","potions_obtained":[{"floor":4,"key":"Poison Potion"},{"floor":7,"key":"SkillPotion"},{"floor":13,"key":"EntropicBrew"},{"floor":18,"key":"SkillPotion"},{"floor":27,"key":"FearPotion"}],"is_trial":false,"path_per_floor":["M","?","M","M","M","R","?","E","T","R","?","$","M","$","R","B",null,"M","$","M","?","?","?","R","?","T","M","E","R","M","M"],"character_chosen":"DEFECT","items_purchased":["Glacier","ClockworkSouvenir","Defragment","TheAbacus"],"campfire_rested":0,"item_purchase_floors":[12,12,14,14],"current_hp_per_floor":[75,75,69,63,63,63,55,42,42,42,27,27,22,22,22,17,75,63,63,54,40,66,66,66,66,66,51,5,5,5,0],"gold":87,"neow_bonus":"UPGRADE_CARD","is_prod":false,"is_daily":false,"chose_seed":false,"campfire_upgraded":5,"win_rate":0,"timestamp":1546486649,"path_taken":["M","?","M","M","?","R","?","E","T","R","?","$","M","$","R","BOSS","M","$","M","?","?","?","R","?","T","?","E","R","M","M"],"build_version":"2018-12-20","purchased_purges":3,"victory":false,"max_hp_per_floor":[75,75,75,75,75,75,75,75,75,75,75,75,75,75,75,75,75,75,75,75,80,80,80,80,80,80,80,80,80,80,80],"card_choices":[{"not_picked":["Turbo","Steam"],"picked":"Sweeping Beam","floor":1},{"not_picked":["Sweeping Beam","Go for the Eyes"],"picked":"Leap","floor":3},{"not_picked":["Streamline","Melter","Compile Driver"],"picked":"SKIP","floor":4},{"not_picked":["BootSequence","Compile Driver"],"picked":"Ball Lightning","floor":5},{"not_picked":["Lockon","Loop"],"picked":"Capacitor","floor":7},{"not_picked":["Go for the Eyes","Leap"],"picked":"Creative AI","floor":8},{"not_picked":["Leap","Auto Shields"],"picked":"Loop","floor":13},{"not_picked":["Biased Cognition","Echo Form"],"picked":"Amplify","floor":16},{"not_picked":["Steam Power+1","Barrage+1"],"picked":"Loop+1","floor":18},{"not_picked":["Hologram+1","Stack"],"picked":"Glacier","floor":20},{"not_picked":["Leap","Hologram"],"picked":"BootSequence","floor":27},{"not_picked":["Static Discharge","Lockon","Cold Snap+1"],"picked":"SKIP","floor":28},{"not_picked":["Compile Driver","Hyperbeam","Rebound"],"picked":"SKIP","floor":30}],"player_experience":342491,"relics_obtained":[{"floor":7,"key":"Old Coin"},{"floor":8,"key":"Ancient Tea Set"},{"floor":9,"key":"Bottled Tornado"},{"floor":26,"key":"Shuriken"},{"floor":28,"key":"Darkstone Periapt"}],"event_choices":[{"damage_healed":0,"gold_gain":100,"player_choice":"Pray","damage_taken":0,"max_hp_gain":0,"max_hp_loss":0,"event_name":"Golden Shrine","floor":2,"gold_loss":0},{"damage_healed":0,"gold_gain":0,"player_choice":"Searched \u00272\u0027 times","damage_taken":0,"max_hp_gain":0,"max_hp_loss":0,"event_name":"Dead Adventurer","floor":7,"gold_loss":0},{"damage_healed":0,"gold_gain":0,"player_choice":"Entered Light","damage_taken":15,"max_hp_gain":0,"max_hp_loss":0,"event_name":"Shining Light","floor":11,"gold_loss":0,"cards_upgraded":["Strike_B","Defend_B"]},{"damage_healed":0,"gold_gain":0,"player_choice":"Shed Blood","damage_taken":19,"max_hp_gain":5,"max_hp_loss":0,"event_name":"Forgotten Altar","floor":21,"gold_loss":0},{"damage_healed":26,"gold_gain":0,"player_choice":"Heal","damage_taken":0,"max_hp_gain":0,"max_hp_loss":0,"event_name":"The Library","floor":22,"gold_loss":0},{"damage_healed":0,"gold_gain":0,"cards_transformed":["Strike_B","Defend_B"],"player_choice":"Became Test Subject","damage_taken":0,"max_hp_gain":0,"max_hp_loss":0,"event_name":"Drug Dealer","floor":23,"gold_loss":0,"cards_obtained":["Electrodynamics","Compile Driver"]},{"damage_healed":0,"gold_gain":0,"player_choice":"Ignored","damage_taken":0,"max_hp_gain":0,"max_hp_loss":0,"event_name":"Ghosts","floor":25,"gold_loss":0}],"is_beta":false,"boss_relics":[{"not_picked":["Runic Pyramid","Lizard Tail"],"picked":"Coffee Dripper"}],"items_purged_floors":[12,14,19],"is_endless":false,"potions_floor_spawned":[4,7,13,18,27],"killed_by":"Shelled Parasite and Fungi","ascension_level":0}