{"gold_per_floor":[113,113,126,52,327,327,346,346,346,326,354,374,404,423,423,523,523,536,451,464,476,62,62,62,62,87,29,61,75,75,75,75,173,173,193,210,226,226,236,261,261,56,127,127],"floor_reached":44,"playtime":3625,"items_purged":["Regret"],"score":786,"play_id":"8398b14c-35a2-4ce2-b05a-7a0d76748585","local_time":"20190115165532","is_ascension_mode":true,"campfire_choices":[{"data":"Inflame","floor":6,"key":"SMITH"},{"data":"Bash","floor":8,"key":"SMITH"},{"floor":15,"key":"REST"},{"data":"Feed","floor":23,"key":"SMITH"},{"data":"Bandage Up","floor":25,"key":"SMITH"},{"data":"RitualDagger","floor":30,"key":"SMITH"},{"data":"Limit Break","floor":32,"key":"SMITH"},{"data":"Secret Weapon","floor":41,"key":"SMITH"}],"neow_cost":"NONE","seed_source_timestamp":426752999579391,"circlet_count":0,"master_deck":["AscendersBane","Strike_R","Strike_R","Strike_R","Strike_R","Strike_R","Defend_R","Defend_R","Defend_R","Defend_R","Bash+1","Disarm","Inflame+1","Pummel","Metallicize","Ghostly Armor","Pummel","Limit Break+1","Sword Boomerang","Battle Trance","Bandage Up+1","Feed+1","RitualDagger+1","Metallicize","Headbutt+1","Limit Break","Secret Weapon+1","Panacea","Shrug It Off+1"],"relics":["Black Blood","NeowsBlessing","The Courier","Bag of Preparation","Boot","Velvet Choker","Dodecahedron","Strange Spoon","Art of War","Lantern","Blood Vial","Bottled Flame","Darkstone Periapt"],"potions_floor_usage":[13,16,16,28,28,28,28,36,39,39],"damage_taken":[{"damage":0,"enemies":"Cultist","floor":1,"turns":1},{"damage":0,"enemies":"Small Slimes","floor":3,"turns":1},{"damage":0,"enemies":"Jaw Worm","floor":7,"turns":1},{"damage":31,"enemies":"Gremlin Nob","floor":11,"turns":4},{"damage":14,"enemies":"Red Slaver","floor":12,"turns":3},{"damage":41,"enemies":"Lagavulin","floor":13,"turns":6},{"damage":10,"enemies":"Blue Slaver","floor":14,"turns":4},{"damage":28,"enemies":"Hexaghost","floor":16,"turns":11},{"damage":28,"enemies":"Spheric Guardian","floor":18,"turns":6},{"damage":13,"enemies":"Shell Parasite","floor":20,"turns":5},{"damage":18,"enemies":"Snecko","floor":21,"turns":3},{"damage":0,"enemies":"Gremlin Leader","floor":28,"turns":5},{"damage":1,"enemies":"3 Cultists","floor":29,"turns":4},{"damage":66,"enemies":"Champ","floor":33,"turns":8},{"damage":18,"enemies":"Orb Walker","floor":35,"turns":3},{"damage":32,"enemies":"3 Darklings","floor":36,"turns":4},{"damage":20,"enemies":"Transient","floor":37,"turns":5},{"damage":17,"enemies":"Jaw Worm Horde","floor":39,"turns":5},{"damage":48,"enemies":"Reptomancer","floor":40,"turns":6},{"damage":70,"enemies":"Giant Head","floor":44,"turns":6}],"seed_played":"-6154986501714005198","potions_obtained":[{"floor":7,"key":"SpeedPotion"},{"floor":10,"key":"Dexterity Potion"},{"floor":12,"key":"Energy Potion"},{"floor":14,"key":"SneckoOil"},{"floor":20,"key":"EssenceOfSteel"},{"floor":21,"key":"EntropicBrew"},{"floor":33,"key":"Explosive Potion"},{"floor":35,"key":"Swift Potion"},{"floor":37,"key":"SpeedPotion"}],"is_trial":false,"path_per_floor":["M","?","M","$","?","R","M","R","T","?","E","M","E","M","R","B",null,"M","?","M","M","$","R","?","R","T","$","E","M","R","?","R","B",null,"M","M","M","?","M","E","R","$","T","E"],"character_chosen":"IRONCLAD","items_purchased":["Inflame","Strange Spoon","Bandage Up","Feed","Metallicize","Bottled Flame"],"campfire_rested":1,"item_purchase_floors":[4,22,22,22,27,42],"current_hp_per_floor":[78,70,76,76,76,76,80,80,80,80,55,47,12,8,32,10,63,41,41,34,22,22,22,16,16,16,16,38,53,53,88,88,31,74,72,56,52,42,51,25,25,25,25,0],"gold":127,"neow_bonus":"THREE_ENEMY_KILL","is_prod":false,"is_daily":false,"chose_seed":false,"campfire_upgraded":7,"win_rate":0,"timestamp":1547600132,"path_taken":["M","?","?","$","?","R","?","R","T","?","E","M","E","M","R","BOSS","M","?","M","M","$","R","?","R","T","?","E","M","R","?","R","BOSS","M","?","?","?","M","E","R","$","T","E"],"build_version":"2019-01-10","purchased_purges":1,"victory":false,"max_hp_per_floor":[80,80,80,80,80,80,80,80,80,80,80,80,80,80,80,80,80,80,80,80,80,80,80,80,80,80,80,84,88,88,88,88,88,88,88,88,88,88,92,92,92,92,92,92],"card_choices":[{"not_picked":["Twin Strike","Flex","Clash"],"picked":"SKIP","floor":1},{"not_picked":["Corruption","Pommel Strike"],"picked":"Disarm","floor":3},{"not_picked":["Warcry","Perfected Strike","Bloodletting"],"picked":"SKIP","floor":7},{"not_picked":["Headbutt","Warcry"],"picked":"Pummel","floor":11},{"not_picked":["Heavy Blade","Disarm"],"picked":"Metallicize","floor":12},{"not_picked":["Entrench","Blood for Blood"],"picked":"Ghostly Armor","floor":13},{"not_picked":["Shrug It Off","Headbutt"],"picked":"Pummel","floor":14},{"not_picked":["Juggernaut","Brutality"],"picked":"Limit Break","floor":16},{"not_picked":["Rampage+1","Body Slam"],"picked":"Sword Boomerang","floor":18},{"not_picked":["Flex","Disarm","Thunderclap"],"picked":"SKIP","floor":20},{"not_picked":["Pommel Strike","Flex"],"picked":"Battle Trance","floor":21},{"not_picked":["Havoc+1","Power Through+1","Heavy Blade+1"],"picked":"SKIP","floor":28},{"not_picked":["Rupture","Clash"],"picked":"Headbutt+1","floor":29},{"not_picked":["Fiend Fire","Offering"],"picked":"Limit Break","floor":33},{"not_picked":["Infernal Blade","Twin Strike","Flex"],"picked":"SKIP","floor":35},{"not_picked":["Pommel Strike","Feel No Pain+1","Cleave+1"],"picked":"SKIP","floor":36},{"not_picked":["Iron Wave","Ghostly Armor","Flex"],"picked":"SKIP","floor":37},{"not_picked":["Dark Shackles","Magnetism"],"picked":"Secret Weapon","floor":38},{"not_picked":["Chrysalis","Enlightenment"],"picked":"Panacea","floor":38},{"not_picked":["Rupture","Armaments+1"],"picked":"Shrug It Off+1","floor":39},{"not_picked":["Warcry+1","Heavy Blade+1","Flex"],"picked":"SKIP","floor":40}],"player_experience":332555,"relics_obtained":[{"floor":9,"key":"The Courier"},{"floor":11,"key":"Bag of Preparation"},{"floor":13,"key":"Boot"},{"floor":26,"key":"Art of War"},{"floor":28,"key":"Lantern"},{"floor":40,"key":"Blood Vial"},{"floor":43,"key":"Darkstone Periapt"}],"event_choices":[{"damage_healed":0,"gold_gain":0,"player_choice":"Damaged","damage_taken":8,"max_hp_gain":0,"max_hp_loss":0,"event_name":"Wheel of Change","floor":2,"gold_loss":0},{"damage_healed":0,"gold_gain":275,"player_choice":"Desecrate","damage_taken":0,"max_hp_gain":0,"max_hp_loss":0,"event_name":"Golden Shrine","floor":5,"gold_loss":0,"cards_obtained":["Regret"]},{"damage_healed":0,"gold_gain":0,"player_choice":"Bought 1 Potion","damage_taken":0,"max_hp_gain":0,"max_hp_loss":0,"event_name":"The Woman in Blue","floor":10,"gold_loss":0},{"damage_healed":0,"gold_gain":0,"player_choice":"Obtained Relic","damage_taken":0,"relics_obtained":["Dodecahedron"],"max_hp_gain":0,"max_hp_loss":0,"event_name":"Addict","floor":19,"gold_loss":85},{"damage_healed":0,"gold_gain":0,"player_choice":"Joined the Cult","damage_taken":6,"max_hp_gain":0,"max_hp_loss":0,"event_name":"Nest","floor":24,"gold_loss":0,"cards_obtained":["RitualDagger"]},{"damage_healed":35,"gold_gain":0,"player_choice":"Full Heal","damage_taken":0,"max_hp_gain":0,"max_hp_loss":0,"event_name":"Wheel of Change","floor":31,"gold_loss":0},{"damage_healed":0,"gold_gain":0,"player_choice":"Memory 3","damage_taken":10,"max_hp_gain":0,"max_hp_loss":0,"event_name":"SensoryStone","floor":38,"gold_loss":0}],"is_beta":false,"boss_relics":[{"not_picked":["Tiny House","Runic Pyramid"],"picked":"Velvet Choker"},{"not_picked":["Empty Cage","Fusion Hammer"],"picked":"Black Blood"}],"items_purged_floors":[22],"is_endless":false,"potions_floor_spawned":[7,11,12,14,20,21,33,35,37],"killed_by":"Giant Head","ascension_level":12}