{"gold_per_floor":[10,10,10,23,0,0,11,31,31,31,31,57,57,77,77,77],"floor_reached":16,"playtime":258,"items_purged":[],"score":206,"play_id":"40fc3e2a-c7b9-4304-a833-db82dc5662ab","local_time":"20181202224852","is_ascension_mode":true,"campfire_choices":[{"data":"Whirlwind","floor":6,"key":"SMITH"},{"data":"Flex","floor":11,"key":"SMITH"},{"data":"Seeing Red","floor":15,"key":"SMITH"}],"neow_cost":"NO_GOLD","seed_source_timestamp":29508543434267,"circlet_count":0,"master_deck":["AscendersBane","Strike_R","Strike_R","Strike_R","Strike_R","Defend_R","Defend_R","Defend_R","Bash","Whirlwind+1","Flex+1","Seeing Red+1","Double Tap","Shrug It Off"],"relics":["Burning Blood","Matryoshka","Blue Candle","Strawberry","Oddly Smooth Stone","Bottled Flame","Happy Flower"],"potions_floor_usage":[16],"damage_taken":[{"damage":8,"enemies":"Small Slimes","floor":1,"turns":4},{"damage":4,"enemies":"2 Louse","floor":4,"turns":4},{"damage":1,"enemies":"Cultist","floor":7,"turns":3},{"damage":16,"enemies":"Red Slaver","floor":8,"turns":4},{"damage":0,"enemies":"3 Sentries","floor":12,"turns":1},{"damage":13,"enemies":"Exordium Thugs","floor":14,"turns":2},{"damage":74,"enemies":"Hexaghost","floor":16,"turns":10}],"seed_played":"-3655385237872211873","potions_obtained":[{"floor":4,"key":"Energy Potion"}],"is_trial":false,"path_per_floor":["M","?","?","M","$","R","M","M","T","T","R","E","$","M","R","B"],"character_chosen":"IRONCLAD","items_purchased":["Flex"],"campfire_rested":0,"item_purchase_floors":[5],"current_hp_per_floor":[70,70,70,72,72,72,77,67,74,74,74,80,80,73,73,0],"gold":77,"neow_bonus":"REMOVE_TWO","is_prod":false,"is_daily":false,"chose_seed":false,"campfire_upgraded":3,"win_rate":0,"timestamp":1543790932,"path_taken":["M","?","?","?","?","R","?","M","T","?","R","E","$","M","R","BOSS"],"build_version":"2018-11-15","purchased_purges":0,"victory":false,"max_hp_per_floor":[80,80,80,80,80,80,80,80,87,87,87,87,87,87,87,87],"card_choices":[{"not_picked":["Clothesline","Sever Soul"],"picked":"Clash","floor":1},{"not_picked":["Clash","Iron Wave"],"picked":"Whirlwind","floor":4},{"not_picked":["Armaments","Wild Strike"],"picked":"Seeing Red","floor":7},{"not_picked":["Searing Blow","Anger"],"picked":"Double Tap","floor":8},{"not_picked":["Iron Wave","Heavy Blade","Clothesline"],"picked":"SKIP","floor":12},{"not_picked":["Iron Wave","Twin Strike"],"picked":"Shrug It Off","floor":14}],"player_experience":241095,"relics_obtained":[{"floor":9,"key":"Blue Candle"},{"floor":9,"key":"Strawberry"},{"floor":10,"key":"Oddly Smooth Stone"},{"floor":10,"key":"Bottled Flame"},{"floor":12,"key":"Happy Flower"}],"event_choices":[{"damage_healed":0,"gold_gain":0,"player_choice":"Ignored","damage_taken":0,"max_hp_gain":0,"max_hp_loss":0,"event_name":"Liars Game","floor":2,"gold_loss":0},{"cards_removed":["Clash"],"damage_healed":0,"gold_gain":0,"player_choice":"Gave Card","damage_taken":0,"relics_obtained":["Matryoshka"],"max_hp_gain":0,"max_hp_loss":0,"event_name":"WeMeetAgain","floor":3,"gold_loss":0}],"is_beta":false,"boss_relics":[],"items_purged_floors":[],"is_endless":false,"potions_floor_spawned":[4],"killed_by":"Hexaghost","ascension_level":13}