{"gold_per_floor":[110,110,110,127,127,127,127,127,127,127,142,161,161,193,193,290,290,309,327,327,327,353,353,366,366,444,454,467,3,3,19,19,19],"floor_reached":33,"playtime":2264,"items_purged":["Defend_R"],"score":270,"play_id":"9b77b6da-3991-4089-bfa4-f9be23832c87","local_time":"20190130053631","is_ascension_mode":false,"campfire_choices":[{"data":"Pommel Strike","floor":6,"key":"SMITH"},{"floor":10,"key":"REST"},{"data":"Blood for Blood","floor":13,"key":"SMITH"},{"data":"Defend_R","floor":15,"key":"SMITH"},{"data":"Defend_R","floor":23,"key":"SMITH"},{"data":"Rupture","floor":30,"key":"SMITH"},{"data":"Inflame","floor":32,"key":"SMITH"}],"neow_cost":"NONE","seed_source_timestamp":238398332563145,"circlet_count":0,"master_deck":["Strike_R+1","Strike_R","Strike_R","Defend_R+1","Defend_R+1","Defend_R","Bash+1","Anger","Pommel Strike+1","Clash","Inflame+1","Headbutt","Blood for Blood+1","Battle Trance+1","Corruption+1","Burning Pact+1","Rupture+1","Warcry+1","Panache"],"relics":["Burning Blood","Gremlin Horn","Magic Flower","Mummified Hand","Toxic Egg 2","Runic Cube","Nilry\u0027s Codex","Red Skull","Mercury Hourglass","Lee\u0027s Waffle"],"potions_floor_usage":[14,16,28,33],"damage_taken":[{"damage":0,"enemies":"2 Louse","floor":1,"turns":2},{"damage":13,"enemies":"Jaw Worm","floor":4,"turns":3},{"damage":0,"enemies":"Small Slimes","floor":11,"turns":1},{"damage":8,"enemies":"2 Fungi Beasts","floor":12,"turns":3},{"damage":0,"enemies":"Gremlin Nob","floor":14,"turns":3},{"damage":46,"enemies":"Hexaghost","floor":16,"turns":6},{"damage":5,"enemies":"Spheric Guardian","floor":18,"turns":3},{"damage":12,"enemies":"3 Byrds","floor":19,"turns":4},{"damage":18,"enemies":"Centurion and Healer","floor":24,"turns":4},{"damage":22,"enemies":"Shelled Parasite and Fungi","floor":27,"turns":5},{"damage":7,"enemies":"Snecko","floor":28,"turns":3},{"damage":22,"enemies":"Centurion and Healer","floor":31,"turns":4},{"damage":91,"enemies":"Automaton","floor":33,"turns":6}],"seed_played":"-8742682543718033474","potions_obtained":[{"floor":4,"key":"BloodPotion"},{"floor":11,"key":"Block Potion"},{"floor":14,"key":"Strength Potion"},{"floor":24,"key":"Ancient Potion"}],"is_trial":false,"path_per_floor":["?","?","?","?","T","M","?","?","T","?","M"],"character_chosen":"IRONCLAD","items_purchased":["Lee\u0027s Waffle","Panache"],"campfire_rested":1,"item_purchase_floors":[29,29],"current_hp_per_floor":[80,80,77,70,63,63,47,47,47,71,80,80,80,80,80,43,80,80,77,61,61,61,61,52,52,52,39,41,87,87,74,74,0],"gold":19,"neow_bonus":"THREE_CARDS","is_prod":false,"is_daily":false,"chose_seed":false,"campfire_upgraded":6,"win_rate":0.0,"timestamp":1548822991,"path_taken":["M","?","?","M","?","R","?","?","T","R","M","?","R","E","R","BOSS","M","M","?","?","?","R","M","?","T","M","?","$","R","M","R","BOSS"],"build_version":"2019-01-23","purchased_purges":1,"victory":false,"max_hp_per_floor":[80,80,80,80,80,80,80,80,80,80,80,80,80,80,80,80,80,80,80,80,80,80,80,80,80,80,80,80,87,87,87,87,87],"card_choices":[{"not_picked":["True Grit","Cleave"],"picked":"Anger","floor":0},{"not_picked":["Iron Wave","Thunderclap"],"picked":"Pommel Strike","floor":1},{"not_picked":["Cleave","True Grit"],"picked":"Inflame","floor":4},{"not_picked":["Cleave","Thunderclap"],"picked":"Headbutt","floor":11},{"not_picked":["True Grit","Rage"],"picked":"Blood for Blood","floor":12},{"not_picked":["Perfected Strike","Impervious"],"picked":"Battle Trance","floor":14},{"not_picked":["Whirlwind","Clash"],"picked":"Corruption","floor":18},{"not_picked":["Perfected Strike","Body Slam+1"],"picked":"Burning Pact+1","floor":19},{"not_picked":["Metallicize+1","Body Slam","True Grit+1"],"picked":"SKIP","floor":24},{"not_picked":["Anger","Iron Wave+1"],"picked":"Rupture","floor":27},{"not_picked":["Feel No Pain+1","Rampage+1"],"picked":"Warcry+1","floor":28},{"not_picked":["Pommel Strike","Clash","Shrug It Off+1"],"picked":"SKIP","floor":31}],"player_experience":22228,"relics_obtained":[{"floor":8,"key":"Magic Flower"},{"floor":9,"key":"Mummified Hand"},{"floor":14,"key":"Toxic Egg 2"},{"floor":20,"key":"Nilry\u0027s Codex"},{"floor":22,"key":"Red Skull"},{"floor":26,"key":"Mercury Hourglass"}],"event_choices":[{"damage_healed":0,"gold_gain":0,"cards_transformed":["Strike_R"],"player_choice":"Change","damage_taken":0,"max_hp_gain":0,"max_hp_loss":0,"event_name":"Living Wall","floor":2,"gold_loss":0,"cards_obtained":["Clash"]},{"damage_healed":0,"gold_gain":0,"player_choice":"Success","damage_taken":3,"relics_obtained":["Gremlin Horn"],"max_hp_gain":0,"max_hp_loss":0,"event_name":"Scrap Ooze","floor":3,"gold_loss":0},{"cards_removed":["Strike_R"],"damage_healed":0,"gold_gain":0,"player_choice":"Card Removal","damage_taken":7,"max_hp_gain":0,"max_hp_loss":0,"event_name":"Golden Wing","floor":5,"gold_loss":0},{"damage_healed":0,"gold_gain":0,"player_choice":"Entered Light","damage_taken":16,"max_hp_gain":0,"max_hp_loss":0,"event_name":"Shining Light","floor":7,"gold_loss":0,"cards_upgraded":["Bash","Strike_R"]},{"damage_healed":0,"gold_gain":0,"player_choice":"Obtained Book","damage_taken":16,"max_hp_gain":0,"max_hp_loss":0,"event_name":"Cursed Tome","floor":20,"gold_loss":0},{"damage_healed":0,"gold_gain":0,"player_choice":"Ignored","damage_taken":0,"max_hp_gain":0,"max_hp_loss":0,"event_name":"Vampires","floor":21,"gold_loss":0},{"damage_healed":0,"gold_gain":0,"player_choice":"Forge","damage_taken":0,"max_hp_gain":0,"max_hp_loss":0,"event_name":"Accursed Blacksmith","floor":25,"gold_loss":0,"cards_upgraded":["Corruption"]}],"is_beta":false,"boss_relics":[{"not_picked":["White Beast Statue","Eternal Feather"],"picked":"Runic Cube"}],"items_purged_floors":[29],"is_endless":false,"potions_floor_spawned":[4,11,14,24],"killed_by":"Automaton","ascension_level":0}