{"gold_per_floor":[114,59,70,83,98,98,116,116,190,190,207,236,259,289,301,408,420,444,456,469,182,31,31,41,57,57,57,157,190,190,202,202,302,302,319,319,337,356,356,356,243,243,266,226,257,0,0,17,17,17],"floor_reached":51,"playtime":5571,"items_purged":["Strike_G"],"score":1278,"play_id":"702f68f6-5339-479c-a570-da021bc1623e","local_time":"20190120200021","is_ascension_mode":true,"campfire_choices":[{"data":"Footwork","floor":6,"key":"SMITH"},{"data":"Cloak And Dagger","floor":8,"key":"SMITH"},{"data":"Terror","floor":10,"key":"SMITH"},{"data":"Leg Sweep","floor":15,"key":"SMITH"},{"data":"Burst","floor":23,"key":"SMITH"},{"data":"Cloak And Dagger","floor":30,"key":"SMITH"},{"data":"1","floor":32,"key":"LIFT"},{"data":"2","floor":40,"key":"LIFT"},{"data":"3","floor":42,"key":"LIFT"},{"data":"Burst","floor":47,"key":"SMITH"},{"data":"Well Laid Plans","floor":49,"key":"SMITH"}],"neow_cost":"NONE","seed_source_timestamp":867862494841206,"circlet_count":0,"master_deck":["AscendersBane","Defend_G","Defend_G","Defend_G","Defend_G","Strike_G","Strike_G","Strike_G","Strike_G","Survivor","Neutralize","Footwork+1","Cloak And Dagger+1","Infinite Blades","Escape Plan","Terror+1","Cloak And Dagger+1","Glass Knife","Leg Sweep+1","Malaise","Backflip","Outmaneuver+1","Burst+1","Footwork+1","Backflip","Escape Plan","Dodge and Roll","Burst+1","Backstab","Accuracy+1","Well Laid Plans+1"],"relics":["Philosopher\u0027s Stone","Calipers","Kunai","Coffee Dripper","Nloth\u0027s Gift","StoneCalendar","Tough Bandages","Girya","Gremlin Horn","Dream Catcher","Eternal Feather","PreservedInsect","Ornamental Fan","Bottled Tornado"],"potions_floor_usage":[14,24,28,28,37,37,38,45],"damage_taken":[{"damage":3,"enemies":"Jaw Worm","floor":1,"turns":4},{"damage":0,"enemies":"Cultist","floor":3,"turns":5},{"damage":1,"enemies":"2 Louse","floor":4,"turns":3},{"damage":18,"enemies":"Large Slime","floor":5,"turns":9},{"damage":4,"enemies":"Red Slaver","floor":7,"turns":5},{"damage":4,"enemies":"Blue Slaver","floor":11,"turns":5},{"damage":0,"enemies":"Lagavulin","floor":12,"turns":7},{"damage":13,"enemies":"3 Louse","floor":13,"turns":3},{"damage":0,"enemies":"Red Slaver","floor":14,"turns":1},{"damage":0,"enemies":"Hexaghost","floor":16,"turns":12},{"damage":8,"enemies":"Shell Parasite","floor":18,"turns":5},{"damage":0,"enemies":"Spheric Guardian","floor":20,"turns":5},{"damage":3,"enemies":"Snake Plant","floor":24,"turns":7},{"damage":0,"enemies":"Snecko","floor":25,"turns":7},{"damage":0,"enemies":"Colosseum Slavers","floor":28,"turns":5},{"damage":18,"enemies":"Colosseum Nobs","floor":28,"turns":7},{"damage":10,"enemies":"Book of Stabbing","floor":29,"turns":7},{"damage":0,"enemies":"Shelled Parasite and Fungi","floor":31,"turns":7},{"damage":0,"enemies":"Champ","floor":33,"turns":17},{"damage":0,"enemies":"Orb Walker","floor":35,"turns":6},{"damage":25,"enemies":"3 Darklings","floor":37,"turns":7},{"damage":28,"enemies":"Jaw Worm Horde","floor":38,"turns":6},{"damage":0,"enemies":"Giant Head","floor":45,"turns":7},{"damage":0,"enemies":"Maw","floor":48,"turns":7},{"damage":17,"enemies":"Time Eater","floor":50,"turns":15}],"seed_played":"-1505542802458279183","potions_obtained":[{"floor":4,"key":"Energy Potion"},{"floor":5,"key":"FearPotion"},{"floor":7,"key":"GamblersBrew"},{"floor":13,"key":"Fire Potion"},{"floor":16,"key":"Fire Potion"},{"floor":25,"key":"EssenceOfSteel"},{"floor":31,"key":"SpeedPotion"},{"floor":33,"key":"AttackPotion"},{"floor":35,"key":"Regen Potion"},{"floor":36,"key":"PowerPotion"},{"floor":37,"key":"Swift Potion"},{"floor":44,"key":"Fire Potion"},{"floor":44,"key":"SkillPotion"},{"floor":44,"key":"GamblersBrew"}],"is_trial":false,"path_per_floor":["M","?","M","M","M","R","M","R","T","R","M","E","M","M","R","B",null,"M","?","M","$","$","R","M","M","T","$","?","E","R","M","R","B",null,"M","?","M","M","?","R","$","R","T","?","E","$","R","M","R","B",null],"character_chosen":"THE_SILENT","items_purchased":["StoneCalendar","Burst","Well Laid Plans","Bottled Tornado"],"campfire_rested":0,"item_purchase_floors":[21,22,41,46],"current_hp_per_floor":[60,60,60,59,41,41,37,37,37,37,33,33,20,20,20,20,58,50,50,50,50,50,50,47,47,47,47,29,19,19,19,19,19,57,57,57,47,19,19,37,37,55,55,55,55,55,70,70,70,53],"gold":17,"neow_bonus":"BOSS_RELIC","is_prod":false,"is_daily":false,"chose_seed":false,"campfire_upgraded":8,"win_rate":0,"timestamp":1548043221,"path_taken":["M","?","M","M","M","R","M","R","T","R","?","E","M","M","R","BOSS","M","?","M","?","$","R","M","M","T","$","?","E","R","M","R","BOSS","M","?","M","?","?","R","$","R","T","?","E","$","R","?","R","BOSS"],"build_version":"2019-01-17v2","purchased_purges":1,"victory":true,"max_hp_per_floor":[70,70,70,70,70,70,70,70,70,70,70,70,70,70,70,70,70,70,70,70,70,70,70,70,70,70,70,70,70,70,70,70,70,70,70,70,70,70,70,70,70,70,70,70,70,70,70,70,70,70],"card_choices":[{"not_picked":["PiercingWail","Terror"],"picked":"Footwork","floor":1},{"not_picked":["Dagger Spray","Skewer"],"picked":"Cloak And Dagger","floor":3},{"not_picked":["Acrobatics","PiercingWail"],"picked":"Infinite Blades","floor":4},{"not_picked":["Poisoned Stab","Tactician"],"picked":"Escape Plan","floor":5},{"not_picked":["Dagger Spray","All Out Attack"],"picked":"Terror","floor":7},{"not_picked":["Deadly Poison","Blade Dance"],"picked":"Cloak And Dagger","floor":11},{"not_picked":["Quick Slash","Sucker Punch"],"picked":"Glass Knife","floor":12},{"not_picked":["Flying Knee","Quick Slash"],"picked":"Leg Sweep","floor":13},{"not_picked":["Bane","Deadly Poison","PiercingWail"],"picked":"SKIP","floor":14},{"not_picked":["Grand Finale","Phantasmal Killer"],"picked":"Malaise","floor":16},{"not_picked":["Finisher+1","Blade Dance"],"picked":"Backflip","floor":18},{"not_picked":["Doppelganger","Poisoned Stab"],"picked":"Outmaneuver+1","floor":20},{"not_picked":["Acrobatics","Deadly Poison"],"picked":"Footwork+1","floor":24},{"not_picked":["Poisoned Stab+1","Phantasmal Killer"],"picked":"Backflip","floor":25},{"not_picked":["Distraction","Sucker Punch"],"picked":"Escape Plan","floor":28},{"not_picked":["Night Terror","Storm of Steel","Dagger Throw"],"picked":"SKIP","floor":29},{"not_picked":["Terror+1","PiercingWail"],"picked":"Dodge and Roll","floor":31},{"not_picked":["Bullet Time","Phantasmal Killer"],"picked":"Burst","floor":33},{"not_picked":["Bane","Outmaneuver"],"picked":"Backstab","floor":35},{"not_picked":["PiercingWail","Poisoned Stab","Deadly Poison"],"picked":"SKIP","floor":37},{"not_picked":["Prepared","Dagger Throw+1"],"picked":"Accuracy+1","floor":38},{"not_picked":["Outmaneuver","Phantasmal Killer","Bane"],"picked":"SKIP","floor":45},{"not_picked":["Dagger Spray","Quick Slash","Poisoned Stab"],"picked":"SKIP","floor":48}],"player_experience":433415,"relics_obtained":[{"floor":9,"key":"Kunai"},{"floor":12,"key":"MawBank"},{"floor":26,"key":"Tough Bandages"},{"floor":28,"key":"Girya"},{"floor":28,"key":"Gremlin Horn"},{"floor":29,"key":"Dream Catcher"},{"floor":43,"key":"PreservedInsect"},{"floor":45,"key":"Ornamental Fan"}],"event_choices":[{"damage_healed":0,"gold_gain":0,"player_choice":"Paid Gold","damage_taken":0,"relics_obtained":["Calipers"],"max_hp_gain":0,"max_hp_loss":0,"event_name":"WeMeetAgain","floor":2,"gold_loss":55},{"damage_healed":0,"gold_gain":0,"player_choice":"Traded Relic","damage_taken":0,"relics_obtained":["Nloth\u0027s Gift"],"max_hp_gain":0,"max_hp_loss":0,"event_name":"N\u0027loth","floor":19,"relics_lost":["MawBank"],"gold_loss":0},{"damage_healed":0,"gold_gain":0,"player_choice":"Fight","damage_taken":0,"max_hp_gain":0,"max_hp_loss":0,"event_name":"Colosseum","floor":28,"gold_loss":0},{"damage_healed":0,"gold_gain":0,"player_choice":"Fought Nobs","damage_taken":0,"max_hp_gain":0,"max_hp_loss":0,"event_name":"Colosseum","floor":28,"gold_loss":0},{"damage_healed":0,"gold_gain":0,"player_choice":"Got Potions","damage_taken":0,"max_hp_gain":0,"max_hp_loss":0,"event_name":"Lab","floor":36,"gold_loss":0},{"cards_removed":["Defend_G"],"damage_healed":0,"gold_gain":0,"player_choice":"Removed Skill","damage_taken":0,"max_hp_gain":0,"max_hp_loss":0,"event_name":"Falling","floor":39,"gold_loss":0},{"damage_healed":0,"gold_gain":0,"player_choice":"Bought 3 Potions","damage_taken":0,"max_hp_gain":0,"max_hp_loss":0,"event_name":"The Woman in Blue","floor":44,"gold_loss":0}],"is_beta":false,"boss_relics":[{"not_picked":["White Beast Statue","Runic Dome"],"picked":"Coffee Dripper"},{"not_picked":["Snecko Eye","Empty Cage"],"picked":"Eternal Feather"}],"items_purged_floors":[41],"is_endless":false,"potions_floor_spawned":[4,5,7,13,16,20,25,31,33,35,37],"ascension_level":12}