{"gold_per_floor":[111,124,135,152,35,35,48,82,82,82,114,130,130,80,80,178,178,190,190,190,175,175,175,186,201,227,227,227,227,227,253,253,357,357,367,377,425,425,2,2,17,17,41,41,263,278,278,278,278,278],"floor_reached":51,"playtime":6101,"items_purged":["Strike_G+1"],"score":678,"play_id":"9075c79b-358c-45e1-909b-6b93c521cb5f","local_time":"20181202154711","is_ascension_mode":false,"campfire_choices":[{"data":"Noxious Fumes","floor":6,"key":"SMITH"},{"floor":10,"key":"REST"},{"data":"A Thousand Cuts","floor":13,"key":"SMITH"},{"data":"Footwork","floor":15,"key":"SMITH"},{"data":"Bullet Time","floor":23,"key":"SMITH"},{"data":"Noxious Fumes","floor":27,"key":"SMITH"},{"data":"Neutralize","floor":30,"key":"SMITH"},{"data":"Deflect","floor":32,"key":"SMITH"},{"data":"Blur","floor":40,"key":"SMITH"},{"data":"Backflip","floor":42,"key":"SMITH"},{"data":"Survivor","floor":47,"key":"SMITH"},{"data":"Bandage Up","floor":49,"key":"SMITH"}],"neow_cost":"NONE","seed_source_timestamp":513708633635601,"circlet_count":0,"master_deck":["Defend_G+1","Defend_G+1","Defend_G+1","Defend_G+1","Defend_G+1","Strike_G+1","Strike_G+1","Strike_G+1","Survivor+1","Neutralize+1","Footwork+1","Noxious Fumes+1","Blur+1","Backflip+1","Bandage Up+1","A Thousand Cuts+1","Deflect+1","Bullet Time+1","Noxious Fumes+1","Flying Knee+1","Poisoned Stab+1","Corpse Explosion+1","Caltrops+1","Acrobatics+1","Noxious Fumes+1"],"relics":["Ring of the Snake","Snake Skull","Gremlin Horn","Bottled Tornado","Eternal Feather","Prayer Wheel","PreservedInsect","Enchiridion","Red Mask","Busted Crown","Du-Vu Doll","Gambling Chip","Anchor"],"potions_floor_usage":[8,11,16,31,33,33,50,50,50],"damage_taken":[{"damage":0,"enemies":"2 Louse","floor":1,"turns":4},{"damage":7,"enemies":"Small Slimes","floor":2,"turns":4},{"damage":0,"enemies":"Jaw Worm","floor":3,"turns":7},{"damage":0,"enemies":"Blue Slaver","floor":4,"turns":5},{"damage":0,"enemies":"Exordium Wildlife","floor":7,"turns":5},{"damage":38,"enemies":"Gremlin Nob","floor":8,"turns":6},{"damage":7,"enemies":"3 Sentries","floor":11,"turns":7},{"damage":2,"enemies":"Large Slime","floor":12,"turns":5},{"damage":0,"enemies":"Slime Boss","floor":16,"turns":9},{"damage":0,"enemies":"Chosen","floor":18,"turns":7},{"damage":7,"enemies":"2 Thieves","floor":21,"turns":4},{"damage":7,"enemies":"Snecko","floor":24,"turns":5},{"damage":16,"enemies":"3 Cultists","floor":25,"turns":5},{"damage":11,"enemies":"Masked Bandits","floor":31,"turns":4},{"damage":36,"enemies":"Collector","floor":33,"turns":7},{"damage":7,"enemies":"3 Shapes","floor":35,"turns":3},{"damage":0,"enemies":"3 Darklings","floor":36,"turns":4},{"damage":31,"enemies":"2 Orb Walkers","floor":37,"turns":3},{"damage":0,"enemies":"Maw","floor":41,"turns":6},{"damage":0,"enemies":"Sphere and 2 Shapes","floor":46,"turns":2},{"damage":5,"enemies":"Donu and Deca","floor":50,"turns":6}],"seed_played":"1679295670913828556","potions_obtained":[{"floor":3,"key":"Energy Potion"},{"floor":4,"key":"Poison Potion"},{"floor":8,"key":"Weak Potion"},{"floor":12,"key":"Dexterity Potion"},{"floor":21,"key":"LiquidBronze"},{"floor":24,"key":"LiquidBronze"},{"floor":31,"key":"SkillPotion"},{"floor":41,"key":"Weak Potion"}],"is_trial":false,"path_per_floor":["M","M","M","M","$","R","M","E","T","R","E","M","R","?","R","B",null,"M","?","?","M","T","R","M","M","T","R","?","?","R","?","R","B",null,"M","M","?","?","$","R","M","R","T","$","?","M","R","?","R","B",null],"character_chosen":"THE_SILENT","items_purchased":["Backflip","Bandage Up","Gambling Chip","Dexterity Potion"],"campfire_rested":1,"item_purchase_floors":[5,5,39,39],"current_hp_per_floor":[77,70,70,70,70,70,74,40,40,63,60,62,62,62,62,66,77,77,77,77,70,70,77,70,58,58,70,54,54,66,59,71,39,77,70,74,46,46,46,58,62,74,74,74,74,77,77,77,77,72],"gold":278,"neow_bonus":"TEN_PERCENT_HP_BONUS","is_prod":false,"is_daily":false,"chose_seed":false,"campfire_upgraded":11,"win_rate":0,"timestamp":1543794431,"path_taken":["M","M","M","M","$","R","M","E","T","R","E","M","R","?","R","BOSS","M","?","?","M","?","R","?","M","T","R","?","?","R","?","R","BOSS","M","M","?","?","$","R","?","R","T","?","?","M","R","?","R","BOSS"],"build_version":"2018-11-15","purchased_purges":1,"victory":true,"max_hp_per_floor":[77,77,77,77,77,77,77,77,77,77,77,77,77,77,77,77,77,77,77,77,77,77,77,77,77,77,77,77,77,77,77,77,77,77,77,77,77,77,77,77,77,77,77,77,77,77,77,77,77,77],"card_choices":[{"not_picked":["Quick Slash","Distraction","Dodge and Roll"],"picked":"SKIP","floor":1},{"not_picked":["Leg Sweep","Acrobatics"],"picked":"Footwork","floor":2},{"not_picked":["Flechettes","Leg Sweep"],"picked":"Noxious Fumes","floor":3},{"not_picked":["Riddle With Holes","Predator"],"picked":"Blur","floor":4},{"not_picked":["Endless Agony","Caltrops","Finisher"],"picked":"SKIP","floor":7},{"not_picked":["Underhanded Strike","Slice"],"picked":"A Thousand Cuts","floor":8},{"not_picked":["Dagger Throw","Outmaneuver"],"picked":"Deflect","floor":11},{"not_picked":["Sucker Punch","Slice","Expertise"],"picked":"SKIP","floor":12},{"not_picked":["Tools of the Trade","Malaise"],"picked":"Bullet Time","floor":16},{"not_picked":["Slice+1","Prepared"],"picked":"Noxious Fumes","floor":18},{"not_picked":["Dagger Spray","Heel Hook"],"picked":"Flying Knee","floor":21},{"not_picked":["Bane","PiercingWail"],"picked":"Poisoned Stab+1","floor":24},{"not_picked":["Skewer","Dash","Dagger Throw+1"],"picked":"SKIP","floor":24},{"not_picked":["Poisoned Stab","Flechettes+1","Calculated Gamble"],"picked":"SKIP","floor":25},{"not_picked":["Eviscerate","Poisoned Stab","Flying Knee"],"picked":"SKIP","floor":25},{"not_picked":["Venomology","Envenom"],"picked":"Corpse Explosion","floor":33},{"not_picked":[],"picked":"Caltrops+1","floor":35},{"not_picked":["Heel Hook"],"picked":"SKIP","floor":35},{"not_picked":[],"picked":"Acrobatics+1","floor":36},{"not_picked":["Dagger Spray"],"picked":"SKIP","floor":36},{"not_picked":["Masterful Stab"],"picked":"SKIP","floor":41},{"not_picked":["Dodge and Roll"],"picked":"SKIP","floor":41},{"not_picked":[],"picked":"Noxious Fumes+1","floor":46},{"not_picked":["Quick Slash+1"],"picked":"SKIP","floor":46}],"player_experience":45930,"relics_obtained":[{"floor":8,"key":"Snake Skull"},{"floor":9,"key":"Gremlin Horn"},{"floor":11,"key":"Bottled Tornado"},{"floor":22,"key":"Prayer Wheel"},{"floor":26,"key":"PreservedInsect"},{"floor":28,"key":"Enchiridion"},{"floor":31,"key":"Red Mask"},{"floor":37,"key":"Du-Vu Doll"},{"floor":43,"key":"Anchor"}],"event_choices":[{"cards_removed":["Strike_G"],"damage_healed":0,"gold_gain":0,"player_choice":"Card Removal","damage_taken":0,"max_hp_gain":0,"max_hp_loss":0,"event_name":"The Cleric","floor":14,"gold_loss":50},{"damage_healed":0,"gold_gain":0,"player_choice":"Simplicity","damage_taken":0,"max_hp_gain":0,"max_hp_loss":0,"event_name":"Back to Basics","floor":19,"gold_loss":0,"cards_upgraded":["Defend_G","Defend_G","Defend_G","Defend_G","Defend_G","Strike_G","Strike_G","Strike_G","Strike_G"]},{"damage_healed":0,"gold_gain":0,"player_choice":"Ignored","damage_taken":0,"max_hp_gain":0,"max_hp_loss":0,"event_name":"Vampires","floor":20,"gold_loss":0},{"damage_healed":0,"gold_gain":0,"player_choice":"Obtained Book","damage_taken":16,"max_hp_gain":0,"max_hp_loss":0,"event_name":"Cursed Tome","floor":28,"gold_loss":0},{"damage_healed":0,"gold_gain":0,"player_choice":"Ignored","damage_taken":0,"max_hp_gain":0,"max_hp_loss":0,"event_name":"Ghosts","floor":29,"gold_loss":0},{"damage_healed":0,"gold_gain":0,"player_choice":"Fought Bandits","damage_taken":0,"max_hp_gain":0,"max_hp_loss":0,"event_name":"Masked Bandits","floor":31,"gold_loss":0},{"damage_healed":0,"gold_gain":0,"player_choice":"Fight","damage_taken":0,"max_hp_gain":0,"max_hp_loss":0,"event_name":"Mysterious Sphere","floor":37,"gold_loss":0},{"damage_healed":0,"gold_gain":0,"player_choice":"Forge","damage_taken":0,"max_hp_gain":0,"max_hp_loss":0,"event_name":"Accursed Blacksmith","floor":38,"gold_loss":0,"cards_upgraded":["Corpse Explosion"]},{"damage_healed":0,"gold_gain":222,"player_choice":"Wore Mask","damage_taken":0,"max_hp_gain":0,"max_hp_loss":0,"event_name":"Tomb of Lord Red Mask","floor":45,"gold_loss":0},{"damage_healed":0,"gold_gain":0,"player_choice":"Upgraded","damage_taken":0,"max_hp_gain":0,"max_hp_loss":0,"event_name":"Upgrade Shrine","floor":48,"gold_loss":0,"cards_upgraded":["Flying Knee"]}],"is_beta":false,"boss_relics":[{"not_picked":["HoveringKite","Black Star"],"picked":"Eternal Feather"},{"not_picked":["Calling Bell","Snecko Eye"],"picked":"Busted Crown"}],"items_purged_floors":[39],"is_endless":false,"potions_floor_spawned":[3,4,8,12,21,24,31,41],"ascension_level":0}