{"gold_per_floor":[117,132,143,93,93,121,121,121,146,146,176,351,379,59,59,59],"floor_reached":16,"playtime":920,"items_purged":["Doubt"],"score":191,"play_id":"4ea563ec-9dc0-4835-b166-68d70b094400","local_time":"20190116131924","is_ascension_mode":true,"campfire_choices":[{"data":"Whirlwind","floor":8,"key":"SMITH"},{"floor":10,"key":"REST"},{"floor":15,"key":"REST"}],"neow_cost":"PERCENT_DAMAGE","seed_source_timestamp":502890604415803,"circlet_count":0,"master_deck":["AscendersBane","Strike_R","Strike_R","Strike_R","Strike_R","Defend_R","Defend_R","Defend_R","Bash","PanicButton","Deep Breath","Whirlwind+1","Shrug It Off","Panacea"],"relics":["Burning Blood","Juzu Bracelet","Bronze Scales","Charon\u0027s Ashes","Sundial","PreservedInsect"],"potions_floor_usage":[13],"damage_taken":[{"damage":0,"enemies":"2 Louse","floor":1,"turns":4},{"damage":0,"enemies":"Jaw Worm","floor":2,"turns":3},{"damage":11,"enemies":"Cultist","floor":3,"turns":4},{"damage":30,"enemies":"3 Sentries","floor":6,"turns":7},{"damage":20,"enemies":"Lagavulin","floor":11,"turns":6},{"damage":32,"enemies":"Gremlin Nob","floor":13,"turns":4},{"damage":37,"enemies":"The Guardian","floor":16,"turns":10}],"seed_played":"2900784761183926917","potions_obtained":[{"floor":6,"key":"Poison Potion"},{"floor":13,"key":"Ancient Potion"}],"is_trial":false,"path_per_floor":["M","M","M","?","$","E","?","R","T","R","E","?","E","$","R","B"],"character_chosen":"IRONCLAD","items_purchased":["PreservedInsect","Panacea"],"campfire_rested":2,"item_purchase_floors":[14,14],"current_hp_per_floor":[57,63,58,58,58,34,27,27,27,51,37,37,11,11,35,0],"gold":59,"neow_bonus":"RANDOM_COLORLESS_2","is_prod":false,"is_daily":false,"chose_seed":false,"campfire_upgraded":1,"win_rate":0,"timestamp":1547673564,"path_taken":["M","M","M","?","$","E","?","R","T","R","E","?","E","?","R","BOSS"],"build_version":"2019-01-10","purchased_purges":1,"victory":false,"max_hp_per_floor":[80,80,80,80,80,80,80,80,80,80,80,80,80,80,80,80],"card_choices":[{"not_picked":["Perfected Strike","Pommel Strike","Heavy Blade"],"picked":"SKIP","floor":1},{"not_picked":["Headbutt","Corruption"],"picked":"Whirlwind","floor":2},{"not_picked":["Headbutt","Evolve","Anger"],"picked":"SKIP","floor":3},{"not_picked":["Fiend Fire","Perfected Strike","Burning Pact"],"picked":"SKIP","floor":6},{"not_picked":["Perfected Strike","Hemokinesis","Headbutt"],"picked":"SKIP","floor":11},{"not_picked":["True Grit","Evolve"],"picked":"Shrug It Off","floor":13}],"player_experience":350295,"relics_obtained":[{"floor":6,"key":"Juzu Bracelet"},{"floor":9,"key":"Bronze Scales"},{"floor":11,"key":"Charon\u0027s Ashes"},{"floor":13,"key":"Sundial"}],"event_choices":[{"cards_removed":["Strike_R"],"damage_healed":0,"gold_gain":0,"player_choice":"Card Removal","damage_taken":0,"max_hp_gain":0,"max_hp_loss":0,"event_name":"The Cleric","floor":4,"gold_loss":50},{"cards_removed":["Defend_R"],"damage_healed":0,"gold_gain":0,"player_choice":"Card Removal","damage_taken":7,"max_hp_gain":0,"max_hp_loss":0,"event_name":"Golden Wing","floor":7,"gold_loss":0},{"damage_healed":0,"gold_gain":175,"player_choice":"AGREE","damage_taken":0,"max_hp_gain":0,"max_hp_loss":0,"event_name":"Liars Game","floor":12,"gold_loss":0,"cards_obtained":["Doubt"]}],"is_beta":false,"boss_relics":[],"items_purged_floors":[14],"is_endless":false,"potions_floor_spawned":[6,13],"killed_by":"The Guardian","ascension_level":13}