{"gold_per_floor":[117,77,88,13,33,33,33,33,33,94,94,40,57,57,57,154,154,164,82,82,92,108,108],"floor_reached":23,"playtime":595,"items_purged":["Strike_B"],"score":179,"play_id":"949baeca-8c05-42c6-ad28-a09b75d08146","local_time":"20190103032450","is_ascension_mode":false,"campfire_choices":[{"data":"Strike_B","floor":6,"key":"PURGE"},{"data":"Strike_B","floor":8,"key":"PURGE"},{"data":"Strike_B","floor":11,"key":"PURGE"},{"data":"Regret","floor":15,"key":"PURGE"}],"neow_cost":"PERCENT_DAMAGE","seed_source_timestamp":33143404091109,"circlet_count":0,"master_deck":["Defend_B","Defend_B","Defend_B","Defend_B","Zap","Dualcast","Cold Snap","Reinforced Body","Conserve Battery","Gash","Ball Lightning","Buffer","Capacitor","Decay","Gash","Hologram+1"],"relics":["Cracked Core","Peace Pipe","Letter Opener","Toxic Egg 2","Runic Dome"],"potions_floor_usage":[10,10,10,18,22],"damage_taken":[{"damage":2,"enemies":"Small Slimes","floor":1,"turns":3},{"damage":0,"enemies":"Cultist","floor":3,"turns":3},{"damage":0,"enemies":"2 Louse","floor":5,"turns":3},{"damage":15,"enemies":"Gremlin Nob","floor":10,"turns":5},{"damage":0,"enemies":"Exordium Wildlife","floor":13,"turns":7},{"damage":11,"enemies":"The Guardian","floor":16,"turns":13},{"damage":0,"enemies":"3 Byrds","floor":18,"turns":4},{"damage":10,"enemies":"Spheric Guardian","floor":21,"turns":5},{"damage":20,"enemies":"Chosen and Byrds","floor":22,"turns":7},{"damage":45,"enemies":"Slavers","floor":23,"turns":6}],"seed_played":"-8581573091792299903","potions_obtained":[{"floor":2,"key":"Weak Potion"},{"floor":2,"key":"SkillPotion"},{"floor":2,"key":"FearPotion"},{"floor":16,"key":"Fire Potion"},{"floor":21,"key":"PowerPotion"}],"is_trial":false,"path_per_floor":["M","?","M","$","M","R","?","R","T","?","R","$","M","?","R","B",null,"M","$","?","M","M","E"],"character_chosen":"DEFECT","items_purchased":["Gash","Capacitor"],"campfire_rested":0,"item_purchase_floors":[12,19],"current_hp_per_floor":[52,52,52,52,52,52,52,52,52,37,37,37,37,37,37,26,75,75,75,75,65,45,0],"gold":108,"neow_bonus":"ONE_RARE_RELIC","is_prod":false,"is_daily":false,"chose_seed":false,"campfire_upgraded":0,"win_rate":0,"timestamp":1546485890,"path_taken":["M","?","M","$","?","R","?","R","T","?","R","?","M","?","R","BOSS","M","$","?","M","?","E"],"build_version":"2018-12-20","purchased_purges":1,"victory":false,"max_hp_per_floor":[75,75,75,75,75,75,75,75,75,75,75,75,75,75,75,75,75,75,75,75,75,75,75],"card_choices":[{"not_picked":["Coolheaded","Leap"],"picked":"Cold Snap","floor":1},{"not_picked":["Compile Driver","Doom and Gloom"],"picked":"Reinforced Body","floor":3},{"not_picked":["Blizzard","Barrage"],"picked":"Conserve Battery","floor":5},{"not_picked":["Chaos+1","Capacitor"],"picked":"Ball Lightning","floor":13},{"not_picked":["Turbo+1","Recycle+1","Skim+1"],"picked":"SKIP","floor":18},{"not_picked":["Ball Lightning+1","Sweeping Beam"],"picked":"Gash","floor":21},{"not_picked":["Go for the Eyes","Tempest+1"],"picked":"Hologram+1","floor":22}],"player_experience":341896,"relics_obtained":[{"floor":9,"key":"Letter Opener"},{"floor":10,"key":"Toxic Egg 2"}],"event_choices":[{"damage_healed":0,"gold_gain":0,"player_choice":"Bought 3 Potions","damage_taken":0,"max_hp_gain":0,"max_hp_loss":0,"event_name":"The Woman in Blue","floor":2,"gold_loss":0},{"damage_healed":0,"gold_gain":0,"player_choice":"Ignored","damage_taken":0,"max_hp_gain":0,"max_hp_loss":0,"event_name":"Liars Game","floor":7,"gold_loss":0},{"damage_healed":0,"gold_gain":30,"player_choice":"Searched \u00273\u0027 times","damage_taken":0,"max_hp_gain":0,"max_hp_loss":0,"event_name":"Dead Adventurer","floor":10,"gold_loss":0},{"damage_healed":0,"gold_gain":0,"player_choice":"2 cards matched","damage_taken":0,"max_hp_gain":0,"max_hp_loss":0,"event_name":"Match and Keep!","floor":14,"gold_loss":0,"cards_obtained":["Regret","Buffer"]},{"damage_healed":0,"gold_gain":0,"player_choice":"Cursed","damage_taken":0,"max_hp_gain":0,"max_hp_loss":0,"event_name":"Wheel of Change","floor":20,"gold_loss":0,"cards_obtained":["Decay"]}],"is_beta":false,"boss_relics":[{"not_picked":["Lizard Tail","Cursed Key"],"picked":"Runic Dome"}],"items_purged_floors":[4],"is_endless":false,"potions_floor_spawned":[5,16,21],"killed_by":"Slavers","ascension_level":0}