{"gold_per_floor":[10,24,24,38,0,0,21,21,97,111,111,134,134,59,59,184,184,203,216,81,81,97,97,115,30,30,49,74,50,50,74,74,202,202,227,227,102,0,13,13,13,33,33,51,69,83,83,104,104,104],"floor_reached":51,"playtime":4983,"items_purged":["Strike_R","Strike_R","Strike_R"],"score":620,"play_id":"322e510e-b323-4d24-af72-8008ffadfaff","local_time":"20181230113337","is_ascension_mode":false,"campfire_choices":[{"data":"Body Slam","floor":6.0,"key":"SMITH"},{"data":"Shrug It Off","floor":11.0,"key":"SMITH"},{"data":"Pommel Strike","floor":13.0,"key":"SMITH"},{"data":"Bash","floor":15.0,"key":"SMITH"},{"floor":23.0,"key":"REST"},{"data":"True Grit","floor":30.0,"key":"SMITH"},{"data":"Disarm","floor":32.0,"key":"SMITH"},{"data":"Impervious","floor":40,"key":"SMITH"},{"floor":47,"key":"REST"},{"floor":49,"key":"REST"}],"neow_cost":"NO_GOLD","seed_source_timestamp":0,"circlet_count":0,"master_deck":["Strike_R","Strike_R","Defend_R","Defend_R","Defend_R","Defend_R","Bash+1","Pommel Strike+1","Whirlwind+1","Body Slam+1","Shrug It Off+1","Impervious+1","Shrug It Off","Inflame+1","Ghostly Armor+1","True Grit+1","Disarm+1","Flex+1","Pommel Strike+1","Spot Weakness+1"],"special_seed":0,"relics":["Burning Blood","StoneCalendar","Golden Idol","Matryoshka","Runic Pyramid","Enchiridion","Oddly Smooth Stone","Bag of Preparation","FossilizedHelix","Velvet Choker","Red Mask","Potion Belt","Sundial"],"potions_floor_usage":[50,50,50,50],"damage_taken":[{"damage":3.0,"enemies":"2 Louse","floor":1.0,"turns":3.0},{"damage":1.0,"enemies":"Cultist","floor":2.0,"turns":3.0},{"damage":1.0,"enemies":"Jaw Worm","floor":4.0,"turns":5.0},{"damage":17.0,"enemies":"Looter","floor":7.0,"turns":4.0},{"damage":6.0,"enemies":"Exordium Wildlife","floor":10.0,"turns":3.0},{"damage":0.0,"enemies":"Gremlin Gang","floor":12.0,"turns":2.0},{"damage":49.0,"enemies":"The Guardian","floor":16.0,"turns":14.0},{"damage":23.0,"enemies":"3 Byrds","floor":18.0,"turns":6.0},{"damage":10.0,"enemies":"2 Thieves","floor":19.0,"turns":4.0},{"damage":27.0,"enemies":"Sentry and Sphere","floor":22.0,"turns":7.0},{"damage":12.0,"enemies":"Centurion and Healer","floor":24.0,"turns":4.0},{"damage":0.0,"enemies":"Snake Plant","floor":27.0,"turns":5.0},{"damage":0.0,"enemies":"3 Cultists","floor":28.0,"turns":6.0},{"damage":0.0,"enemies":"Centurion and Healer","floor":31.0,"turns":4.0},{"damage":28.0,"enemies":"Champ","floor":33.0,"turns":13.0},{"damage":3,"enemies":"3 Shapes","floor":35,"turns":5},{"damage":0,"enemies":"3 Darklings","floor":39,"turns":4},{"damage":0,"enemies":"Maw","floor":42,"turns":7},{"damage":34,"enemies":"Transient","floor":44,"turns":5},{"damage":0,"enemies":"Jaw Worm Horde","floor":45,"turns":4},{"damage":15,"enemies":"4 Shapes","floor":46,"turns":3},{"damage":33,"enemies":"Transient","floor":48,"turns":5},{"damage":4,"enemies":"Time Eater","floor":50,"turns":9}],"seed_played":"-2562586015654394407","potions_obtained":[{"floor":2.0,"key":"SpeedPotion"},{"floor":7.0,"key":"Block Potion"},{"floor":12.0,"key":"PowerPotion"},{"floor":22.0,"key":"SteroidPotion"},{"floor":33.0,"key":"LiquidBronze"},{"floor":42,"key":"Ancient Potion"},{"floor":44,"key":"SteroidPotion"},{"floor":48,"key":"Poison Potion"}],"is_trial":false,"path_per_floor":["M","M","?","M","?","R","M","?","T","M","R","M","R","$","R","B",null,"M","M","$","?","M","R","M","?","T","M","M","$","R","M","R","B",null,"M","?","$","?","M","R","?","M","T","M","M","M","R","M","R","B",null],"character_chosen":"IRONCLAD","items_purchased":["Inflame","True Grit"],"campfire_rested":3,"item_purchase_floors":[20,29],"current_hp_per_floor":[80,80,60,65,65,65,54,54,54,54,54,60,60,60,60,17,80,63,59,59,43,22,46,40,40,40,46,52,52,52,58,58,36,80,80,76,76,76,76,76,76,76,76,48,54,45,67,40,62,64],"gold":104,"neow_bonus":"ONE_RARE_RELIC","is_prod":false,"is_daily":false,"chose_seed":false,"campfire_upgraded":7,"win_rate":0,"timestamp":1546198417,"path_taken":["M","M","?","M","?","R","M","?","T","?","R","M","R","$","R","BOSS","M","M","$","?","M","R","M","?","T","M","M","$","R","M","R","BOSS","M","?","$","?","M","R","?","?","T","M","M","?","R","M","R","BOSS"],"build_version":"2018-12-20","purchased_purges":3,"victory":true,"max_hp_per_floor":[80,80,80,80,80,80,80,80,80,80,80,80,80,80,80,80,80,80,80,80,80,80,80,80,80,80,80,80,80,80,80,80,80,80,80,76,76,76,76,76,76,76,76,76,76,76,76,76,76,76],"card_choices":[{"not_picked":["Wild Strike","Sever Soul"],"picked":"Pommel Strike","floor":1.0},{"not_picked":["Iron Wave","Shrug It Off"],"picked":"Whirlwind","floor":2.0},{"not_picked":["Rupture","Armaments"],"picked":"Body Slam","floor":4.0},{"not_picked":["Iron Wave","Corruption","Heavy Blade"],"picked":"SKIP","floor":7.0},{"not_picked":["Clothesline","Reaper"],"picked":"Shrug It Off","floor":10.0},{"not_picked":["Reckless Charge","Clash","Rupture"],"picked":"SKIP","floor":12.0},{"not_picked":["Fiend Fire","Dark Embrace"],"picked":"Impervious","floor":16.0},{"not_picked":["Iron Wave","Sword Boomerang","Headbutt+1"],"picked":"SKIP","floor":18.0},{"not_picked":["Twin Strike+1","Flex+1"],"picked":"Shrug It Off","floor":19.0},{"not_picked":["Iron Wave","Sword Boomerang+1","Immolate"],"picked":"SKIP","floor":22.0},{"not_picked":["Body Slam","Thunderclap+1"],"picked":"Ghostly Armor+1","floor":24.0},{"not_picked":["Clothesline+1","Pommel Strike","Searing Blow"],"picked":"SKIP","floor":27.0},{"not_picked":["Burning Pact","Rupture","Immolate"],"picked":"SKIP","floor":28.0},{"not_picked":["Burning Pact","Rupture","Immolate"],"picked":"SKIP","floor":28.0},{"not_picked":["Inflame","Flame Barrier"],"picked":"Disarm","floor":31.0},{"not_picked":["Battle Trance","Uppercut+1","Clothesline"],"picked":"SKIP","floor":35},{"not_picked":["Iron Wave+1","Perfected Strike+1","Dual Wield+1"],"picked":"SKIP","floor":39},{"not_picked":["Shrug It Off","Pommel Strike"],"picked":"Flex+1","floor":42},{"not_picked":["Clash","Second Wind"],"picked":"Pommel Strike+1","floor":44},{"not_picked":["Fire Breathing+1","Combust","Body Slam"],"picked":"SKIP","floor":45},{"not_picked":["Warcry","Uppercut+1"],"picked":"Spot Weakness+1","floor":46},{"not_picked":["Burning Pact+1","Body Slam","Uppercut+1"],"picked":"SKIP","floor":48}],"player_experience":25203,"relics_obtained":[{"floor":9.0,"key":"Matryoshka"},{"floor":21.0,"key":"Enchiridion"},{"floor":26.0,"key":"Bag of Preparation"},{"floor":26.0,"key":"FossilizedHelix"},{"floor":43,"key":"Potion Belt"},{"floor":43,"key":"Sundial"}],"event_choices":[{"damage_healed":0.0,"max_hp_gain":0.0,"max_hp_loss":0.0,"gold_gain":0.0,"event_name":"Golden Idol","player_choice":"Take Damage","floor":3.0,"gold_loss":0.0,"damage_taken":20.0,"relics_obtained":["Golden Idol"]},{"damage_healed":0.0,"max_hp_gain":0.0,"max_hp_loss":0.0,"gold_gain":0.0,"event_name":"World of Goop","player_choice":"Left Gold","floor":5.0,"gold_loss":38.0,"damage_taken":0.0},{"damage_healed":0.0,"max_hp_gain":0.0,"max_hp_loss":0.0,"gold_gain":0.0,"event_name":"Upgrade Shrine","player_choice":"Upgraded","floor":8.0,"gold_loss":0.0,"damage_taken":0.0,"cards_upgraded":["Whirlwind"]},{"damage_healed":0.0,"max_hp_gain":0.0,"max_hp_loss":0.0,"gold_gain":0.0,"event_name":"Cursed Tome","player_choice":"Obtained Book","floor":21.0,"gold_loss":0.0,"damage_taken":16.0},{"damage_healed":0.0,"max_hp_gain":0.0,"max_hp_loss":0.0,"gold_gain":0.0,"event_name":"Addict","player_choice":"Obtained Relic","floor":25.0,"gold_loss":85.0,"damage_taken":0.0,"relics_obtained":["Oddly Smooth Stone"]},{"damage_healed":0,"gold_gain":0,"player_choice":"Max HP","damage_taken":0,"max_hp_gain":0,"max_hp_loss":4,"event_name":"Winding Halls","floor":36,"gold_loss":0},{"damage_healed":0,"gold_gain":0,"player_choice":"Paid","damage_taken":0,"relics_obtained":["Red Mask"],"max_hp_gain":0,"max_hp_loss":0,"event_name":"Tomb of Lord Red Mask","floor":38,"gold_loss":102},{"damage_healed":0,"gold_gain":0,"player_choice":"Forge","damage_taken":0,"max_hp_gain":0,"max_hp_loss":0,"event_name":"Accursed Blacksmith","floor":41,"gold_loss":0,"cards_upgraded":["Inflame"]}],"is_beta":false,"boss_relics":[{"not_picked":["Fusion Hammer","Cursed Key"],"picked":"Runic Pyramid"},{"not_picked":["Coffee Dripper","Black Star"],"picked":"Velvet Choker"}],"items_purged_floors":[14,20,37],"is_endless":false,"potions_floor_spawned":[2,7,12,16,22,28,33,42,44,48],"ascension_level":0}