{"gold_per_floor":[119,136,136,153,41,41,53,53,53,78,78,78,98,112,112,216,216,234,249,249,263,280,280,140,140,164,164,79,79,99,119,119,223,223,242,262,46,63,113,113,113,113,113,113,129,129,129,146,146,146],"floor_reached":50,"playtime":7806,"items_purged":["Strike_B","Strike_B","Defend_B"],"score":444,"play_id":"7f74c1b5-3c70-4419-863e-c7e12c554f73","local_time":"20190127212714","is_ascension_mode":false,"campfire_choices":[{"floor":6,"key":"REST"},{"data":"Creative AI","floor":8,"key":"SMITH"},{"floor":12,"key":"REST"},{"data":"Fusion","floor":15,"key":"SMITH"},{"floor":23,"key":"REST"},{"floor":27,"key":"REST"},{"data":"Self Repair","floor":29,"key":"SMITH"},{"data":"Barrage","floor":32,"key":"SMITH"},{"floor":40,"key":"REST"},{"data":"Go for the Eyes","floor":42,"key":"SMITH"},{"floor":47,"key":"REST"},{"floor":49,"key":"REST"}],"neow_cost":"NONE","seed_source_timestamp":512481426533190,"circlet_count":0,"master_deck":["Strike_B","Strike_B+1","Defend_B","Defend_B","Zap+1","Dualcast+1","Creative AI+1","Compile Driver+1","Barrage+1","Sweeping Beam","Self Repair+1","Go for the Eyes+1","Fusion+1","Turbo","Ball Lightning","Creative AI+1","Chill+1","Doom and Gloom+1","Stack","Hello World+1","Rip and Tear+1","Hello World+1","Cold Snap","Self Repair+1","Parasite","BootSequence+1","Gash+1","Cold Snap"],"relics":["Cracked Core","Mummified Hand","Oddly Smooth Stone","Frozen Egg 2","Philosopher\u0027s Stone","Orichalcum","War Paint","Busted Crown","Nunchaku","Smiling Mask"],"potions_floor_usage":[16,16,20,21,22,39,50,50],"damage_taken":[{"damage":4,"enemies":"2 Louse","floor":1,"turns":3},{"damage":13,"enemies":"Jaw Worm","floor":2,"turns":4},{"damage":1,"enemies":"Cultist","floor":4,"turns":3},{"damage":11,"enemies":"3 Louse","floor":7,"turns":3},{"damage":26,"enemies":"3 Sentries","floor":10,"turns":6},{"damage":10,"enemies":"Looter","floor":13,"turns":3},{"damage":3,"enemies":"2 Fungi Beasts","floor":14,"turns":2},{"damage":10,"enemies":"Hexaghost","floor":16,"turns":9},{"damage":36,"enemies":"3 Byrds","floor":18,"turns":4},{"damage":14,"enemies":"Shell Parasite","floor":19,"turns":5},{"damage":0,"enemies":"Colosseum Slavers","floor":20,"turns":3},{"damage":19,"enemies":"Cultist and Chosen","floor":21,"turns":5},{"damage":14,"enemies":"Shelled Parasite and Fungi","floor":22,"turns":5},{"damage":8,"enemies":"Centurion and Healer","floor":30,"turns":67},{"damage":12,"enemies":"Chosen and Byrds","floor":31,"turns":3},{"damage":45,"enemies":"Champ","floor":33,"turns":11},{"damage":24,"enemies":"3 Darklings","floor":35,"turns":7},{"damage":19,"enemies":"3 Shapes","floor":36,"turns":4},{"damage":9,"enemies":"Writhing Mass","floor":38,"turns":9},{"damage":51,"enemies":"2 Orb Walkers","floor":39,"turns":5},{"damage":27,"enemies":"Spire Growth","floor":45,"turns":5},{"damage":24,"enemies":"Transient","floor":48,"turns":5},{"damage":88,"enemies":"Awakened One","floor":50,"turns":7}],"seed_played":"8837637320225091033","potions_obtained":[{"floor":1,"key":"Dexterity Potion"},{"floor":7,"key":"SpeedPotion"},{"floor":10,"key":"Fire Potion"},{"floor":13,"key":"Block Potion"},{"floor":18,"key":"Ancient Potion"},{"floor":21,"key":"AttackPotion"},{"floor":30,"key":"AttackPotion"},{"floor":35,"key":"Dexterity Potion"},{"floor":39,"key":"LiquidBronze"},{"floor":45,"key":"SteroidPotion"}],"is_trial":false,"path_per_floor":["M","M","?","M","$","R","M","R","T","E","T","R","M","M","R","B",null,"M","M","?","M","M","R","$","?","T","R","?","R","M","M","R","B",null,"M","M","$","M","?","R","?","R","T","?","M","?","R","M","R","B"],"character_chosen":"DEFECT","items_purchased":["Self Repair","Hello World+1","Cold Snap","Self Repair+1"],"campfire_rested":7,"item_purchase_floors":[5,24,37,37],"current_hp_per_floor":[71,58,43,42,42,64,60,60,60,41,41,63,60,57,57,54,75,46,39,46,34,27,49,49,49,49,71,71,71,73,71,71,36,75,61,52,52,63,32,54,54,54,54,54,47,47,69,65,75,0],"gold":146,"neow_bonus":"ONE_RANDOM_RARE_CARD","is_prod":false,"is_daily":false,"chose_seed":false,"campfire_upgraded":5,"win_rate":0,"timestamp":1548653234,"path_taken":["M","M","?","M","$","R","M","R","T","E","?","R","?","M","R","BOSS","M","M","?","M","M","R","$","?","T","R","?","R","M","M","R","BOSS","M","M","$","M","?","R","?","R","T","?","M","?","R","?","R","BOSS"],"build_version":"2019-01-23","purchased_purges":3,"victory":false,"max_hp_per_floor":[75,75,75,75,75,75,75,75,75,75,75,75,75,75,75,75,75,75,75,75,75,75,75,75,75,75,75,75,75,75,75,75,75,75,75,75,75,75,75,75,75,75,75,75,75,75,75,75,75,75],"card_choices":[{"not_picked":["Force Field","Streamline"],"picked":"Compile Driver","floor":1},{"not_picked":["FTL","Rebound"],"picked":"Barrage","floor":2},{"not_picked":["Tempest","Conserve Battery"],"picked":"Sweeping Beam","floor":4},{"not_picked":["Self Repair","Leap"],"picked":"Go for the Eyes","floor":7},{"not_picked":["FTL","Biased Cognition"],"picked":"Fusion","floor":10},{"not_picked":["Compile Driver","Go for the Eyes"],"picked":"Turbo","floor":13},{"not_picked":["Tempest","Compile Driver"],"picked":"Ball Lightning","floor":14},{"not_picked":["Seek","Fission"],"picked":"Creative AI+1","floor":16},{"not_picked":["Heatsinks+1","Melter"],"picked":"Chill+1","floor":18},{"not_picked":["Barrage","Compile Driver+1"],"picked":"Doom and Gloom+1","floor":19},{"not_picked":["Ball Lightning","Streamline","Redo"],"picked":"SKIP","floor":21},{"not_picked":["Sweeping Beam","Turbo+1"],"picked":"Stack","floor":22},{"not_picked":["Redo","Gash"],"picked":"Rip and Tear+1","floor":30},{"not_picked":["Lockon","Go for the Eyes"],"picked":"Hello World+1","floor":31},{"not_picked":["Steam+1"],"picked":"SKIP","floor":35},{"not_picked":["Hologram+1"],"picked":"SKIP","floor":36},{"not_picked":[],"picked":"BootSequence","floor":38},{"not_picked":[],"picked":"Gash+1","floor":45},{"not_picked":[],"picked":"Cold Snap","floor":48}],"player_experience":334249,"relics_obtained":[{"floor":9,"key":"Mummified Hand"},{"floor":10,"key":"Oddly Smooth Stone"},{"floor":11,"key":"Frozen Egg 2"},{"floor":26,"key":"Orichalcum"},{"floor":39,"key":"Nunchaku"},{"floor":43,"key":"Smiling Mask"}],"event_choices":[{"damage_healed":0,"gold_gain":0,"player_choice":"Entered Light","damage_taken":15,"max_hp_gain":0,"max_hp_loss":0,"event_name":"Shining Light","floor":3,"gold_loss":0,"cards_upgraded":["Strike_B","Compile Driver"]},{"damage_healed":0,"gold_gain":0,"player_choice":"Fight","damage_taken":0,"max_hp_gain":0,"max_hp_loss":0,"event_name":"Colosseum","floor":20,"gold_loss":0},{"damage_healed":0,"gold_gain":0,"player_choice":"Fled From Nobs","damage_taken":0,"max_hp_gain":0,"max_hp_loss":0,"event_name":"Colosseum","floor":20,"gold_loss":0},{"damage_healed":0,"gold_gain":0,"player_choice":"Ignored","damage_taken":0,"max_hp_gain":0,"max_hp_loss":0,"event_name":"The Mausoleum","floor":25,"gold_loss":0},{"damage_healed":0,"gold_gain":0,"player_choice":"Obtained Relic","damage_taken":0,"relics_obtained":["War Paint"],"max_hp_gain":0,"max_hp_loss":0,"event_name":"Addict","floor":28,"gold_loss":85},{"damage_healed":0,"gold_gain":0,"player_choice":"Fight","damage_taken":0,"max_hp_gain":0,"max_hp_loss":0,"event_name":"Mysterious Sphere","floor":39,"gold_loss":0},{"cards_removed":["Defend_B"],"damage_healed":0,"gold_gain":0,"player_choice":"Removed Skill","damage_taken":0,"max_hp_gain":0,"max_hp_loss":0,"event_name":"Falling","floor":41,"gold_loss":0},{"damage_healed":0,"gold_gain":0,"player_choice":"Memory 1","damage_taken":0,"max_hp_gain":0,"max_hp_loss":0,"event_name":"SensoryStone","floor":44,"gold_loss":0},{"damage_healed":0,"gold_gain":0,"player_choice":"Upgraded","damage_taken":0,"max_hp_gain":0,"max_hp_loss":0,"event_name":"Upgrade Shrine","floor":46,"gold_loss":0,"cards_upgraded":["BootSequence"]}],"is_beta":false,"boss_relics":[{"not_picked":["Black Star","Empty Cage"],"picked":"Philosopher\u0027s Stone"},{"not_picked":["Runic Dome","Eternal Feather"],"picked":"Busted Crown"}],"items_purged_floors":[5,24,37],"is_endless":false,"potions_floor_spawned":[1,7,10,13,18,21,30,35,39,45],"killed_by":"Awakened One","ascension_level":0}