{"gold_per_floor":[13,24,44,54,54,81,81,108,157,35,60,60,91,111,111,211,211,231,251,261,261,272,305,305,220,220,251,263,288,300,312,324,440,452,481,511,523,546,6,6,6,6],"floor_reached":42,"playtime":3972,"items_purged":["Defend_B","Decay"],"score":509,"play_id":"eb1f2634-5566-41ae-bf5e-d31fb6310e6e","local_time":"20180822001040","is_ascension_mode":true,"campfire_choices":[{"data":"Fusion","floor":7,"key":"SMITH"},{"floor":12,"key":"REST"},{"data":"Doom and Gloom","floor":15,"key":"SMITH"},{"data":"Reinforced Body","floor":24,"key":"SMITH"},{"data":"Defragment","floor":30,"key":"SMITH"},{"data":"Glacier","floor":32,"key":"SMITH"},{"data":"Self Repair","floor":40,"key":"SMITH"}],"neow_cost":"NO_GOLD","seed_source_timestamp":1382263877940141,"circlet_count":0,"master_deck":["Strike_B","Strike_B","Strike_B","Strike_B","Defend_B","Defend_B","Defend_B","Zap","Dualcast","Reinforced Body+1","Glacier","Doom and Gloom+1","Fusion+1","Chaos","Cold Snap+1","Glacier+1","Streamline+1","Ball Lightning+1","All For One+1","Coolheaded","Redo","Melter+1","Conserve Battery","Conserve Battery","Defragment+1","Tempest+1","Fission","Redo+1","Conserve Battery+1","Ball Lightning+1","Self Repair+1","Doom and Gloom+1"],"relics":["Cracked Core","Girya","Du-Vu Doll","Molten Egg 2","Ancient Tea Set","Odd Mushroom","Potion Belt","Coffee Dripper","DataDisk","Art of War","MawBank","Cursed Key","Meat on the Bone"],"potions_floor_usage":[8,11,16,16,27,29,29,33,42,42,42],"damage_taken":[{"damage":4,"enemies":"2 Louse","floor":1,"turns":3},{"damage":2,"enemies":"Jaw Worm","floor":2,"turns":4},{"damage":3,"enemies":"Small Slimes","floor":3,"turns":5},{"damage":0,"enemies":"Blue Slaver","floor":4,"turns":5},{"damage":11,"enemies":"3 Sentries","floor":6,"turns":9},{"damage":20,"enemies":"Gremlin Nob","floor":8,"turns":4},{"damage":8,"floor":11,"turns":4},{"damage":0,"enemies":"3 Sentries","floor":13,"turns":7},{"damage":5,"enemies":"Exordium Wildlife","floor":14,"turns":3},{"damage":43,"enemies":"Slime Boss","floor":16,"turns":13},{"damage":7,"enemies":"Chosen","floor":18,"turns":4},{"damage":0,"enemies":"3 Byrds","floor":19,"turns":5},{"damage":21,"enemies":"Shelled Parasite and Fungi","floor":20,"turns":5},{"damage":4,"enemies":"Centurion and Healer","floor":22,"turns":6},{"damage":45,"enemies":"Slavers","floor":23,"turns":5},{"damage":11,"enemies":"Snecko","floor":27,"turns":3},{"damage":5,"enemies":"Shelled Parasite and Fungi","floor":29,"turns":6},{"damage":27,"enemies":"Collector","floor":33,"turns":8},{"damage":31,"enemies":"3 Darklings","floor":35,"turns":8},{"damage":11,"enemies":"Orb Walker","floor":36,"turns":3},{"damage":35,"enemies":"Spire Growth","floor":38,"turns":6},{"damage":3,"enemies":"Awakened One","floor":42,"turns":2}],"seed_played":"-6137617476186084137","potions_obtained":[{"floor":1,"key":"Energy Potion"},{"floor":3,"key":"FairyPotion"},{"floor":6,"key":"AttackPotion"},{"floor":8,"key":"FocusPotion"},{"floor":13,"key":"Weak Potion"},{"floor":16,"key":"GamblersBrew"},{"floor":18,"key":"Explosive Potion"},{"floor":20,"key":"Dexterity Potion"},{"floor":23,"key":"PowerPotion"},{"floor":36,"key":"Explosive Potion"},{"floor":38,"key":"Swift Potion"}],"is_trial":false,"path_per_floor":["M","M","M","M","?","E","R","E","T","$","?","R","E","M","R","B",null,"M","M","M","?","M","E","R","?","T","M","$","M","R","?","R","B",null,"M","M","$","M","$","R","?"],"character_chosen":"DEFECT","items_purchased":["Cold Snap+1","Meat on the Bone","Self Repair","GamblersBrew","Doom and Gloom+1"],"campfire_rested":1,"item_purchase_floors":[10,39,39,39,39],"current_hp_per_floor":[71,69,66,66,71,60,60,40,40,40,32,56,56,51,51,8,80,73,73,52,52,48,3,3,3,3,8,8,3,3,29,29,2,80,49,38,38,3,3,3,3,0],"gold":6,"neow_bonus":"ONE_RARE_RELIC","is_prod":false,"is_daily":false,"chose_seed":false,"campfire_upgraded":6,"win_rate":0,"timestamp":1534914640,"path_taken":["M","M","M","M","?","E","R","E","T","$","?","R","E","M","R","BOSS","M","?","M","?","M","E","R","?","T","M","$","M","R","?","R","BOSS","M","M","$","M","$","R","?","BOSS"],"build_version":"2018-08-16","purchased_purges":2,"victory":false,"max_hp_per_floor":[75,75,75,75,80,80,80,80,80,80,80,80,80,80,80,80,80,80,80,80,80,80,80,80,80,80,80,80,80,80,80,80,80,80,80,80,80,80,80,80,80,80],"card_choices":[{"not_picked":["Lockon","Barrage"],"picked":"Reinforced Body","floor":1},{"not_picked":["Undo","Recycle"],"picked":"Glacier","floor":2},{"not_picked":["Compile Driver","Sunder"],"picked":"Doom and Gloom","floor":3},{"not_picked":["Stack","Conserve Battery"],"picked":"Fusion","floor":4},{"not_picked":["Cold Snap","Sweeping Beam"],"picked":"Chaos","floor":6},{"not_picked":["Undo","Blizzard","Aggregate"],"picked":"SKIP","floor":8},{"not_picked":["Echo Form","Barrage+1"],"picked":"Glacier","floor":11},{"not_picked":["BootSequence","Go for the Eyes+1"],"picked":"Streamline+1","floor":13},{"not_picked":["Rebound+1","Leap"],"picked":"Ball Lightning+1","floor":14},{"not_picked":["Hyperbeam+1","Thunder Strike+1"],"picked":"All For One+1","floor":16},{"not_picked":["Reprogram","Rip and Tear+1"],"picked":"Coolheaded","floor":18},{"not_picked":["Rebound+1","Heatsinks"],"picked":"Redo","floor":19},{"not_picked":["Gash+1","Go for the Eyes+1"],"picked":"Melter+1","floor":20},{"not_picked":["Heatsinks+1","Turbo"],"picked":"Conserve Battery","floor":22},{"not_picked":["Go for the Eyes+1","Ball Lightning+1"],"picked":"Conserve Battery","floor":23},{"not_picked":["Stack+1","Beam Cell+1"],"picked":"Defragment","floor":27},{"not_picked":["Gash+1","Recycle"],"picked":"Tempest+1","floor":29},{"not_picked":["Thunder Strike+1","Meteor Strike+1"],"picked":"Fission","floor":33},{"not_picked":["Beam Cell+1","Loop+1"],"picked":"Redo+1","floor":35},{"not_picked":["Ball Lightning+1","Darkness+1"],"picked":"Conserve Battery+1","floor":36},{"not_picked":["Blizzard+1","Hologram"],"picked":"Ball Lightning+1","floor":38}],"player_experience":191487,"relics_obtained":[{"floor":6,"key":"Du-Vu Doll"},{"floor":8,"key":"Molten Egg 2"},{"floor":9,"key":"Ancient Tea Set"},{"floor":11,"key":"Odd Mushroom"},{"floor":13,"key":"Potion Belt"},{"floor":23,"key":"DataDisk"},{"floor":26,"key":"MawBank"}],"event_choices":[{"event_name":"Big Fish","player_choice":"Donut","floor":5,"damage_taken":0},{"event_name":"Mushrooms","player_choice":"Fought Mushrooms","floor":11,"damage_taken":0},{"event_name":"Forgotten Altar","player_choice":"Smashed Altar","floor":21,"damage_taken":0},{"event_name":"Addict","player_choice":"Obtained Relic","floor":25,"damage_taken":0},{"event_name":"The Library","player_choice":"Heal","floor":31,"damage_taken":0},{"event_name":"SecretPortal","player_choice":"Took Portal.","floor":41,"damage_taken":0}],"is_beta":false,"boss_relics":[{"not_picked":["Orrery","Empty Cage"],"picked":"Coffee Dripper"},{"not_picked":["White Beast Statue","Nuclear Battery"],"picked":"Cursed Key"}],"items_purged_floors":[10,39],"is_endless":false,"potions_floor_spawned":[1,3,6,8,13,16,18,20,23,36,38],"killed_by":"Awakened One","ascension_level":2}