{"gold_per_floor":[117,132,132,147,97,128,151,151,151,142,142,57,57,96,96,221,221,235,259,259,259,277,321,321,339,339,339,339,339,339,16,16,136,136,159,159,220,152,175,175,508,508,508,508,525,538,86,114,114,114,114,114,79,114,114],"floor_reached":55,"playtime":6596,"items_purged":["Strike_G","Strike_G"],"score":812,"play_id":"572c733a-1700-48f6-a18f-f1064137fe25","local_time":"20181204041106","is_ascension_mode":true,"campfire_choices":[{"data":"Neutralize","floor":11.0,"key":"SMITH"},{"floor":13.0,"key":"REST"},{"data":"Poisoned Stab","floor":15.0,"key":"SMITH"},{"data":"RitualDagger","floor":24,"key":"SMITH"},{"data":"Footwork","floor":29,"key":"SMITH"},{"data":"Terror","floor":32,"key":"SMITH"},{"floor":40,"key":"REST"},{"floor":42,"key":"RECALL"},{"data":"PiercingWail","floor":49,"key":"SMITH"},{"data":"Poisoned Stab","floor":52,"key":"SMITH"}],"neow_cost":"NONE","seed_source_timestamp":0,"circlet_count":0,"master_deck":["Defend_G","Defend_G","Defend_G","Defend_G","Defend_G","Survivor","Neutralize+1","Terror+1","Poisoned Stab+1","PiercingWail+1","Poisoned Stab+1","Acrobatics+1","Flying Knee+1","Dark Shackles+1","Deadly Poison+1","Corpse Explosion+1","Poisoned Stab","Corpse Explosion+1","RitualDagger+1","Dodge and Roll+1","Poisoned Stab+1","Footwork+1","Well Laid Plans+1","Flying Knee","PiercingWail+1","Deflect+1","Catalyst+1","Dodge and Roll+1","Master of Strategy+1","Escape Plan+1","Deflect+1","Well Laid Plans+1"],"special_seed":0,"relics":["Ring of the Snake","Toxic Egg 2","Letter Opener","Busted Crown","Vajra","Paper Crane","Meat on the Bone","Whetstone","Sozu","Calipers","Mercury Hourglass","Snake Skull","Frozen Egg 2","Pen Nib"],"potions_floor_usage":[33],"damage_taken":[{"damage":0.0,"enemies":"Small Slimes","floor":1.0,"turns":3.0},{"damage":0.0,"enemies":"Jaw Worm","floor":2.0,"turns":5.0},{"damage":0.0,"enemies":"2 Louse","floor":4.0,"turns":2.0},{"damage":28.0,"enemies":"3 Sentries","floor":6.0,"turns":12.0},{"damage":0.0,"enemies":"Blue Slaver","floor":7.0,"turns":5.0},{"damage":7.0,"enemies":"Exordium Thugs","floor":10.0,"turns":4.0},{"damage":15.0,"enemies":"Gremlin Nob","floor":14.0,"turns":5.0},{"damage":55.0,"enemies":"Slime Boss","floor":16.0,"turns":16.0},{"damage":0,"enemies":"3 Byrds","floor":18,"turns":2},{"damage":6,"enemies":"Spheric Guardian","floor":19,"turns":4},{"damage":0,"enemies":"Chosen and Byrds","floor":22,"turns":3},{"damage":24,"enemies":"Book of Stabbing","floor":23,"turns":6},{"damage":0,"enemies":"Snake Plant","floor":25,"turns":3},{"damage":26,"enemies":"Champ","floor":33,"turns":9},{"damage":9,"enemies":"3 Shapes","floor":35,"turns":2},{"damage":26,"enemies":"2 Orb Walkers","floor":37,"turns":4},{"damage":0,"enemies":"3 Darklings","floor":39,"turns":3},{"damage":0,"enemies":"Sphere and 2 Shapes","floor":45,"turns":3},{"damage":1,"enemies":"Writhing Mass","floor":46,"turns":4},{"damage":20,"enemies":"Reptomancer","floor":48,"turns":4},{"damage":27,"enemies":"Awakened One","floor":50,"turns":11},{"damage":46,"enemies":"Shield and Spear","floor":54,"turns":4},{"damage":43,"enemies":"The Heart","floor":55,"turns":6}],"seed_played":"3105052881076052290","potions_obtained":[{"floor":2.0,"key":"SteroidPotion"},{"floor":7.0,"key":"Energy Potion"},{"floor":10.0,"key":"Dexterity Potion"},{"floor":25,"key":"PowerPotion"},{"floor":33,"key":"SteroidPotion"}],"is_trial":false,"path_per_floor":["M","M","?","M","?","E","M","?","T","M","R","$","R","E","R","B",null,"M","M","?","?","M","E","R","M","T","?","?","R","T","$","R","B",null,"M","?","?","$","M","R","?","R","T","?","M","M","$","E","R","B",null,"R","$","E","B"],"character_chosen":"THE_SILENT","items_purchased":["Dark Shackles+1","Well Laid Plans","Whetstone","Flying Knee","Catalyst+1","Snake Skull","Master of Strategy+1","Escape Plan+1","Well Laid Plans+1"],"campfire_rested":2,"item_purchase_floors":[12,31,31,31,38,47,47,47,53],"current_hp_per_floor":[77,77,58,58,58,30,30,55,55,48,48,48,71,56,56,1,77,77,71,71,65,65,41,41,41,41,41,41,41,41,41,41,27,77,68,68,42,42,42,65,65,65,65,65,65,64,64,44,44,29,77,77,77,43,0],"gold":114,"neow_bonus":"TEN_PERCENT_HP_BONUS","is_prod":false,"is_daily":false,"chose_seed":false,"campfire_upgraded":7,"win_rate":0,"timestamp":1543925466,"path_taken":["M","M","?","M","?","E","M","?","T","M","R","$","R","E","R","BOSS","M","M","?","?","?","E","R","M","T","?","?","R","?","$","R","BOSS","M","?","?","$","M","R","?","R","T","?","M","?","$","E","R","BOSS","R","$","E","BOSS"],"build_version":"2018-11-15","purchased_purges":2,"victory":false,"max_hp_per_floor":[77,77,77,77,77,77,77,77,77,77,77,77,77,77,77,77,77,77,77,77,77,77,77,77,77,77,77,77,77,77,77,77,77,77,77,77,77,77,77,77,77,77,77,77,77,77,77,77,77,77,77,77,77,77,77],"card_choices":[{"not_picked":["Underhanded Strike","Masterful Stab"],"picked":"Terror","floor":1.0},{"not_picked":["Eviscerate","Choke"],"picked":"Poisoned Stab","floor":2.0},{"not_picked":["Bane","Deflect"],"picked":"PiercingWail","floor":4.0},{"not_picked":["Underhanded Strike","Sucker Punch"],"picked":"Poisoned Stab","floor":6.0},{"not_picked":["Heel Hook","Skewer"],"picked":"Acrobatics+1","floor":7.0},{"not_picked":["Dash","Masterful Stab"],"picked":"Flying Knee","floor":10.0},{"not_picked":["Eviscerate","Dagger Throw"],"picked":"Deadly Poison+1","floor":14.0},{"not_picked":["Doppelganger+1","Phantasmal Killer+1"],"picked":"Corpse Explosion+1","floor":16.0},{"not_picked":[],"picked":"Poisoned Stab","floor":18},{"not_picked":["Endless Agony"],"picked":"SKIP","floor":19},{"not_picked":[],"picked":"Dodge and Roll+1","floor":22},{"not_picked":[],"picked":"Poisoned Stab","floor":23},{"not_picked":[],"picked":"Footwork","floor":25},{"not_picked":[],"picked":"PiercingWail+1","floor":35},{"not_picked":[],"picked":"Deflect+1","floor":37},{"not_picked":["Prepared+1"],"picked":"SKIP","floor":39},{"not_picked":["Heel Hook+1"],"picked":"SKIP","floor":45},{"not_picked":[],"picked":"Dodge and Roll+1","floor":46},{"not_picked":[],"picked":"Deflect+1","floor":48},{"not_picked":["Flechettes"],"picked":"SKIP","floor":54}],"player_experience":59735,"relics_obtained":[{"floor":6.0,"key":"Toxic Egg 2"},{"floor":14.0,"key":"Letter Opener"},{"floor":23,"key":"Vajra"},{"floor":26,"key":"Paper Crane"},{"floor":30,"key":"Meat on the Bone"},{"floor":37,"key":"Calipers"},{"floor":43,"key":"Mercury Hourglass"},{"floor":48,"key":"Frozen Egg 2"},{"floor":54,"key":"Pen Nib"}],"event_choices":[{"damage_healed":0.0,"max_hp_gain":0.0,"max_hp_loss":0.0,"gold_gain":0.0,"event_name":"Golden Idol","player_choice":"Take Damage","floor":3.0,"gold_loss":0.0,"damage_taken":19.0,"relics_obtained":["Golden Idol"]},{"cards_removed":["Strike_G"],"damage_healed":0.0,"max_hp_gain":0.0,"max_hp_loss":0.0,"gold_gain":0.0,"event_name":"The Cleric","player_choice":"Card Removal","floor":5.0,"gold_loss":50.0,"damage_taken":0.0},{"damage_healed":25.0,"max_hp_gain":0.0,"max_hp_loss":0.0,"gold_gain":0.0,"event_name":"Big Fish","player_choice":"Banana","floor":8.0,"gold_loss":0.0,"damage_taken":0.0},{"damage_healed":0,"gold_gain":0,"cards_transformed":["Strike_G","Strike_G"],"player_choice":"Became Test Subject","damage_taken":0,"max_hp_gain":0,"max_hp_loss":0,"event_name":"Drug Dealer","floor":20,"gold_loss":0,"cards_obtained":["Corpse Explosion","Eviscerate"]},{"damage_healed":0,"gold_gain":0,"player_choice":"Joined the Cult","damage_taken":6,"max_hp_gain":0,"max_hp_loss":0,"event_name":"Nest","floor":21,"gold_loss":0,"cards_obtained":["RitualDagger"]},{"damage_healed":0,"gold_gain":0,"player_choice":"Ignored","damage_taken":0,"max_hp_gain":0,"max_hp_loss":0,"event_name":"Ghosts","floor":27,"gold_loss":0},{"damage_healed":0,"gold_gain":0,"player_choice":"Ignored","damage_taken":0,"max_hp_gain":0,"max_hp_loss":0,"event_name":"Vampires","floor":28,"gold_loss":0},{"cards_removed":["Eviscerate"],"damage_healed":0,"gold_gain":0,"player_choice":"Removed Attack","damage_taken":0,"max_hp_gain":0,"max_hp_loss":0,"event_name":"Falling","floor":36,"gold_loss":0},{"damage_healed":0,"gold_gain":0,"player_choice":"Fight","damage_taken":0,"max_hp_gain":0,"max_hp_loss":0,"event_name":"Mysterious Sphere","floor":37,"gold_loss":0},{"damage_healed":0,"gold_gain":333,"player_choice":"Gave Idol","damage_taken":0,"max_hp_gain":0,"max_hp_loss":0,"event_name":"The Moai Head","floor":41,"relics_lost":["Golden Idol"],"gold_loss":0},{"damage_healed":0,"gold_gain":0,"player_choice":"Upgraded","damage_taken":0,"max_hp_gain":0,"max_hp_loss":0,"event_name":"Upgrade Shrine","floor":44,"gold_loss":0,"cards_upgraded":["Well Laid Plans"]}],"is_beta":false,"boss_relics":[{"not_picked":["Black Star","Runic Dome"],"picked":"Busted Crown"},{"not_picked":["HoveringKite","Snecko Eye"],"picked":"Sozu"}],"items_purged_floors":[31,47],"is_endless":false,"potions_floor_spawned":[2,7,10,25,33,35,54],"killed_by":"The Heart","ascension_level":1}