{"gold_per_floor":[116,136,136,136,49,49,75,90,90,90,105,105,117,136,136,238,238,248,237,237,237,97,112,112,128,128,128,128,148,163,180,180,180],"floor_reached":33,"playtime":2923,"items_purged":[],"score":290,"play_id":"d50f0842-a5d3-4e69-b980-296a63410bae","local_time":"20190130211631","is_ascension_mode":true,"campfire_choices":[{"data":"Chaos","floor":6,"key":"SMITH"},{"data":"Storm","floor":10,"key":"SMITH"},{"data":"Redo","floor":12,"key":"SMITH"},{"floor":15,"key":"REST"},{"floor":24,"key":"REST"},{"data":"Machine Learning","floor":28,"key":"SMITH"},{"floor":32,"key":"REST"}],"neow_cost":"NONE","seed_source_timestamp":294135860529671,"circlet_count":0,"master_deck":["Strike_B","Strike_B","Strike_B","Strike_B","Defend_B","Defend_B","Defend_B","Defend_B","Zap","Dualcast","Steam","Chaos+1","Storm+1","Redo+1","Aggregate","Stack","Compile Driver+1","Echo Form","Turbo","Machine Learning+1","Stack+1","Hologram","Buffer","Self Repair","Sunder+1","Auto Shields","Heatsinks","Buffer","Capacitor+1","Hello World+1"],"relics":["Cracked Core","NeowsBlessing","Molten Egg 2","Bag of Marbles","Inserter","Centennial Puzzle"],"potions_floor_usage":[16,23,23,25,25,33],"damage_taken":[{"damage":0,"enemies":"Small Slimes","floor":1,"turns":1},{"damage":0,"enemies":"Cultist","floor":2,"turns":1},{"damage":0,"enemies":"3 Sentries","floor":7,"turns":1},{"damage":5,"enemies":"Jaw Worm","floor":8,"turns":2},{"damage":10,"enemies":"3 Louse","floor":11,"turns":4},{"damage":7,"enemies":"Gremlin Gang","floor":13,"turns":6},{"damage":5,"enemies":"Blue Slaver","floor":14,"turns":3},{"damage":35,"enemies":"Hexaghost","floor":16,"turns":8},{"damage":22,"enemies":"Spheric Guardian","floor":18,"turns":5},{"damage":28,"enemies":"2 Thieves","floor":19,"turns":4},{"damage":29,"enemies":"Snake Plant","floor":23,"turns":5},{"damage":5,"enemies":"Centurion and Healer","floor":25,"turns":5},{"damage":10,"enemies":"Snecko","floor":29,"turns":5},{"damage":14,"enemies":"Snake Plant","floor":30,"turns":5},{"damage":18,"enemies":"Cultist and Chosen","floor":31,"turns":5},{"damage":45,"enemies":"Collector","floor":33,"turns":5}],"seed_played":"-1492302208227996628","potions_obtained":[{"floor":7,"key":"FearPotion"},{"floor":8,"key":"Block Potion"},{"floor":14,"key":"Dexterity Potion"},{"floor":19,"key":"AttackPotion"},{"floor":21,"key":"Ancient Potion"},{"floor":21,"key":"PowerPotion"},{"floor":23,"key":"SkillPotion"},{"floor":31,"key":"Block Potion"}],"is_trial":false,"path_per_floor":["?","?","M","?","?","M","?","M","M"],"character_chosen":"DEFECT","items_purchased":["Storm","Redo","Self Repair","Sunder+1"],"campfire_rested":3,"item_purchase_floors":[5,5,22,22],"current_hp_per_floor":[75,75,80,72,72,72,72,67,67,67,57,57,50,45,69,34,80,58,30,30,30,30,8,32,34,34,34,34,31,24,13,37,0],"gold":180,"neow_bonus":"THREE_ENEMY_KILL","is_prod":false,"is_daily":false,"chose_seed":false,"campfire_upgraded":4,"win_rate":0,"timestamp":1548879391,"path_taken":["M","M","?","?","$","R","E","?","T","R","M","R","M","M","R","BOSS","M","M","?","?","$","M","R","?","T","?","R","?","?","M","R","BOSS"],"build_version":"2019-01-23","purchased_purges":0,"victory":false,"max_hp_per_floor":[75,75,80,80,80,80,80,80,80,80,80,80,80,80,80,80,80,80,80,80,80,80,80,80,80,80,80,80,80,80,80,80,80],"card_choices":[{"not_picked":["Barrage","Lockon"],"picked":"Steam","floor":1},{"not_picked":["Streamline","Turbo"],"picked":"Chaos","floor":2},{"not_picked":["Hologram","Conserve Battery"],"picked":"Aggregate","floor":7},{"not_picked":["Sweeping Beam+1","Auto Shields"],"picked":"Stack","floor":8},{"not_picked":["Stack","Chill"],"picked":"Compile Driver+1","floor":11},{"not_picked":["BootSequence","Sweeping Beam+1"],"picked":"Echo Form","floor":13},{"not_picked":["Chill","Gash+1"],"picked":"Turbo","floor":14},{"not_picked":["Thunder Strike+1","Echo Form"],"picked":"Machine Learning","floor":16},{"not_picked":["Hello World","Rebound+1"],"picked":"Stack+1","floor":18},{"not_picked":["Rebound+1","Cold Snap+1"],"picked":"Hologram","floor":19},{"not_picked":["Hello World","Beam Cell+1"],"picked":"Auto Shields","floor":23},{"not_picked":["Streamline+1","Leap"],"picked":"Heatsinks","floor":25},{"not_picked":["Auto Shields","BootSequence"],"picked":"Capacitor+1","floor":29},{"not_picked":["Cold Snap+1","Conserve Battery"],"picked":"Hello World+1","floor":30},{"not_picked":["Glacier","Rebound+1","Heatsinks"],"picked":"SKIP","floor":31}],"player_experience":45402,"relics_obtained":[{"floor":7,"key":"Molten Egg 2"},{"floor":9,"key":"Bag of Marbles"},{"floor":26,"key":"Centennial Puzzle"}],"event_choices":[{"damage_healed":0,"gold_gain":0,"player_choice":"Donut","damage_taken":0,"max_hp_gain":5,"max_hp_loss":0,"event_name":"Big Fish","floor":3,"gold_loss":0},{"damage_healed":0,"gold_gain":0,"player_choice":"Damaged","damage_taken":8,"max_hp_gain":0,"max_hp_loss":0,"event_name":"Wheel of Change","floor":4,"gold_loss":0},{"damage_healed":0,"gold_gain":0,"player_choice":"Read","damage_taken":0,"max_hp_gain":0,"max_hp_loss":0,"event_name":"The Library","floor":20,"gold_loss":0,"cards_obtained":["Buffer"]},{"damage_healed":0,"gold_gain":0,"player_choice":"Got Potions","damage_taken":0,"max_hp_gain":0,"max_hp_loss":0,"event_name":"Lab","floor":21,"gold_loss":0},{"damage_healed":0,"gold_gain":0,"player_choice":"Copied","damage_taken":0,"max_hp_gain":0,"max_hp_loss":0,"event_name":"Duplicator","floor":27,"gold_loss":0,"cards_obtained":["Buffer"]}],"is_beta":false,"boss_relics":[{"not_picked":["Empty Cage","Lizard Tail"],"picked":"Inserter"}],"items_purged_floors":[],"is_endless":false,"potions_floor_spawned":[7,8,14,19,23,31],"killed_by":"Collector","ascension_level":1}