{"gold_per_floor":[360,207,222,222,236,236,236,236,309,309,309,321,335,351,351,446,446,420,431,356,369,369,369,387,387],"floor_reached":25,"playtime":1262,"items_purged":["Regret"],"score":263,"play_id":"cb687da1-bf6f-4a74-8fed-66cd7c80f0f1","local_time":"20190130130855","is_ascension_mode":true,"campfire_choices":[{"data":"Neutralize","floor":6,"key":"SMITH"},{"data":"Footwork","floor":8,"key":"SMITH"},{"data":"Noxious Fumes","floor":10,"key":"SMITH"},{"data":"Dash","floor":15,"key":"SMITH"},{"data":"Bane","floor":23,"key":"SMITH"}],"neow_cost":"CURSE","seed_source_timestamp":46799482993057,"circlet_count":0,"master_deck":["Defend_G","Defend_G+1","Defend_G","Defend_G","Defend_G","Strike_G","Strike_G","Strike_G","Strike_G","Survivor+1","Neutralize+1","Bane+1","Noxious Fumes+1","Footwork+1","Dodge and Roll+1","Dash+1","Backflip","PiercingWail","A Thousand Cuts+1","Cloak And Dagger","Prepared+1","Blur+1"],"relics":["Ring of the Snake","Frozen Egg 2","White Beast Statue"],"potions_floor_usage":[18,18,21,24,25],"damage_taken":[{"damage":13,"enemies":"Jaw Worm","floor":1,"turns":6},{"damage":0,"enemies":"2 Louse","floor":3,"turns":2},{"damage":0,"enemies":"Small Slimes","floor":5,"turns":5},{"damage":4,"enemies":"Red Slaver","floor":12,"turns":4},{"damage":0,"enemies":"Large Slime","floor":13,"turns":6},{"damage":0,"enemies":"Blue Slaver","floor":14,"turns":5},{"damage":16,"enemies":"The Guardian","floor":16,"turns":12},{"damage":1,"enemies":"2 Thieves","floor":18,"turns":5},{"damage":0,"enemies":"Shell Parasite","floor":19,"turns":8},{"damage":5,"enemies":"Shelled Parasite and Fungi","floor":21,"turns":10},{"damage":4,"enemies":"Snecko","floor":24,"turns":7},{"damage":62,"enemies":"Slavers","floor":25,"turns":4}],"seed_played":"-4649581853477661806","potions_obtained":[{"floor":1,"key":"GamblersBrew"},{"floor":3,"key":"Dexterity Potion"},{"floor":5,"key":"FearPotion"},{"floor":18,"key":"Ancient Potion"},{"floor":19,"key":"Regen Potion"},{"floor":21,"key":"Weak Potion"},{"floor":24,"key":"Swift Potion"}],"is_trial":false,"path_per_floor":["M","$","M","?","M","R","?","R","T","R","?","M","M","M","R","B",null,"M","M","?","M","?","R","M","E"],"character_chosen":"THE_SILENT","items_purchased":["Noxious Fumes"],"campfire_rested":0,"item_purchase_floors":[2],"current_hp_per_floor":[50,50,50,50,50,50,36,36,36,36,36,32,32,32,32,16,57,56,56,56,66,66,66,62,0],"gold":387,"neow_bonus":"TWO_FIFTY_GOLD","is_prod":false,"is_daily":false,"chose_seed":false,"campfire_upgraded":5,"win_rate":0,"timestamp":1548871735,"path_taken":["M","$","M","?","M","R","?","R","T","R","?","M","M","M","R","BOSS","M","M","?","M","?","R","M","E"],"build_version":"2019-01-23","purchased_purges":1,"victory":false,"max_hp_per_floor":[70,70,70,70,70,70,70,70,70,70,70,70,70,70,70,70,70,70,70,70,70,70,70,70,70],"card_choices":[{"not_picked":["Outmaneuver","Flying Knee"],"picked":"Bane","floor":1},{"not_picked":["Heel Hook","Underhanded Strike"],"picked":"Footwork","floor":3},{"not_picked":["Backflip","Deflect"],"picked":"Dodge and Roll","floor":5},{"not_picked":["Accuracy+1","Bane"],"picked":"Dash","floor":12},{"not_picked":["Expertise","Glass Knife"],"picked":"Backflip","floor":13},{"not_picked":["Acrobatics","Prepared"],"picked":"PiercingWail","floor":14},{"not_picked":["Unload","Bullet Time"],"picked":"A Thousand Cuts+1","floor":16},{"not_picked":["Slice","Bane"],"picked":"Cloak And Dagger","floor":18},{"not_picked":["Flying Knee","Dagger Throw"],"picked":"Prepared+1","floor":19},{"not_picked":["Accuracy+1","Bane","Backflip"],"picked":"SKIP","floor":21},{"not_picked":["Flechettes","Noxious Fumes+1"],"picked":"Blur+1","floor":24}],"player_experience":415798,"relics_obtained":[{"floor":9,"key":"Frozen Egg 2"}],"event_choices":[{"damage_healed":0,"gold_gain":0,"player_choice":"Ignored","damage_taken":0,"max_hp_gain":0,"max_hp_loss":0,"event_name":"Liars Game","floor":4,"gold_loss":0},{"damage_healed":0,"gold_gain":0,"player_choice":"Entered Light","damage_taken":14,"max_hp_gain":0,"max_hp_loss":0,"event_name":"Shining Light","floor":7,"gold_loss":0,"cards_upgraded":["Defend_G","Survivor"]},{"damage_healed":0,"gold_gain":0,"player_choice":"Forge","damage_taken":0,"max_hp_gain":0,"max_hp_loss":0,"event_name":"Accursed Blacksmith","floor":11,"gold_loss":0,"cards_upgraded":["Dodge and Roll"]},{"cards_removed":["Strike_G"],"damage_healed":0,"gold_gain":0,"player_choice":"Gave Gold","damage_taken":0,"max_hp_gain":0,"max_hp_loss":0,"event_name":"Beggar","floor":20,"gold_loss":75},{"damage_healed":0,"gold_gain":0,"player_choice":"Ignored","damage_taken":0,"max_hp_gain":0,"max_hp_loss":0,"event_name":"Vampires","floor":22,"gold_loss":0}],"is_beta":false,"boss_relics":[{"not_picked":["Runic Dome","Snecko Eye"],"picked":"White Beast Statue"}],"items_purged_floors":[2],"is_endless":false,"potions_floor_spawned":[1,3,5,18,19,21,24],"killed_by":"Slavers","ascension_level":7}