{"gold_per_floor":[118,118,118,130,143,143,198,198,223,239,239,256,283,302,302,379,379,390,390],"floor_reached":19,"playtime":1427,"items_purged":[],"score":279,"play_id":"7a83b218-453f-4c75-84b7-84732fe03e2e","local_time":"20190203161027","is_ascension_mode":true,"campfire_choices":[{"data":"Streamline","floor":6,"key":"SMITH"},{"data":"Machine Learning","floor":8,"key":"SMITH"},{"data":"Dualcast","floor":11,"key":"SMITH"},{"floor":15,"key":"REST"}],"neow_cost":"TEN_PERCENT_HP_LOSS","seed_source_timestamp":2067838765186395,"circlet_count":0,"master_deck":["AscendersBane","Strike_B","Strike_B","Strike_B","Strike_B","Defend_B","Defend_B","Defend_B","Defend_B","Zap","Dualcast+1","Purity","Thinking Ahead","Chill","Streamline+1","Machine Learning+1","Storm","White Noise","Cold Snap","Echo Form","Barrage+1"],"relics":["Cracked Core","Tiny Chest","PreservedInsect","Pen Nib","Inserter"],"potions_floor_usage":[3,7,14,16,19],"damage_taken":[{"damage":6,"enemies":"Jaw Worm","floor":1,"turns":4},{"damage":6,"enemies":"Small Slimes","floor":4,"turns":3},{"damage":0,"enemies":"Cultist","floor":5,"turns":3},{"damage":10,"enemies":"3 Sentries","floor":7,"turns":5},{"damage":21,"enemies":"Exordium Wildlife","floor":10,"turns":4},{"damage":8,"enemies":"Blue Slaver","floor":12,"turns":2},{"damage":6,"enemies":"2 Fungi Beasts","floor":14,"turns":4},{"damage":35,"enemies":"Slime Boss","floor":16,"turns":9},{"damage":18,"enemies":"Chosen","floor":18,"turns":4},{"damage":55,"enemies":"Masked Bandits","floor":19,"turns":4}],"seed_played":"-5540887143201115205","potions_obtained":[{"floor":3,"key":"Fruit Juice"},{"floor":3,"key":"AttackPotion"},{"floor":3,"key":"Swift Potion"},{"floor":10,"key":"Poison Potion"},{"floor":14,"key":"Fruit Juice"},{"floor":18,"key":"Weak Potion"}],"is_trial":false,"path_per_floor":["M","?","?","M","M","R","E","R","T","M","R","M","T","M","R","B",null,"M","?"],"character_chosen":"DEFECT","items_purchased":[],"campfire_rested":1,"item_purchase_floors":[],"current_hp_per_floor":[62,67,72,66,66,66,56,56,56,35,35,27,27,26,50,15,66,48,0],"gold":390,"neow_bonus":"RANDOM_COLORLESS_2","is_prod":false,"is_daily":false,"chose_seed":false,"campfire_upgraded":3,"win_rate":0,"timestamp":1549239027,"path_taken":["M","?","?","M","M","R","E","R","T","?","R","M","?","M","R","BOSS","M","?"],"build_version":"2019-01-23","purchased_purges":0,"victory":false,"max_hp_per_floor":[68,73,78,78,78,78,78,78,78,78,78,78,78,83,83,83,83,83,83],"card_choices":[{"not_picked":["Doom and Gloom","Sweeping Beam"],"picked":"Chill","floor":1},{"not_picked":["Go for the Eyes","Hologram"],"picked":"Streamline","floor":4},{"not_picked":["BootSequence","Redo"],"picked":"Machine Learning","floor":5},{"not_picked":["Recycle","Beam Cell"],"picked":"Storm","floor":7},{"not_picked":["Beam Cell","Streamline","Fusion"],"picked":"SKIP","floor":10},{"not_picked":["Chill","Sweeping Beam"],"picked":"White Noise","floor":12},{"not_picked":["Leap","Beam Cell"],"picked":"Cold Snap","floor":14},{"not_picked":["Amplify","Reboot"],"picked":"Echo Form","floor":16},{"not_picked":["Compile Driver","Hologram"],"picked":"Barrage+1","floor":18}],"player_experience":599118,"relics_obtained":[{"floor":7,"key":"Tiny Chest"},{"floor":9,"key":"PreservedInsect"},{"floor":13,"key":"Pen Nib"}],"event_choices":[{"damage_healed":0,"gold_gain":0,"player_choice":"Donut","damage_taken":0,"max_hp_gain":5,"max_hp_loss":0,"event_name":"Big Fish","floor":2,"gold_loss":0},{"damage_healed":0,"gold_gain":0,"player_choice":"Got Potions","damage_taken":0,"max_hp_gain":0,"max_hp_loss":0,"event_name":"Lab","floor":3,"gold_loss":0},{"damage_healed":0,"gold_gain":0,"player_choice":"Fought Bandits","damage_taken":0,"max_hp_gain":0,"max_hp_loss":0,"event_name":"Masked Bandits","floor":19,"gold_loss":0}],"is_beta":false,"boss_relics":[{"not_picked":["Velvet Choker","White Beast Statue"],"picked":"Inserter"}],"items_purged_floors":[],"is_endless":false,"potions_floor_spawned":[4,10,14,18],"killed_by":"Masked Bandits","ascension_level":13}