{"gold_per_floor":[114,15,115,133,144,171,171,206,229,229,262,287,299,311,323,335],"floor_reached":16,"playtime":1114,"items_purged":[],"score":183,"play_id":"47ad2bf2-15c8-49ab-b02e-3962f6545b81","local_time":"20190114174921","is_ascension_mode":true,"campfire_choices":[{"floor":7,"key":"REST"},{"floor":13,"key":"REST"},{"data":"Offering","floor":15,"key":"SMITH"}],"neow_cost":"NONE","seed_source_timestamp":346093256351179,"circlet_count":0,"master_deck":["AscendersBane","Strike_R","Strike_R+1","Strike_R","Strike_R","Strike_R","Defend_R","Defend_R","Defend_R","Defend_R","Bash+1","Iron Wave","Ghostly Armor","Offering+1","True Grit","Clothesline","Iron Wave"],"relics":["Burning Blood","NeowsBlessing","PreservedInsect","Smiling Mask","Regal Pillow","MawBank","Anchor"],"potions_floor_usage":[2,11],"damage_taken":[{"damage":0,"enemies":"Small Slimes","floor":1,"turns":1},{"damage":0,"enemies":"Cultist","floor":4,"turns":1},{"damage":0,"enemies":"2 Louse","floor":5,"turns":1},{"damage":62,"enemies":"Lagavulin","floor":6,"turns":8},{"damage":16,"enemies":"3 Sentries","floor":8,"turns":8},{"damage":21,"enemies":"Lagavulin","floor":11,"turns":5},{"damage":7,"enemies":"Exordium Wildlife","floor":12,"turns":8},{"damage":75,"enemies":"The Guardian","floor":16,"turns":17}],"seed_played":"-7279826647274963970","potions_obtained":[{"floor":8,"key":"Ancient Potion"}],"is_trial":false,"path_per_floor":["M","$","?","M","M","E","R","E","T","?","E","M","R","T","R","B"],"character_chosen":"IRONCLAD","items_purchased":["Fruit Juice"],"campfire_rested":2,"item_purchase_floors":[2],"current_hp_per_floor":[78,83,83,85,85,29,54,44,44,27,12,11,51,51,51,0],"gold":335,"neow_bonus":"THREE_ENEMY_KILL","is_prod":false,"is_daily":false,"chose_seed":false,"campfire_upgraded":1,"win_rate":0,"timestamp":1547516961,"path_taken":["M","$","?","?","M","E","R","E","T","?","E","M","R","?","R","BOSS"],"build_version":"2019-01-10","purchased_purges":0,"victory":false,"max_hp_per_floor":[80,85,85,85,85,85,85,85,85,85,85,85,85,85,85,85],"card_choices":[{"not_picked":["Perfected Strike","Cleave","Clash"],"picked":"SKIP","floor":1},{"not_picked":["Cleave","Clothesline"],"picked":"Iron Wave","floor":4},{"not_picked":["Dual Wield","Anger"],"picked":"Ghostly Armor","floor":5},{"not_picked":["Disarm","Warcry"],"picked":"Offering","floor":6},{"not_picked":["Rupture","Iron Wave"],"picked":"True Grit","floor":8},{"not_picked":["Corruption","Power Through"],"picked":"Clothesline","floor":11},{"not_picked":["Cleave","Combust"],"picked":"Iron Wave","floor":12}],"player_experience":312609,"relics_obtained":[{"floor":6,"key":"PreservedInsect"},{"floor":8,"key":"Smiling Mask"},{"floor":9,"key":"Regal Pillow"},{"floor":11,"key":"MawBank"},{"floor":14,"key":"Anchor"}],"event_choices":[{"damage_healed":0,"gold_gain":100,"player_choice":"Pray","damage_taken":0,"max_hp_gain":0,"max_hp_loss":0,"event_name":"Golden Shrine","floor":3,"gold_loss":0},{"damage_healed":0,"gold_gain":0,"player_choice":"Entered Light","damage_taken":17,"max_hp_gain":0,"max_hp_loss":0,"event_name":"Shining Light","floor":10,"gold_loss":0,"cards_upgraded":["Strike_R","Bash"]}],"is_beta":false,"boss_relics":[],"items_purged_floors":[],"is_endless":false,"potions_floor_spawned":[8],"killed_by":"The Guardian","ascension_level":11}