{"gold_per_floor":[110,110,1,25,25,25,64,64,64,95,95,115,138,4,4,97,97,120,31,45,45],"floor_reached":21,"playtime":399,"items_purged":["Strike_R"],"score":355,"play_id":"b462eb9e-140f-43db-9346-bb4045d2ccaa","local_time":"20190116191859","is_ascension_mode":true,"campfire_choices":[{"data":"Flex","floor":6,"key":"SMITH"},{"data":"Bludgeon","floor":8,"key":"SMITH"},{"data":"Sword Boomerang","floor":11,"key":"SMITH"},{"data":"Armaments","floor":15,"key":"SMITH"}],"neow_cost":"NONE","seed_source_timestamp":3013964277532,"circlet_count":0,"master_deck":["AscendersBane","Strike_R","Strike_R","Defend_R","Defend_R","Defend_R","Defend_R","Bash+1","Sword Boomerang+1","Flex+1","Combust","Bludgeon+1","Feel No Pain","Thunderclap","Armaments+1","Juggernaut","Panacea","Rage"],"relics":["Burning Blood","Golden Idol","Art of War","Meat on the Bone","Darkstone Periapt","Empty Cage"],"potions_floor_usage":[7,16,20],"damage_taken":[{"damage":9,"enemies":"Jaw Worm","floor":1,"turns":3},{"damage":8,"enemies":"2 Louse","floor":4,"turns":3},{"damage":43,"enemies":"Lagavulin","floor":7,"turns":5},{"damage":8,"enemies":"Gremlin Nob","floor":10,"turns":3},{"damage":0,"enemies":"Small Slimes","floor":12,"turns":2},{"damage":0,"enemies":"Blue Slaver","floor":13,"turns":2},{"damage":46,"enemies":"Hexaghost","floor":16,"turns":8},{"damage":17,"enemies":"Chosen","floor":18,"turns":4},{"damage":39,"enemies":"Spheric Guardian","floor":20,"turns":6},{"damage":34,"enemies":"Cultist and Chosen","floor":21,"turns":4}],"seed_played":"-2903873962439619906","potions_obtained":[{"floor":1,"key":"Ancient Potion"},{"floor":4,"key":"Poison Potion"},{"floor":16,"key":"SpeedPotion"},{"floor":18,"key":"Energy Potion"}],"is_trial":false,"path_per_floor":["M","?","$","M","?","R","E","R","T","E","R","M","M","$","R","B",null,"M","$","M","M"],"character_chosen":"IRONCLAD","items_purchased":["Flex","Combust","Armaments","Panacea"],"campfire_rested":0,"item_purchase_floors":[3,3,14,19],"current_hp_per_floor":[65,65,65,63,68,68,31,31,31,41,41,47,53,53,53,25,61,50,50,29,0],"gold":45,"neow_bonus":"UPGRADE_CARD","is_prod":false,"is_daily":false,"chose_seed":false,"campfire_upgraded":4,"win_rate":0,"timestamp":1547666339,"path_taken":["M","?","$","M","?","R","E","R","T","E","R","M","M","$","R","BOSS","M","$","M","M"],"build_version":"2019-01-10","purchased_purges":1,"victory":false,"max_hp_per_floor":[75,68,68,68,73,73,73,73,73,73,73,73,73,73,73,73,73,73,73,73,73],"card_choices":[{"not_picked":["Clothesline","Metallicize"],"picked":"Sword Boomerang","floor":1},{"not_picked":["Rampage","Heavy Blade","Body Slam"],"picked":"SKIP","floor":4},{"not_picked":["Blood for Blood","Iron Wave"],"picked":"Bludgeon","floor":7},{"not_picked":["Entrench","True Grit"],"picked":"Feel No Pain","floor":10},{"not_picked":["Wild Strike","Fire Breathing","Flex"],"picked":"SKIP","floor":12},{"not_picked":["Havoc","Dropkick"],"picked":"Thunderclap","floor":13},{"not_picked":["Dark Embrace","Bludgeon"],"picked":"Juggernaut","floor":16},{"not_picked":["Headbutt","Havoc","Clothesline"],"picked":"SKIP","floor":18},{"not_picked":["Reckless Charge","Dual Wield"],"picked":"Rage","floor":20}],"player_experience":397371,"relics_obtained":[{"floor":7,"key":"Art of War"},{"floor":9,"key":"Meat on the Bone"},{"floor":10,"key":"Darkstone Periapt"}],"event_choices":[{"damage_healed":0,"gold_gain":0,"player_choice":"Lose Max HP","damage_taken":0,"relics_obtained":["Golden Idol"],"max_hp_gain":0,"max_hp_loss":7,"event_name":"Golden Idol","floor":2,"gold_loss":0},{"damage_healed":0,"gold_gain":0,"player_choice":"Donut","damage_taken":0,"max_hp_gain":5,"max_hp_loss":0,"event_name":"Big Fish","floor":5,"gold_loss":0}],"is_beta":false,"boss_relics":[{"not_picked":["Fusion Hammer","Orrery"],"picked":"Empty Cage"}],"items_purged_floors":[14],"is_endless":false,"potions_floor_spawned":[1,4,16,18],"killed_by":"Cultist and Chosen","ascension_level":18}