{"gold_per_floor":[118,118,132,57,69,69,86,86,113,141,141,152,165,175,175,279,279,299,399,419,369,369,369,386,386,386,403,415,425,425,439,439,538,538,549,426,426,376,395,395,415,449,475,475,475,475,505,521,521,521],"floor_reached":51,"playtime":1053,"items_purged":["Defend_R","Bash","Defend_R","Defend_R"],"score":1032,"play_id":"97a52f62-7fa0-48b0-8dec-b6d47c972dd8","local_time":"20181031012848","is_ascension_mode":true,"campfire_choices":[{"data":"Clash","floor":6,"key":"SMITH"},{"data":"Iron Wave","floor":15,"key":"SMITH"},{"data":"Intimidate","floor":23,"key":"SMITH"},{"data":"Anger","floor":25,"key":"SMITH"},{"data":"Double Tap","floor":32,"key":"SMITH"},{"data":"Inflame","floor":40,"key":"SMITH"},{"data":"Clash","floor":44,"key":"SMITH"},{"data":"Clash","floor":49,"key":"SMITH"}],"neow_cost":"NONE","seed_source_timestamp":33852800589344,"circlet_count":0,"master_deck":["Strike_R","Clash+1","Clash+1","Clash+1","Clash+1","Iron Wave+1","Iron Wave+1","Anger+1","Intimidate+1","Clash+1","Offering","Inflame+1","Clash","Clash","Anger"],"relics":["Burning Blood","NeowsBlessing","Smiling Mask","Dream Catcher","Empty Cage","Unceasing Top","Matryoshka","Singing Bowl","Potion Belt","Eternal Feather","Bird Faced Urn","Kunai","Art of War","Pantograph"],"potions_floor_usage":[16,19,19,20,29,50,50,50,50],"damage_taken":[{"damage":0,"enemies":"Jaw Worm","floor":1,"turns":1},{"damage":0,"enemies":"Cultist","floor":3,"turns":1},{"damage":0,"enemies":"Small Slimes","floor":5,"turns":1},{"damage":13,"enemies":"Blue Slaver","floor":7,"turns":2},{"damage":20,"enemies":"3 Sentries","floor":10,"turns":8},{"damage":1,"enemies":"2 Fungi Beasts","floor":12,"turns":3},{"damage":0,"enemies":"3 Louse","floor":13,"turns":2},{"damage":2,"enemies":"Exordium Wildlife","floor":14,"turns":3},{"damage":26,"enemies":"Hexaghost","floor":16,"turns":7},{"damage":0,"enemies":"Chosen","floor":18,"turns":3},{"damage":5,"enemies":"Colosseum Slavers","floor":19,"turns":5},{"damage":31,"enemies":"Colosseum Nobs","floor":19,"turns":4},{"damage":10,"enemies":"2 Thieves","floor":20,"turns":4},{"damage":19,"enemies":"Snake Plant","floor":24,"turns":2},{"damage":0,"enemies":"3 Cultists","floor":27,"turns":3},{"damage":0,"enemies":"Centurion and Healer","floor":28,"turns":3},{"damage":0,"enemies":"Snecko","floor":29,"turns":3},{"damage":8,"enemies":"3 Cultists","floor":31,"turns":4},{"damage":5,"enemies":"Collector","floor":33,"turns":5},{"damage":15,"enemies":"3 Shapes","floor":35,"turns":2},{"damage":0,"enemies":"Orb Walker","floor":39,"turns":1},{"damage":8,"enemies":"3 Darklings","floor":41,"turns":2},{"damage":6,"enemies":"Reptomancer","floor":42,"turns":1},{"damage":6,"enemies":"Giant Head","floor":47,"turns":2},{"damage":6,"enemies":"Sphere and 2 Shapes","floor":48,"turns":1},{"damage":54,"enemies":"Time Eater","floor":50,"turns":5}],"seed_played":"7874265854762024130","potions_obtained":[{"floor":1,"key":"Regen Potion"},{"floor":2,"key":"SkillPotion"},{"floor":2,"key":"Explosive Potion"},{"floor":18,"key":"Block Potion"},{"floor":27,"key":"SkillPotion"},{"floor":29,"key":"Ancient Potion"},{"floor":31,"key":"Dexterity Potion"},{"floor":41,"key":"Explosive Potion"},{"floor":48,"key":"Dexterity Potion"}],"is_trial":false,"path_per_floor":["M","?","M","$","M","R","M","?","T","E","?","M","M","M","R","B",null,"M","?","M","$","?","R","M","R","T","M","M","M","?","M","R","B",null,"M","$","?","$","M","R","M","E","T","R","?","?","E","M","R","B"],"character_chosen":"IRONCLAD","items_purchased":["Inflame"],"campfire_rested":0,"item_purchase_floors":[36],"current_hp_per_floor":[78,78,80,80,80,80,73,66,66,52,52,57,63,67,67,47,72,78,54,62,62,62,62,49,49,49,55,63,69,69,69,69,70,81,74,74,74,74,82,88,86,86,86,88,90,90,90,92,92,44],"gold":521,"neow_bonus":"THREE_ENEMY_KILL","is_prod":false,"is_daily":false,"chose_seed":false,"campfire_upgraded":8,"win_rate":0,"timestamp":1540949328,"path_taken":["M","?","?","$","M","R","M","?","T","E","?","?","M","M","R","BOSS","M","?","M","$","?","R","M","R","T","M","M","M","?","?","R","BOSS","M","$","?","$","M","R","M","E","T","R","?","?","E","M","R","BOSS"],"build_version":"2018-10-25v2","purchased_purges":4,"victory":true,"max_hp_per_floor":[80,80,80,80,80,80,80,80,80,80,80,80,80,80,80,80,80,80,80,80,80,80,80,80,80,80,80,82,82,82,84,84,84,84,86,86,86,86,88,88,88,88,88,88,90,90,90,92,92,92],"card_choices":[{"not_picked":["Rupture","Dual Wield"],"picked":"Clash","floor":1},{"not_picked":["Wild Strike","Havoc"],"picked":"Clash","floor":3},{"not_picked":["Rampage","Shrug It Off"],"picked":"Clash","floor":5},{"not_picked":["Heavy Blade","Corruption"],"picked":"Clash","floor":7},{"not_picked":["Sword Boomerang","Juggernaut"],"picked":"Iron Wave","floor":10},{"not_picked":["Havoc","Twin Strike","Body Slam"],"picked":"SKIP","floor":12},{"not_picked":["Hemokinesis","Searing Blow","Spot Weakness"],"picked":"SKIP","floor":13},{"not_picked":["Clash","Warcry"],"picked":"Iron Wave","floor":14},{"not_picked":["Impervious","Bludgeon"],"picked":"Double Tap","floor":16},{"not_picked":["Corruption","Headbutt","Twin Strike"],"picked":"SKIP","floor":18},{"not_picked":["Carnage","Flex"],"picked":"Anger","floor":20},{"not_picked":["Shrug It Off","Dark Embrace","Second Wind+1"],"picked":"SKIP","floor":24},{"not_picked":["Armaments","Clothesline+1"],"picked":"Clash+1","floor":27},{"not_picked":["Iron Wave+1","Second Wind+1","Pommel Strike"],"picked":"Singing Bowl","floor":28},{"not_picked":["Rampage","Body Slam","Sever Soul"],"picked":"SKIP","floor":29},{"not_picked":["Whirlwind","Searing Blow+1","Twin Strike"],"picked":"Singing Bowl","floor":31},{"not_picked":["Feed","Berserk"],"picked":"Offering","floor":33},{"not_picked":["Whirlwind+1","Cleave","Second Wind+1"],"picked":"SKIP","floor":35},{"not_picked":["Whirlwind+1","Cleave","Second Wind+1"],"picked":"Singing Bowl","floor":35},{"not_picked":["Dropkick+1","Uppercut","Sentinel+1"],"picked":"Singing Bowl","floor":39},{"not_picked":["True Grit","Pummel+1"],"picked":"Clash","floor":41},{"not_picked":["Power Through+1","Entrench"],"picked":"Clash","floor":42},{"not_picked":["Chrysalis","Finesse","Purity"],"picked":"Singing Bowl","floor":45},{"not_picked":["Twin Strike","Anger","Clash"],"picked":"SKIP","floor":47},{"not_picked":["Twin Strike","Clash"],"picked":"Anger","floor":47},{"not_picked":["Heavy Blade+1","Sentinel+1","Perfected Strike"],"picked":"Singing Bowl","floor":48}],"player_experience":94313,"relics_obtained":[{"floor":9,"key":"Smiling Mask"},{"floor":10,"key":"Dream Catcher"},{"floor":19,"key":"Unceasing Top"},{"floor":19,"key":"Matryoshka"},{"floor":26,"key":"Singing Bowl"},{"floor":26,"key":"Potion Belt"},{"floor":42,"key":"Bird Faced Urn"},{"floor":43,"key":"Kunai"},{"floor":43,"key":"Art of War"},{"floor":47,"key":"Pantograph"}],"event_choices":[{"damage_healed":0,"gold_gain":0,"player_choice":"Got Potions","damage_taken":0,"max_hp_gain":0,"max_hp_loss":0,"event_name":"The Lab","floor":2,"gold_loss":0},{"cards_removed":["Strike_R"],"damage_healed":0,"gold_gain":0,"player_choice":"Card Removal","damage_taken":7,"max_hp_gain":0,"max_hp_loss":0,"event_name":"Golden Wing","floor":8,"gold_loss":0},{"cards_removed":["Strike_R"],"damage_healed":0,"gold_gain":0,"player_choice":"Forget","damage_taken":0,"max_hp_gain":0,"max_hp_loss":0,"event_name":"Living Wall","floor":11,"gold_loss":0},{"damage_healed":0,"gold_gain":0,"player_choice":"Fight","damage_taken":0,"max_hp_gain":0,"max_hp_loss":0,"event_name":"Colosseum","floor":19,"gold_loss":0},{"damage_healed":0,"gold_gain":0,"player_choice":"Fought Nobs","damage_taken":0,"max_hp_gain":0,"max_hp_loss":0,"event_name":"Colosseum","floor":19,"gold_loss":0},{"damage_healed":0,"gold_gain":0,"cards_transformed":["Defend_R"],"player_choice":"Transformed","damage_taken":0,"max_hp_gain":0,"max_hp_loss":0,"event_name":"Transmorgrifier","floor":22,"gold_loss":0,"cards_obtained":["Intimidate"]},{"damage_healed":0,"gold_gain":0,"player_choice":"Upgraded","damage_taken":0,"max_hp_gain":0,"max_hp_loss":0,"event_name":"Upgrade Shrine","floor":30,"gold_loss":0,"cards_upgraded":["Iron Wave"]},{"cards_removed":["Double Tap"],"damage_healed":0,"gold_gain":0,"player_choice":"Removed Skill","damage_taken":0,"max_hp_gain":0,"max_hp_loss":0,"event_name":"Falling","floor":37,"gold_loss":0},{"damage_healed":0,"gold_gain":0,"player_choice":"Memory 1","damage_taken":0,"max_hp_gain":0,"max_hp_loss":0,"event_name":"SensoryStone","floor":45,"gold_loss":0},{"damage_healed":0,"gold_gain":0,"player_choice":"Forge","damage_taken":0,"max_hp_gain":0,"max_hp_loss":0,"event_name":"Accursed Blacksmith","floor":46,"gold_loss":0,"cards_upgraded":["Clash"]}],"is_beta":false,"boss_relics":[{"not_picked":["Runic Pyramid","Fusion Hammer"],"picked":"Empty Cage"},{"not_picked":["White Beast Statue","Busted Crown"],"picked":"Eternal Feather"}],"items_purged_floors":[4,21,36,38],"is_endless":false,"potions_floor_spawned":[1,5,10,14,18,19,27,29,31,41,48],"ascension_level":6}