{"gold_per_floor":[114,114,114,114,133,158,158,186,212,271,290,290,305,92,92,170,170,189,189,8,19,31,31,42,54,106,106,141,157,157,157,157,235,235,255,45,145,164,9,9,22,22,94,94,94,94,114,129,129,129],"floor_reached":51,"playtime":8798,"items_purged":["Strike_G","Strike_G","Strike_G"],"score":1188,"play_id":"e4ad2f8b-d40c-4d2e-98eb-9e0d759e4980","local_time":"20190107012610","is_ascension_mode":true,"campfire_choices":[{"data":"Blade Dance","floor":7,"key":"SMITH"},{"floor":12,"key":"REST"},{"floor":15,"key":"REST"},{"data":"Cloak And Dagger","floor":23,"key":"SMITH"},{"data":"Catalyst","floor":27,"key":"SMITH"},{"data":"Neutralize","floor":30,"key":"SMITH"},{"data":"Glass Knife","floor":32,"key":"SMITH"},{"data":"Backstab","floor":40,"key":"SMITH"},{"data":"PiercingWail","floor":42,"key":"SMITH"},{"data":"Escape Plan","floor":44,"key":"SMITH"},{"data":"Panacea","floor":49,"key":"SMITH"}],"neow_cost":"NONE","seed_source_timestamp":28161114547170,"circlet_count":0,"master_deck":["AscendersBane","Defend_G","Defend_G","Defend_G","Defend_G","Defend_G","Survivor+1","Neutralize+1","Blade Dance+1","Envenom+1","Backstab+1","Well Laid Plans+1","Footwork+1","Cloak And Dagger+1","Glass Knife+1","After Image+1","Cloak And Dagger+1","Escape Plan+1","PiercingWail+1","Escape Plan","Catalyst+1","Tools of the Trade+1","Sucker Punch+1","Panacea+1","Poisoned Stab+1","A Thousand Cuts+1"],"relics":["Ring of the Snake","NeowsBlessing","Snake Skull","Frozen Egg 2","Bronze Scales","Bag of Marbles","Tiny Chest","Eternal Feather","Molten Egg 2","War Paint","Regal Pillow","Sozu","Lee\u0027s Waffle","Du-Vu Doll","Shuriken"],"potions_floor_usage":[8,8,22,28,50],"damage_taken":[{"damage":0,"enemies":"Jaw Worm","floor":1,"turns":1},{"damage":0,"enemies":"Small Slimes","floor":5,"turns":1},{"damage":0,"enemies":"3 Sentries","floor":6,"turns":2},{"damage":12,"enemies":"Lagavulin","floor":8,"turns":4},{"damage":29,"enemies":"3 Sentries","floor":10,"turns":9},{"damage":0,"enemies":"Cultist","floor":11,"turns":1},{"damage":0,"enemies":"Large Slime","floor":13,"turns":4},{"damage":22,"enemies":"Slime Boss","floor":16,"turns":11},{"damage":5,"enemies":"Spheric Guardian","floor":18,"turns":4},{"damage":0,"enemies":"Chosen","floor":21,"turns":4},{"damage":17,"enemies":"Sentry and Sphere","floor":22,"turns":8},{"damage":1,"enemies":"3 Cultists","floor":24,"turns":6},{"damage":2,"enemies":"Shelled Parasite and Fungi","floor":25,"turns":7},{"damage":10,"enemies":"Gremlin Leader","floor":28,"turns":7},{"damage":8,"enemies":"Snake Plant","floor":29,"turns":4},{"damage":31,"enemies":"Collector","floor":33,"turns":9},{"damage":10,"enemies":"Orb Walker","floor":35,"turns":3},{"damage":0,"enemies":"Mind Bloom Boss Battle","floor":37,"turns":6},{"damage":0,"enemies":"3 Darklings","floor":38,"turns":6},{"damage":16,"enemies":"Transient","floor":41,"turns":5},{"damage":2,"enemies":"Sphere and 2 Shapes","floor":47,"turns":5},{"damage":0,"enemies":"Jaw Worm Horde","floor":48,"turns":4},{"damage":35,"enemies":"Time Eater","floor":50,"turns":9}],"seed_played":"-3473938413280183614","potions_obtained":[{"floor":1,"key":"PowerPotion"},{"floor":4,"key":"Strength Potion"},{"floor":18,"key":"Regen Potion"},{"floor":22,"key":"FearPotion"},{"floor":25,"key":"SpeedPotion"},{"floor":28,"key":"GhostInAJar"}],"is_trial":false,"path_per_floor":["M","?","?","?","M","E","R","E","T","E","M","R","M","$","R","B",null,"M","T","$","M","M","R","M","M","T","R","E","M","R","?","R","B",null,"M","$","?","M","$","R","M","R","T","R","?","?","M","M","R","B",null],"character_chosen":"THE_SILENT","items_purchased":["Cloak And Dagger","Glass Knife","Escape Plan","Lee\u0027s Waffle","Sucker Punch+1"],"campfire_rested":2,"item_purchase_floors":[14,14,20,36,39],"current_hp_per_floor":[59,52,47,47,47,47,47,35,35,6,6,25,25,25,44,22,55,50,50,50,50,48,60,59,57,57,66,56,48,60,60,66,35,58,48,73,73,73,73,73,57,69,69,73,73,73,71,71,73,38],"gold":129,"neow_bonus":"THREE_ENEMY_KILL","is_prod":false,"is_daily":false,"chose_seed":false,"campfire_upgraded":9,"win_rate":0,"timestamp":1546824370,"path_taken":["M","?","?","?","M","E","R","E","T","E","M","R","M","$","R","BOSS","M","?","$","M","M","R","M","M","T","R","E","M","R","?","R","BOSS","M","$","?","M","$","R","M","R","T","R","?","?","M","?","R","BOSS"],"build_version":"2019-01-03v4","purchased_purges":3,"victory":true,"max_hp_per_floor":[66,66,66,66,66,66,66,66,66,66,66,66,66,66,66,66,66,66,66,66,66,66,66,66,66,66,66,66,66,66,66,66,66,66,66,73,73,73,73,73,73,73,73,73,73,73,73,73,73,73],"card_choices":[{"not_picked":["Reflex","Tactician"],"picked":"Blade Dance","floor":1},{"not_picked":["Reflex","Outmaneuver","Prepared"],"picked":"SKIP","floor":5},{"not_picked":["Eviscerate","Riddle With Holes","Underhanded Strike"],"picked":"SKIP","floor":6},{"not_picked":["Cloak And Dagger","Dagger Throw"],"picked":"Envenom+1","floor":8},{"not_picked":["Flying Knee","Tactician"],"picked":"Backstab","floor":10},{"not_picked":["Flying Knee","Flechettes"],"picked":"Well Laid Plans+1","floor":11},{"not_picked":["Cloak And Dagger","Crippling Poison"],"picked":"Footwork+1","floor":13},{"not_picked":["Bullet Time","Malaise"],"picked":"After Image+1","floor":16},{"not_picked":["Deflect","Backflip"],"picked":"Cloak And Dagger","floor":18},{"not_picked":["Flying Knee+1","Backstab+1"],"picked":"PiercingWail","floor":21},{"not_picked":["Accuracy+1","Outmaneuver"],"picked":"Escape Plan","floor":22},{"not_picked":["Blur","PiercingWail"],"picked":"Catalyst","floor":24},{"not_picked":["Poisoned Stab+1","Eviscerate+1","Setup+1"],"picked":"SKIP","floor":25},{"not_picked":["Deadly Poison","PiercingWail","Riddle With Holes+1"],"picked":"SKIP","floor":28},{"not_picked":["Flying Knee+1","PiercingWail","Predator+1"],"picked":"SKIP","floor":29},{"not_picked":["Doppelganger","Phantasmal Killer"],"picked":"Tools of the Trade+1","floor":33},{"not_picked":["Dagger Throw+1","Flying Knee+1","All Out Attack+1"],"picked":"SKIP","floor":35},{"not_picked":["Outmaneuver+1","Expertise","Infinite Blades+1"],"picked":"SKIP","floor":38},{"not_picked":["Underhanded Strike+1","Dagger Spray+1","Deflect"],"picked":"SKIP","floor":41},{"not_picked":["Bandage Up","Finesse"],"picked":"Panacea","floor":45},{"not_picked":["Dagger Spray+1","Dash+1","Flechettes+1"],"picked":"SKIP","floor":47},{"not_picked":["PiercingWail","Acrobatics"],"picked":"A Thousand Cuts+1","floor":48}],"player_experience":348954,"relics_obtained":[{"floor":6,"key":"Frozen Egg 2"},{"floor":8,"key":"Bronze Scales"},{"floor":9,"key":"Bag of Marbles"},{"floor":10,"key":"Tiny Chest"},{"floor":19,"key":"Molten Egg 2"},{"floor":26,"key":"War Paint"},{"floor":28,"key":"Regal Pillow"},{"floor":37,"key":"Du-Vu Doll"},{"floor":43,"key":"Shuriken"}],"event_choices":[{"cards_removed":["Strike_G"],"damage_healed":0,"gold_gain":0,"player_choice":"Card Removal","damage_taken":7,"max_hp_gain":0,"max_hp_loss":0,"event_name":"Golden Wing","floor":2,"gold_loss":0},{"damage_healed":0,"gold_gain":0,"player_choice":"Success","damage_taken":5,"relics_obtained":["Snake Skull"],"max_hp_gain":0,"max_hp_loss":0,"event_name":"Scrap Ooze","floor":3,"gold_loss":0},{"damage_healed":0,"gold_gain":0,"player_choice":"Got Potions","damage_taken":0,"max_hp_gain":0,"max_hp_loss":0,"event_name":"Lab","floor":4,"gold_loss":0},{"damage_healed":0,"gold_gain":0,"player_choice":"Ignored","damage_taken":0,"max_hp_gain":0,"max_hp_loss":0,"event_name":"The Mausoleum","floor":31,"gold_loss":0},{"damage_healed":0,"gold_gain":0,"player_choice":"Fight","damage_taken":0,"max_hp_gain":0,"max_hp_loss":0,"event_name":"MindBloom","floor":37,"gold_loss":0},{"damage_healed":0,"gold_gain":0,"player_choice":"Memory 1","damage_taken":0,"max_hp_gain":0,"max_hp_loss":0,"event_name":"SensoryStone","floor":45,"gold_loss":0},{"damage_healed":0,"gold_gain":0,"cards_transformed":["Strike_G"],"player_choice":"Transformed","damage_taken":0,"max_hp_gain":0,"max_hp_loss":0,"event_name":"Transmorgrifier","floor":46,"gold_loss":0,"cards_obtained":["Poisoned Stab"]}],"is_beta":false,"boss_relics":[{"not_picked":["Orrery","White Beast Statue"],"picked":"Eternal Feather"},{"not_picked":["Snecko Eye","Cursed Key"],"picked":"Sozu"}],"items_purged_floors":[14,20,39],"is_endless":false,"potions_floor_spawned":[1,5,18,22,25,28,33,37,41,47],"ascension_level":16}