{"gold_per_floor":[112,124,141,159,179,179,179,179,179,212,212],"floor_reached":11,"playtime":1053,"items_purged":[],"score":113,"play_id":"92616b99-9978-4f5d-ae01-5e1a58bf2512","local_time":"20190113203047","is_ascension_mode":true,"campfire_choices":[{"data":"Body Slam","floor":6,"key":"SMITH"}],"neow_cost":"NONE","seed_source_timestamp":269440702888683,"circlet_count":0,"master_deck":["AscendersBane","Strike_R","Strike_R","Strike_R","Strike_R","Defend_R","Defend_R","Defend_R","Defend_R","Bash","Corruption+1","Shrug It Off","Body Slam+1","Sentinel","Parasite","Armaments"],"relics":["Burning Blood","Red Skull","Vajra"],"potions_floor_usage":[5],"damage_taken":[{"damage":12,"enemies":"Small Slimes","floor":1,"turns":5},{"damage":8,"enemies":"Jaw Worm","floor":2,"turns":4},{"damage":10,"enemies":"Cultist","floor":3,"turns":4},{"damage":10,"enemies":"Looter","floor":4,"turns":4},{"damage":50,"enemies":"Exordium Wildlife","floor":5,"turns":10},{"damage":20,"enemies":"Lagavulin","floor":10,"turns":6},{"damage":20,"enemies":"Exordium Thugs","floor":11,"turns":3}],"seed_played":"-6535959934835015884","potions_obtained":[{"floor":4,"key":"Dexterity Potion"}],"is_trial":false,"path_per_floor":["M","M","M","M","M","R","?","?","T","E","M"],"character_chosen":"IRONCLAD","items_purchased":[],"campfire_rested":0,"item_purchase_floors":[],"current_hp_per_floor":[66,64,60,56,12,12,12,32,32,18,0],"gold":212,"neow_bonus":"TRANSFORM_CARD","is_prod":false,"is_daily":false,"chose_seed":false,"campfire_upgraded":1,"win_rate":0,"timestamp":1547440247,"path_taken":["M","M","M","M","M","R","?","?","T","E","M"],"build_version":"2019-01-10","purchased_purges":0,"victory":false,"max_hp_per_floor":[80,80,80,80,80,80,80,80,80,80,80],"card_choices":[{"not_picked":["Havoc","Heavy Blade","Warcry"],"picked":"SKIP","floor":1},{"not_picked":["Headbutt","Entrench"],"picked":"Shrug It Off","floor":2},{"not_picked":["Fire Breathing","Twin Strike","Havoc"],"picked":"SKIP","floor":3},{"not_picked":["Sword Boomerang","Clothesline"],"picked":"Body Slam","floor":4},{"not_picked":["Fire Breathing","Uppercut"],"picked":"Sentinel","floor":5},{"not_picked":["Hemokinesis","Headbutt"],"picked":"Armaments","floor":10}],"player_experience":296738,"relics_obtained":[{"floor":9,"key":"Red Skull"},{"floor":10,"key":"Vajra"}],"event_choices":[{"damage_healed":0,"gold_gain":0,"player_choice":"Grow","damage_taken":0,"max_hp_gain":0,"max_hp_loss":0,"event_name":"Living Wall","floor":7,"gold_loss":0,"cards_upgraded":["Corruption"]},{"damage_healed":20,"gold_gain":0,"player_choice":"Healed and dodged fight","damage_taken":0,"max_hp_gain":0,"max_hp_loss":0,"event_name":"Mushrooms","floor":8,"gold_loss":0,"cards_obtained":["Parasite"]}],"is_beta":false,"boss_relics":[],"items_purged_floors":[],"is_endless":false,"potions_floor_spawned":[4],"killed_by":"Exordium Thugs","ascension_level":10}