{"gold_per_floor":[109,122,139,139,150,150,160,160,184,62,62,94,94,124,124,226,226,236,4,4,19,30,30,30],"floor_reached":24,"playtime":1347,"items_purged":[],"score":299,"play_id":"9b0f8c4e-4954-4322-8a6a-2cb899689534","local_time":"20180910002551","is_ascension_mode":true,"campfire_choices":[{"floor":6,"key":"REST"},{"floor":8,"key":"REST"},{"data":"True Grit","floor":13,"key":"SMITH"},{"data":"Metallicize","floor":15,"key":"SMITH"},{"floor":23,"key":"REST"}],"neow_cost":"","seed_source_timestamp":954400324042788,"circlet_count":0,"master_deck":["Strike_R","Strike_R","Strike_R","Strike_R","Defend_R","Defend_R","Defend_R","Defend_R","Bash","Shockwave+1","Body Slam","Headbutt","Clothesline","Bludgeon","Feel No Pain","True Grit+1","Metallicize+1","Ghostly Armor","Feed","True Grit+1","Armaments","True Grit+1","Ghostly Armor+1"],"relics":["Burning Blood","Bronze Scales","Boot","Oddly Smooth Stone","Black Star","Sling","MutagenicStrength"],"potions_floor_usage":[22,24],"damage_taken":[{"damage":6,"enemies":"Cultist","floor":1,"turns":4},{"damage":9,"enemies":"2 Louse","floor":2,"turns":3},{"damage":13,"enemies":"Jaw Worm","floor":3,"turns":4},{"damage":30,"enemies":"3 Louse","floor":5,"turns":4},{"damage":32,"enemies":"Large Slime","floor":7,"turns":7},{"damage":24,"enemies":"Gremlin Nob","floor":12,"turns":4},{"damage":25,"enemies":"3 Sentries","floor":14,"turns":8},{"damage":16,"enemies":"Hexaghost","floor":16,"turns":14},{"damage":37,"enemies":"2 Thieves","floor":18,"turns":5},{"damage":20,"enemies":"Chosen","floor":21,"turns":7},{"damage":28,"enemies":"Centurion and Healer","floor":22,"turns":9},{"damage":31,"enemies":"Book of Stabbing","floor":24,"turns":6}],"seed_played":"-4599075300247585036","potions_obtained":[{"floor":1,"key":"FairyPotion"},{"floor":7,"key":"Swift Potion"},{"floor":12,"key":"SpeedPotion"},{"floor":18,"key":"GamblersBrew"},{"floor":21,"key":"PowerPotion"}],"is_trial":false,"path_per_floor":["M","M","M","?","M","R","M","R","T","$","?","E","R","E","R","B",null,"M","$","?","M","M","R"],"character_chosen":"IRONCLAD","items_purchased":["Feel No Pain","True Grit","Sling","Armaments"],"campfire_rested":3,"item_purchase_floors":[10,10,19,19],"current_hp_per_floor":[72,69,62,62,38,62,36,60,60,60,60,42,42,23,23,13,63,35,35,35,21,7,31,0],"gold":30,"neow_bonus":"","is_prod":false,"is_daily":false,"chose_seed":false,"campfire_upgraded":2,"win_rate":0,"timestamp":1536557151,"path_taken":["M","M","?","?","M","R","M","R","T","$","?","E","R","E","R","BOSS","M","$","?","M","M","R","E"],"build_version":"2018-09-06","purchased_purges":0,"victory":false,"max_hp_per_floor":[80,80,80,80,80,80,80,80,80,80,80,80,80,80,80,80,80,83,83,83,83,83,83,83],"card_choices":[{"not_picked":["Hemokinesis","Shrug It Off"],"picked":"Shockwave","floor":1},{"not_picked":["Clash","Evolve"],"picked":"Body Slam","floor":2},{"not_picked":["Pummel","Flex"],"picked":"Headbutt","floor":3},{"not_picked":["Sever Soul","Dropkick"],"picked":"Clothesline","floor":5},{"not_picked":["True Grit","Armaments"],"picked":"Bludgeon","floor":7},{"not_picked":["Power Through","Flex"],"picked":"Metallicize","floor":12},{"not_picked":["Double Tap","Fire Breathing"],"picked":"Ghostly Armor","floor":14},{"not_picked":["Limit Break","Demon Form"],"picked":"Feed","floor":16},{"not_picked":["Wild Strike+1","Clothesline+1"],"picked":"True Grit+1","floor":18},{"not_picked":["Clothesline+1","Shrug It Off"],"picked":"True Grit+1","floor":21},{"not_picked":["Uppercut","Pummel"],"picked":"Ghostly Armor+1","floor":22}],"player_experience":296011,"relics_obtained":[{"floor":9,"key":"Bronze Scales"},{"floor":12,"key":"Boot"},{"floor":14,"key":"Oddly Smooth Stone"}],"event_choices":[{"event_name":"Living Wall","player_choice":"Grow","floor":4,"damage_taken":0},{"event_name":"Bonfire Elementals","player_choice":"BASIC","floor":11,"damage_taken":0},{"event_name":"Drug Dealer","player_choice":"Inject Mutagens","floor":20,"damage_taken":0}],"is_beta":false,"boss_relics":[{"not_picked":["Busted Crown","Snecko Eye"],"picked":"Black Star"}],"items_purged_floors":[],"is_endless":false,"potions_floor_spawned":[1,7,12,18,21],"killed_by":"Book of Stabbing","ascension_level":9}