{"gold_per_floor":[17,35,46,56,56,56,66,66,66,66,26,101,121,139,139,263,263,276,201,7,32,32,75,75,119,119,119,135,45,45,69,69,199,199,223,27,27,27,43,43,56,56,56,56,56,77,9,24,24,24],"floor_reached":51,"playtime":3548,"items_purged":["Strike_G"],"score":898,"play_id":"6036eaf6-86fa-4845-b36d-bd82a1dcbc03","local_time":"20180914133851","is_ascension_mode":true,"campfire_choices":[{"data":"Crippling Poison","floor":6,"key":"SMITH"},{"data":"Blur","floor":10,"key":"SMITH"},{"data":"Cloak And Dagger","floor":15,"key":"SMITH"},{"floor":24,"key":"REST"},{"floor":27,"key":"REST"},{"floor":30,"key":"REST"},{"floor":32,"key":"REST"},{"floor":42,"key":"REST"},{"floor":44,"key":"REST"},{"floor":45,"key":"REST"},{"floor":49,"key":"REST"}],"neow_cost":"NO_GOLD","seed_source_timestamp":1345340211220828,"circlet_count":0,"master_deck":["Defend_G","Defend_G","Defend_G","Defend_G","Defend_G","Strike_G","Survivor","Neutralize","Cloak And Dagger+1","Crippling Poison+1","Catalyst","Dagger Spray","Blur+1","Well Laid Plans","Quick Slash","Dodge and Roll","Glass Knife","Crippling Poison+1","Blade Dance","Accuracy","Slice","Apotheosis+1","Cloak And Dagger","Backflip","Bouncing Flask","Escape Plan+1","A Thousand Cuts","Envenom","Slice+1","Infinite Blades","Dash","Dodge and Roll+1","Deadly Poison+1","Cloak And Dagger+1","Footwork","PiercingWail+1"],"relics":["Ring of the Snake","Golden Idol","Ninja Scroll","Orrery","Happy Flower","Tough Bandages","Boot","Fusion Hammer","WingedGreaves","Toxic Egg 2"],"potions_floor_usage":[16,21,23,23,25,50,50],"damage_taken":[{"damage":5,"enemies":"Jaw Worm","floor":1,"turns":6},{"damage":2,"enemies":"Cultist","floor":2,"turns":4},{"damage":0,"enemies":"Small Slimes","floor":3,"turns":4},{"damage":3,"enemies":"Looter","floor":4,"turns":4},{"damage":0,"enemies":"Exordium Wildlife","floor":7,"turns":2},{"damage":0,"enemies":"3 Louse","floor":13,"turns":2},{"damage":0,"enemies":"2 Fungi Beasts","floor":14,"turns":2},{"damage":25,"enemies":"Hexaghost","floor":16,"turns":15},{"damage":9,"enemies":"Chosen","floor":18,"turns":4},{"damage":14,"enemies":"Shell Parasite","floor":21,"turns":4},{"damage":34,"enemies":"Slavers","floor":23,"turns":4},{"damage":28,"enemies":"Gremlin Leader","floor":25,"turns":8},{"damage":39,"enemies":"Cultist and Chosen","floor":28,"turns":7},{"damage":9,"enemies":"Centurion and Healer","floor":31,"turns":6},{"damage":42,"enemies":"Automaton","floor":33,"turns":11},{"damage":8,"enemies":"3 Shapes","floor":35,"turns":4},{"damage":22,"enemies":"Mind Bloom Boss Battle","floor":37,"turns":7},{"damage":4,"enemies":"3 Darklings","floor":39,"turns":5},{"damage":22,"enemies":"Maw","floor":41,"turns":5},{"damage":5,"enemies":"Transient","floor":46,"turns":5},{"damage":0,"enemies":"4 Shapes","floor":48,"turns":5},{"damage":44,"enemies":"Time Eater","floor":50,"turns":12}],"seed_played":"-5304858030959952633","potions_obtained":[{"floor":3,"key":"PowerPotion"},{"floor":4,"key":"FairyPotion"},{"floor":5,"key":"EntropicBrew"},{"floor":5,"key":"Fire Potion"},{"floor":14,"key":"Dexterity Potion"},{"floor":18,"key":"Ancient Potion"},{"floor":28,"key":"SteroidPotion"},{"floor":37,"key":"Dexterity Potion"}],"is_trial":false,"path_per_floor":["M","M","M","M","?","R","M","?","T","R","$","?","M","M","R","B",null,"M","?","$","M","$","E","R","E","T","R","M","?","R","M","R","B",null,"M","$","?","?","M","?","M","R","T","R","R","M","$","M","R","B"],"character_chosen":"THE_SILENT","items_purchased":["Well Laid Plans","Apotheosis","Infinite Blades","Energy Potion","Footwork"],"campfire_rested":8,"item_purchase_floors":[11,20,36,36,47],"current_hp_per_floor":[72,70,70,67,67,67,67,46,46,46,46,35,35,35,35,10,66,57,57,57,43,43,21,46,18,18,43,4,4,29,20,45,3,64,56,56,34,34,30,30,8,33,33,58,83,78,78,78,84,40],"gold":24,"neow_bonus":"TWENTY_PERCENT_HP_BONUS","is_prod":false,"is_daily":false,"chose_seed":false,"campfire_upgraded":3,"win_rate":0,"timestamp":1536950331,"path_taken":["M","M","M","M","?","R","?","?","T","R","?","?","M","M","R","BOSS","M","?","$","M","$","E","R","E","T","R","M","?","R","M","R","BOSS","M","$","?","?","M","?","M","R","T","R","R","?","?","M","R","BOSS"],"build_version":"2018-09-06","purchased_purges":1,"victory":true,"max_hp_per_floor":[84,84,84,84,84,84,84,84,84,84,84,84,84,84,84,84,84,84,84,84,84,84,84,84,84,84,84,84,84,84,84,84,84,84,84,84,84,84,84,84,84,84,84,84,84,84,84,84,84,84],"card_choices":[{"not_picked":["Sucker Punch","Poisoned Stab"],"picked":"Cloak And Dagger","floor":1},{"not_picked":["Predator","Dodge and Roll"],"picked":"Crippling Poison","floor":2},{"not_picked":["Deflect","Slice"],"picked":"Catalyst","floor":3},{"not_picked":["Acrobatics","Phantasmal Killer"],"picked":"Dagger Spray","floor":4},{"not_picked":["Dodge and Roll","Backflip"],"picked":"Blur","floor":7},{"not_picked":["Outmaneuver","Dagger Throw"],"picked":"Quick Slash","floor":13},{"not_picked":["Predator","Sucker Punch"],"picked":"Dodge and Roll","floor":14},{"not_picked":["Venomology","After Image"],"picked":"Glass Knife","floor":16},{"not_picked":["Quick Slash","Phantasmal Killer"],"picked":"Crippling Poison","floor":17},{"not_picked":["Prepared","Outmaneuver"],"picked":"Blade Dance","floor":17},{"not_picked":["Expertise","Deadly Poison"],"picked":"Accuracy","floor":17},{"not_picked":["Riddle With Holes+1","Tactician+1"],"picked":"Slice","floor":18},{"not_picked":["Endless Agony+1","Quick Slash+1"],"picked":"Cloak And Dagger","floor":21},{"not_picked":["Sucker Punch","Outmaneuver"],"picked":"Backflip","floor":23},{"not_picked":["Blade Dance","Crippling Poison"],"picked":"Bouncing Flask","floor":25},{"not_picked":["Dagger Throw+1","Underhanded Strike"],"picked":"Escape Plan+1","floor":28},{"not_picked":["Skewer","Dagger Spray"],"picked":"A Thousand Cuts","floor":31},{"not_picked":["Unload","Night Terror"],"picked":"Envenom","floor":33},{"not_picked":["Skewer+1","Deadly Poison"],"picked":"Slice+1","floor":35},{"not_picked":["Dagger Spray","Backstab+1"],"picked":"Dash","floor":37},{"not_picked":["Dagger Throw+1","Prepared+1"],"picked":"Dodge and Roll+1","floor":39},{"not_picked":["Setup+1","Outmaneuver+1"],"picked":"Deadly Poison+1","floor":41},{"not_picked":["Quick Slash","Dodge and Roll+1"],"picked":"Cloak And Dagger+1","floor":46},{"not_picked":["Concentrate+1","Dagger Spray"],"picked":"PiercingWail+1","floor":48}],"player_experience":337341,"relics_obtained":[{"floor":9,"key":"Ninja Scroll"},{"floor":23,"key":"Happy Flower"},{"floor":25,"key":"Tough Bandages"},{"floor":26,"key":"Boot"},{"floor":37,"key":"WingedGreaves"},{"floor":43,"key":"Toxic Egg 2"}],"event_choices":[{"event_name":"The Lab","player_choice":"Got Potions","floor":5,"damage_taken":0},{"event_name":"Golden Idol","player_choice":"Take Damage","floor":8,"damage_taken":0},{"event_name":"World of Goop","player_choice":"Gather Gold","floor":12,"damage_taken":0},{"event_name":"Beggar","player_choice":"Gave Gold","floor":19,"damage_taken":0},{"event_name":"Designer","player_choice":"Full Service","floor":29,"damage_taken":0},{"event_name":"MindBloom","player_choice":"Fight","floor":37,"damage_taken":0},{"event_name":"Purifier","player_choice":"One Purge","floor":38,"damage_taken":0},{"event_name":"Upgrade Shrine","player_choice":"Upgraded","floor":40,"damage_taken":0}],"is_beta":false,"boss_relics":[{"not_picked":["Pandora\u0027s Box","Ring of the Serpent"],"picked":"Orrery"},{"not_picked":["Astrolabe","Velvet Choker"],"picked":"Fusion Hammer"}],"items_purged_floors":[36],"is_endless":false,"potions_floor_spawned":[3,4,14,18,28,37,39,48],"ascension_level":6}