{"gold_per_floor":[115,115,115,24,37,67,81,81,81,106,119,119,294,69,69,167,167,182,34,54,54,54,54,86,86,135,146,156,175,175,187,187,187],"floor_reached":33,"playtime":1754,"items_purged":["Doubt"],"score":340,"play_id":"9ffb2374-bcd8-46a6-ba4a-93f1573c1653","local_time":"20190202222302","is_ascension_mode":true,"campfire_choices":[{"data":"Forethought","floor":8,"key":"SMITH"},{"data":"Neutralize","floor":12,"key":"SMITH"},{"data":"Sucker Punch","floor":15,"key":"SMITH"},{"data":"Calculated Gamble","floor":23,"key":"SMITH"},{"data":"Adrenaline","floor":25,"key":"SMITH"},{"floor":32,"key":"REST"}],"neow_cost":"NONE","seed_source_timestamp":554449099957674,"circlet_count":0,"master_deck":["Defend_G","Defend_G","Defend_G","Defend_G","Strike_G","Strike_G","Strike_G","Survivor","Neutralize+1","Deadly Poison","Outmaneuver","Forethought+1","Bouncing Flask","Sucker Punch+1","PiercingWail","Calculated Gamble+1","Cloak And Dagger","Burst","Bane","Dagger Throw","Adrenaline+1","Expertise","Shame","Underhanded Strike","Well Laid Plans+1","Poisoned Stab+1","Heel Hook+1"],"relics":["Ring of the Serpent","NeowsBlessing","FaceOfCleric","Mercury Hourglass","Happy Flower","Question Card","PreservedInsect","Anchor","Bag of Preparation","Strawberry","Smiling Mask"],"potions_floor_usage":[16,16,20,24,28,31,33,33,33,33,33],"damage_taken":[{"damage":0,"enemies":"Cultist","floor":1,"turns":1},{"damage":0,"enemies":"2 Louse","floor":5,"turns":1},{"damage":0,"enemies":"3 Sentries","floor":6,"turns":2},{"damage":0,"enemies":"Small Slimes","floor":7,"turns":2},{"damage":26,"enemies":"Gremlin Nob","floor":10,"turns":5},{"damage":5,"enemies":"Exordium Wildlife","floor":11,"turns":3},{"damage":34,"enemies":"The Guardian","floor":16,"turns":11},{"damage":9,"enemies":"Spheric Guardian","floor":18,"turns":4},{"damage":7,"enemies":"3 Byrds","floor":20,"turns":4},{"damage":20,"enemies":"Slavers","floor":24,"turns":3},{"damage":10,"enemies":"Snake Plant","floor":27,"turns":3},{"damage":22,"enemies":"Shelled Parasite and Fungi","floor":28,"turns":6},{"damage":26,"enemies":"Cultist and Chosen","floor":29,"turns":6},{"damage":0,"enemies":"Centurion and Healer","floor":31,"turns":5},{"damage":38,"enemies":"Champ","floor":33,"turns":9}],"seed_played":"-5842443262169860261","potions_obtained":[{"floor":5,"key":"SpeedPotion"},{"floor":7,"key":"Explosive Potion"},{"floor":11,"key":"SkillPotion"},{"floor":16,"key":"Block Potion"},{"floor":27,"key":"Regen Potion"},{"floor":29,"key":"Weak Potion"},{"floor":30,"key":"Ancient Potion"},{"floor":30,"key":"Block Potion"},{"floor":30,"key":"EntropicBrew"},{"floor":31,"key":"Fire Potion"}],"is_trial":false,"path_per_floor":["M","?","?","$","M","E","M","R","T","E","M","R","?","$","R","B",null,"M","$","M","?","?","R","E","R","T","M","M","M","?","M","R","B"],"character_chosen":"THE_SILENT","items_purchased":["Forethought","PreservedInsect","Anchor"],"campfire_rested":1,"item_purchase_floors":[4,14,19],"current_hp_per_floor":[70,70,70,70,71,72,73,73,73,48,44,44,44,44,44,11,76,68,68,62,62,62,62,50,50,50,41,35,10,10,11,38,0],"gold":187,"neow_bonus":"THREE_ENEMY_KILL","is_prod":false,"is_daily":false,"chose_seed":false,"campfire_upgraded":5,"win_rate":0,"timestamp":1549113782,"path_taken":["M","?","?","$","?","E","M","R","T","E","M","R","?","?","R","BOSS","M","$","M","?","?","R","E","R","T","M","M","M","?","?","R","BOSS"],"build_version":"2019-01-23","purchased_purges":1,"victory":false,"max_hp_per_floor":[70,70,70,70,71,72,73,73,73,74,75,75,75,75,75,76,76,77,77,78,78,78,78,86,86,86,87,88,89,89,90,90,90],"card_choices":[{"not_picked":["Quick Slash","Catalyst"],"picked":"Deadly Poison","floor":1},{"not_picked":["Poisoned Stab","PiercingWail"],"picked":"Bouncing Flask","floor":5},{"not_picked":["Tactician","Distraction"],"picked":"Sucker Punch","floor":6},{"not_picked":["Caltrops","Masterful Stab"],"picked":"PiercingWail","floor":7},{"not_picked":["Blade Dance","Distraction"],"picked":"Calculated Gamble","floor":10},{"not_picked":["Eviscerate","Backstab","Setup"],"picked":"Cloak And Dagger","floor":11},{"not_picked":["A Thousand Cuts","Grand Finale","Unload"],"picked":"Burst","floor":16},{"not_picked":["Cloak And Dagger","Flechettes+1","Sucker Punch"],"picked":"Bane","floor":18},{"not_picked":["Quick Slash","All Out Attack","Eviscerate"],"picked":"Dagger Throw","floor":20},{"not_picked":["Crippling Poison","Dash+1","Poisoned Stab"],"picked":"Underhanded Strike","floor":24},{"not_picked":["Reflex","PiercingWail+1","Cloak And Dagger","Endless Agony"],"picked":"SKIP","floor":27},{"not_picked":["Acrobatics","Catalyst","Distraction"],"picked":"Well Laid Plans+1","floor":28},{"not_picked":["Slice","Quick Slash","Glass Knife"],"picked":"Poisoned Stab+1","floor":29},{"not_picked":["Backflip","Blade Dance","Well Laid Plans"],"picked":"Heel Hook+1","floor":31}],"player_experience":59247,"relics_obtained":[{"floor":6,"key":"Mercury Hourglass"},{"floor":9,"key":"Happy Flower"},{"floor":10,"key":"Question Card"},{"floor":24,"key":"Strawberry"},{"floor":26,"key":"Smiling Mask"}],"event_choices":[{"damage_healed":0,"gold_gain":0,"cards_transformed":["Strike_G"],"player_choice":"Change","damage_taken":0,"max_hp_gain":0,"max_hp_loss":0,"event_name":"Living Wall","floor":2,"gold_loss":0,"cards_obtained":["Outmaneuver"]},{"damage_healed":0,"gold_gain":0,"player_choice":"Trade","damage_taken":0,"relics_obtained":["FaceOfCleric"],"max_hp_gain":0,"max_hp_loss":0,"event_name":"FaceTrader","floor":3,"gold_loss":0},{"damage_healed":0,"gold_gain":175,"player_choice":"AGREE","damage_taken":0,"max_hp_gain":0,"max_hp_loss":0,"event_name":"Liars Game","floor":13,"gold_loss":0,"cards_obtained":["Doubt"]},{"damage_healed":0,"gold_gain":0,"cards_transformed":["Defend_G","Strike_G"],"player_choice":"Became Test Subject","damage_taken":0,"max_hp_gain":0,"max_hp_loss":0,"event_name":"Drug Dealer","floor":21,"gold_loss":0,"cards_obtained":["Adrenaline","Expertise"]},{"damage_healed":0,"gold_gain":0,"player_choice":"Stole Relic","damage_taken":0,"relics_obtained":["Bag of Preparation"],"max_hp_gain":0,"max_hp_loss":0,"event_name":"Addict","floor":22,"gold_loss":0,"cards_obtained":["Shame"]},{"damage_healed":0,"gold_gain":0,"player_choice":"Got Potions","damage_taken":0,"max_hp_gain":0,"max_hp_loss":0,"event_name":"Lab","floor":30,"gold_loss":0}],"is_beta":false,"boss_relics":[{"not_picked":["Philosopher\u0027s Stone","Orrery"],"picked":"Ring of the Serpent"}],"items_purged_floors":[14],"is_endless":false,"potions_floor_spawned":[5,7,11,16,27,29,31],"killed_by":"Champ","ascension_level":1}