{"gold_per_floor":[17,17,31,31,49,49,69,69,137,160,191,113,113,127,127,251,251,369,329,269,86,86],"floor_reached":22,"playtime":1136,"items_purged":[],"score":184,"play_id":"839b3e7e-6485-4799-b3f1-df07e7a3053d","local_time":"20190131234622","is_ascension_mode":false,"campfire_choices":[{"data":"Runesmith:CraftFirestone","floor":6.0,"key":"SMITH"},{"floor":15,"key":"REST"}],"neow_cost":"NO_GOLD","seed_source_timestamp":0,"circlet_count":0,"master_deck":["Runesmith:Strike_RS","Runesmith:Strike_RS","Runesmith:Strike_RS","Runesmith:Strike_RS","Runesmith:Defend_RS","Runesmith:Defend_RS","Runesmith:Defend_RS","Runesmith:Defend_RS","Runesmith:CraftFirestone+1","Runesmith:Fortify","Runesmith:UnlimitedPower","Runesmith:EarthShield","Runesmith:Reinforce","Runesmith:CraftSpiculum","Runesmith:Supernova+1","Parasite","Runesmith:CraftProtectio","Runesmith:ConstructBifrost","Runesmith:LithiumIon","Runesmith:UnstableHammer","Runesmith:GenerateForcefield","Runesmith:CraftProtectio","Runesmith:CraftIncendium","Poisoned Strike"],"special_seed":0,"relics":["Runesmith:BrokenRuby","FossilizedHelix","Golden Idol","RoseTintedShades","Ice Cream","CosmicIsotope"],"potions_floor_usage":[16,16],"damage_taken":[{"damage":2.0,"enemies":"2 Louse","floor":1.0,"turns":3.0},{"damage":0.0,"enemies":"Small Slimes","floor":3.0,"turns":5.0},{"damage":7.0,"enemies":"Jaw Worm","floor":5.0,"turns":7.0},{"damage":10.0,"enemies":"Exordium Wildlife","floor":7.0,"turns":5.0},{"damage":18.0,"enemies":"3 Louse","floor":10.0,"turns":5.0},{"damage":15.0,"enemies":"3 Sentries","floor":11.0,"turns":12.0},{"damage":8,"enemies":"Lots of Slimes","floor":14,"turns":4},{"damage":6,"enemies":"Hexaghost","floor":16,"turns":12},{"damage":10,"enemies":"Spheric Guardian","floor":18,"turns":7},{"damage":21,"enemies":"2 Thieves","floor":20,"turns":4},{"damage":0,"enemies":"3 Cultists","floor":22,"turns":3}],"seed_played":"5408857111499791185","potions_obtained":[{"floor":1.0,"key":"Venom Potion"},{"floor":5.0,"key":"Toxic Potion"},{"floor":7.0,"key":"EssenceOfSteel"},{"floor":11.0,"key":"SkillPotion"},{"floor":16,"key":"LifebloodPotion"}],"is_trial":false,"path_per_floor":["M","?","M","?","M","R","M","?","T","M","E","$","T","M","R","B",null,"M","?","M","$","M"],"character_chosen":"RUNESMITH_CLASS","items_purchased":["Runesmith:LithiumIon","Poisoned Strike"],"campfire_rested":1,"item_purchase_floors":[12,21],"current_hp_per_floor":[68,50,50,50,43,43,33,49,49,31,16,16,16,8,27,21,65,55,55,34,34,34],"gold":86,"neow_bonus":"THREE_RARE_CARDS","is_prod":false,"is_daily":false,"chose_seed":false,"campfire_upgraded":1,"win_rate":0.0,"timestamp":1548996382,"path_taken":["M","?","M","?","M","R","M","?","T","M","E","$","?","?","R","BOSS","M","?","?","$","M"],"build_version":"2019-01-23","purchased_purges":0,"victory":false,"max_hp_per_floor":[70,70,70,65,65,65,65,65,65,65,65,65,65,65,65,65,65,65,65,65,65,65],"card_choices":[{"not_picked":["Runesmith:CraftIndustria","Runesmith:GrandSlam"],"picked":"Runesmith:UnlimitedPower","floor":0.0},{"not_picked":["Runesmith:Empowerment","Runesmith:UnstableHammer"],"picked":"Runesmith:EarthShield","floor":1.0},{"not_picked":["Runesmith:PerfectChisel","Runesmith:Malloc"],"picked":"Runesmith:Reinforce","floor":3.0},{"not_picked":["Runesmith:DoubleUp","Runesmith:EarthShield"],"picked":"Runesmith:CraftSpiculum","floor":5.0},{"not_picked":["Runesmith:ChiselStab","Runesmith:HeatedChisel"],"picked":"Runesmith:Supernova","floor":7.0},{"not_picked":["Runesmith:HammerTime","Runesmith:EarthShield"],"picked":"Runesmith:CraftProtectio","floor":10.0},{"not_picked":["Runesmith:CraftMagma","Runesmith:MakeshiftArmor"],"picked":"Runesmith:ConstructBifrost","floor":11.0},{"not_picked":["Runesmith:EnergizedChisel","Runesmith:EarthShield"],"picked":"Runesmith:UnstableHammer","floor":14},{"not_picked":["Runesmith:LastStand","Runesmith:FissionHammer"],"picked":"Runesmith:GenerateForcefield","floor":16},{"not_picked":["Runesmith:Grindstone","Runesmith:StaticCage"],"picked":"Runesmith:CraftProtectio","floor":18},{"not_picked":["Runesmith:ChiselStab","Runesmith:HammerThrow"],"picked":"Runesmith:CraftIncendium","floor":20}],"player_experience":1178948,"relics_obtained":[{"floor":11.0,"key":"RoseTintedShades"},{"floor":13.0,"key":"Ice Cream"}],"event_choices":[{"damage_healed":0.0,"max_hp_gain":0.0,"max_hp_loss":0.0,"gold_gain":0.0,"event_name":"Scrap Ooze","player_choice":"Success","floor":2.0,"gold_loss":0.0,"damage_taken":18.0,"relics_obtained":["FossilizedHelix"]},{"damage_healed":0.0,"max_hp_gain":0.0,"max_hp_loss":5.0,"gold_gain":0.0,"event_name":"Golden Idol","player_choice":"Lose Max HP","floor":4.0,"gold_loss":0.0,"damage_taken":0.0,"relics_obtained":["Golden Idol"]},{"damage_healed":16.0,"max_hp_gain":0.0,"max_hp_loss":0.0,"gold_gain":0.0,"event_name":"Mushrooms","player_choice":"Healed and dodged fight","floor":8.0,"gold_loss":0.0,"damage_taken":0.0,"cards_obtained":["Parasite"]},{"damage_healed":0,"gold_gain":0,"player_choice":"Upgrade","damage_taken":0,"max_hp_gain":0,"max_hp_loss":0,"event_name":"Designer","floor":19,"gold_loss":40,"cards_upgraded":["Runesmith:Supernova"]}],"is_beta":true,"boss_relics":[{"not_picked":["Busted Crown","Cursed Key"],"picked":"CosmicIsotope"}],"items_purged_floors":[],"is_endless":false,"potions_floor_spawned":[1,5,7,11,16],"killed_by":"3 Cultists","ascension_level":0}