{"gold_per_floor":[118,118,43,43,62,62,78,102,102,102,140,140,140,164,164,295,295,308,324,324,14,39,39,80,104,104,104],"floor_reached":27,"playtime":2745,"items_purged":["Writhe"],"score":431,"play_id":"3a31467f-e03b-4d0c-b624-bd2e8f299036","local_time":"20190127163217","is_ascension_mode":true,"campfire_choices":[{"data":"Sunder","floor":6,"key":"SMITH"},{"data":"Zap","floor":10,"key":"SMITH"},{"data":"Scrape","floor":13,"key":"SMITH"},{"data":"Tempest","floor":15,"key":"SMITH"},{"data":"Machine Learning","floor":23,"key":"SMITH"}],"neow_cost":"CURSE","seed_source_timestamp":1463038124234718,"circlet_count":0,"master_deck":["Strike_B","Strike_B","Defend_B","Defend_B","Defend_B","Defend_B","Zap+1","Dualcast+1","Steam Power","All For One","Tempest+1","Sunder+1","Scrape+1","Go for the Eyes","BootSequence","Go for the Eyes","Machine Learning+1","Coolheaded","Redo+1"],"relics":["Cracked Core","Golden Idol","DataDisk","Mercury Hourglass","Philosopher\u0027s Stone","StoneCalendar","Ancient Tea Set","Frozen Egg 2"],"potions_floor_usage":[11,16,16,16,24,24,25],"damage_taken":[{"damage":3,"enemies":"2 Louse","floor":1,"turns":2},{"damage":2,"enemies":"Jaw Worm","floor":5,"turns":3},{"damage":0,"enemies":"Cultist","floor":7,"turns":2},{"damage":13,"enemies":"Blue Slaver","floor":8,"turns":2},{"damage":0,"enemies":"Gremlin Nob","floor":11,"turns":2},{"damage":0,"enemies":"3 Louse","floor":14,"turns":1},{"damage":0,"enemies":"Hexaghost","floor":16,"turns":5},{"damage":11,"enemies":"2 Thieves","floor":18,"turns":3},{"damage":0,"enemies":"Shell Parasite","floor":19,"turns":2},{"damage":0,"enemies":"Cultist and Chosen","floor":22,"turns":3},{"damage":6,"enemies":"Book of Stabbing","floor":24,"turns":3},{"damage":17,"enemies":"Shelled Parasite and Fungi","floor":25,"turns":4},{"damage":49,"enemies":"Slavers","floor":27,"turns":3}],"seed_played":"-490721089658514293","potions_obtained":[{"floor":5,"key":"SkillPotion"},{"floor":8,"key":"EssenceOfSteel"},{"floor":11,"key":"Dexterity Potion"},{"floor":14,"key":"AttackPotion"},{"floor":19,"key":"Block Potion"},{"floor":20,"key":"Fire Potion"},{"floor":20,"key":"PowerPotion"},{"floor":25,"key":"Ancient Potion"}],"is_trial":false,"path_per_floor":["M","?","$","?","M","R","M","M","T","R","E","?","R","M","R","B",null,"M","M","?","$","M","R","E","M","T","E"],"character_chosen":"DEFECT","items_purchased":["StoneCalendar"],"campfire_rested":0,"item_purchase_floors":[21],"current_hp_per_floor":[65,65,65,65,63,63,63,50,50,50,50,43,43,43,43,43,67,56,56,56,56,56,56,50,33,33,0],"gold":104,"neow_bonus":"TRANSFORM_TWO_CARDS","is_prod":false,"is_daily":false,"chose_seed":false,"campfire_upgraded":5,"win_rate":0,"timestamp":1548635537,"path_taken":["M","?","$","?","M","R","?","M","T","R","E","?","R","M","R","BOSS","M","M","?","$","M","R","E","?","T","E"],"build_version":"2019-01-23","purchased_purges":1,"victory":false,"max_hp_per_floor":[75,75,75,75,75,75,75,75,75,75,75,75,75,75,75,75,75,75,75,75,75,75,75,75,75,75,75],"card_choices":[{"not_picked":["Steam Power","Barrage"],"picked":"Tempest","floor":1},{"not_picked":["Coolheaded","Turbo"],"picked":"Sunder","floor":5},{"not_picked":["Streamline","Barrage"],"picked":"Scrape","floor":7},{"not_picked":["Thunder Strike","Hologram"],"picked":"Go for the Eyes","floor":8},{"not_picked":["Go for the Eyes","Leap"],"picked":"BootSequence","floor":11},{"not_picked":["Turbo","Undo"],"picked":"Go for the Eyes","floor":14},{"not_picked":["Multi-Cast","Creative AI"],"picked":"Machine Learning","floor":16},{"not_picked":["Ball Lightning","Sweeping Beam"],"picked":"Coolheaded","floor":18},{"not_picked":["Go for the Eyes","Rebound"],"picked":"Redo+1","floor":19},{"not_picked":["Redo","Ball Lightning+1","Rebound"],"picked":"SKIP","floor":22},{"not_picked":["Melter","Turbo+1","Gash"],"picked":"SKIP","floor":24},{"not_picked":["Heatsinks","Coolheaded","Compile Driver"],"picked":"SKIP","floor":25}],"player_experience":506630,"relics_obtained":[{"floor":9,"key":"DataDisk"},{"floor":11,"key":"Mercury Hourglass"},{"floor":24,"key":"Ancient Tea Set"},{"floor":26,"key":"Frozen Egg 2"}],"event_choices":[{"damage_healed":0,"gold_gain":0,"player_choice":"Take Wound","damage_taken":0,"relics_obtained":["Golden Idol"],"max_hp_gain":0,"max_hp_loss":0,"event_name":"Golden Idol","floor":2,"gold_loss":0,"cards_obtained":["Injury"]},{"damage_healed":0,"gold_gain":0,"player_choice":"Upgraded","damage_taken":0,"max_hp_gain":0,"max_hp_loss":0,"event_name":"Upgrade Shrine","floor":4,"gold_loss":0,"cards_upgraded":["Dualcast"]},{"cards_removed":["Injury"],"damage_healed":0,"gold_gain":0,"player_choice":"Card Removal","damage_taken":7,"max_hp_gain":0,"max_hp_loss":0,"event_name":"Golden Wing","floor":12,"gold_loss":0},{"damage_healed":0,"gold_gain":0,"player_choice":"Got Potions","damage_taken":0,"max_hp_gain":0,"max_hp_loss":0,"event_name":"Lab","floor":20,"gold_loss":0}],"is_beta":false,"boss_relics":[{"not_picked":["Nuclear Battery","Astrolabe"],"picked":"Philosopher\u0027s Stone"}],"items_purged_floors":[3],"is_endless":false,"potions_floor_spawned":[5,8,11,14,19,25],"killed_by":"Slavers","ascension_level":8}