{"gold_per_floor":[118,118,137,147,45,45,72,72,97,108,108,27,45,56,56,156,156,172,192,192,192,192,192,36,36,62,95,108,123,204,218,218,323,323,337,337,337,351,159,159],"floor_reached":40,"playtime":990,"items_purged":["Strike_G","Tactician"],"score":528,"play_id":"b9bd633f-6577-4ed6-8378-7628bc7803e5","local_time":"20181115011648","is_ascension_mode":true,"campfire_choices":[{"floor":6,"key":"REST"},{"floor":8,"key":"REST"},{"floor":15,"key":"REST"},{"floor":23,"key":"REST"},{"floor":25,"key":"REST"},{"floor":32,"key":"REST"}],"neow_cost":"NONE","seed_source_timestamp":22574396079387,"circlet_count":0,"master_deck":["Survivor","Neutralize+1","Skewer+1","Cloak And Dagger","Dagger Spray","Footwork","Die Die Die","Prepared","Prepared","Sucker Punch","Skewer","Sucker Punch+1","Dagger Spray","Poisoned Stab","Backflip","Poisoned Stab+1","Terror+1","PiercingWail+1","Flash of Steel"],"relics":["Fusion Hammer","Centennial Puzzle","Happy Flower","Pandora\u0027s Box","Whetstone","Orichalcum","Pen Nib","Pantograph","Philosopher\u0027s Stone","Bronze Scales"],"potions_floor_usage":[7,7,16,16,27,29,33],"damage_taken":[{"damage":0,"enemies":"Small Slimes","floor":1,"turns":5},{"damage":0,"enemies":"Jaw Worm","floor":3,"turns":4},{"damage":0,"enemies":"Cultist","floor":4,"turns":3},{"damage":2,"enemies":"Lagavulin","floor":7,"turns":5},{"damage":0,"enemies":"2 Fungi Beasts","floor":10,"turns":2},{"damage":4,"enemies":"Blue Slaver","floor":13,"turns":2},{"damage":0,"enemies":"3 Louse","floor":14,"turns":3},{"damage":32,"enemies":"Hexaghost","floor":16,"turns":13},{"damage":11,"enemies":"Spheric Guardian","floor":18,"turns":3},{"damage":19,"enemies":"2 Thieves","floor":19,"turns":3},{"damage":40,"enemies":"Slavers","floor":27,"turns":4},{"damage":9,"enemies":"Centurion and Healer","floor":28,"turns":5},{"damage":6,"enemies":"Cultist and Chosen","floor":29,"turns":3},{"damage":10,"enemies":"Snake Plant","floor":31,"turns":3},{"damage":43,"enemies":"Automaton","floor":33,"turns":8},{"damage":43,"enemies":"3 Shapes","floor":35,"turns":2},{"damage":1,"enemies":"3 Darklings","floor":38,"turns":4},{"damage":38,"enemies":"Nemesis","floor":40,"turns":3}],"seed_played":"4472272119827440995","potions_obtained":[{"floor":1,"key":"FearPotion"},{"floor":4,"key":"Energy Potion"},{"floor":13,"key":"Regen Potion"},{"floor":14,"key":"Block Potion"},{"floor":19,"key":"Strength Potion"},{"floor":27,"key":"SkillPotion"},{"floor":31,"key":"PowerPotion"}],"is_trial":false,"path_per_floor":["M","?","M","M","$","R","E","R","T","M","?","$","M","M","R","B",null,"M","M","?","?","?","R","$","R","T","E","M","M","T","M","R","B",null,"M","?","?","M","$","E"],"character_chosen":"THE_SILENT","items_purchased":["Dagger Spray","Footwork","Whetstone","Flash of Steel"],"campfire_rested":6,"item_purchase_floors":[5,12,24,39],"current_hp_per_floor":[63,63,63,63,63,70,68,70,70,70,70,70,66,66,70,50,65,54,35,22,47,47,69,69,75,75,35,26,20,20,10,32,14,60,17,17,17,16,16,0],"gold":159,"neow_bonus":"BOSS_RELIC","is_prod":false,"is_daily":false,"chose_seed":false,"campfire_upgraded":0,"win_rate":0,"timestamp":1542244608,"path_taken":["M","?","M","M","$","R","E","R","T","M","?","$","?","M","R","BOSS","M","M","?","?","?","R","$","R","T","E","M","M","?","M","R","BOSS","M","?","?","?","$","E"],"build_version":"2018-11-08","purchased_purges":2,"victory":false,"max_hp_per_floor":[70,70,70,70,70,70,70,70,70,70,70,70,70,70,70,70,70,70,70,75,75,75,75,75,75,75,75,75,75,75,75,75,75,75,75,75,75,75,75,75],"card_choices":[{"not_picked":["Reflex","Underhanded Strike","Calculated Gamble"],"picked":"SKIP","floor":1},{"not_picked":["Backflip","Calculated Gamble"],"picked":"Skewer","floor":3},{"not_picked":["Flechettes","Slice"],"picked":"Cloak And Dagger","floor":4},{"not_picked":["Poisoned Stab","Bane","Flechettes"],"picked":"SKIP","floor":7},{"not_picked":["Bane","Bullet Time","Underhanded Strike"],"picked":"SKIP","floor":10},{"not_picked":["Bane","Slice","Deadly Poison"],"picked":"SKIP","floor":13},{"not_picked":["Underhanded Strike","Deflect","Dagger Spray"],"picked":"SKIP","floor":14},{"not_picked":["Venomology","Tools of the Trade"],"picked":"Die Die Die","floor":16},{"not_picked":["Blade Dance","Distraction"],"picked":"Backflip","floor":18},{"not_picked":["Quick Slash","Underhanded Strike"],"picked":"Poisoned Stab+1","floor":19},{"not_picked":["Deadly Poison","All Out Attack","Calculated Gamble"],"picked":"SKIP","floor":27},{"not_picked":["Underhanded Strike","Quick Slash"],"picked":"Slice","floor":28},{"not_picked":["Predator","Backflip","Dodge and Roll"],"picked":"SKIP","floor":29},{"not_picked":["Flying Knee","Heel Hook","Riddle With Holes"],"picked":"SKIP","floor":31},{"not_picked":["Dagger Spray","Well Laid Plans"],"picked":"Terror+1","floor":35},{"not_picked":["Blur","Dagger Spray"],"picked":"PiercingWail+1","floor":38}],"player_experience":166263,"relics_obtained":[{"floor":7,"key":"Centennial Puzzle"},{"floor":9,"key":"Happy Flower"},{"floor":26,"key":"Orichalcum"},{"floor":27,"key":"Pen Nib"},{"floor":30,"key":"Pantograph"}],"event_choices":[{"damage_healed":0,"gold_gain":0,"player_choice":"Grow","damage_taken":0,"max_hp_gain":0,"max_hp_loss":0,"event_name":"Living Wall","floor":2,"gold_loss":0,"cards_upgraded":["Neutralize"]},{"damage_healed":0,"gold_gain":0,"player_choice":"Bought 0 Potions","damage_taken":0,"max_hp_gain":0,"max_hp_loss":0,"event_name":"The Woman in Blue","floor":11,"gold_loss":0},{"damage_healed":0,"gold_gain":0,"player_choice":"Shed Blood","damage_taken":18,"max_hp_gain":5,"max_hp_loss":0,"event_name":"Forgotten Altar","floor":20,"gold_loss":0},{"damage_healed":25,"gold_gain":0,"player_choice":"Heal","damage_taken":0,"max_hp_gain":0,"max_hp_loss":0,"event_name":"The Library","floor":21,"gold_loss":0},{"damage_healed":0,"gold_gain":0,"player_choice":"Simplicity","damage_taken":0,"max_hp_gain":0,"max_hp_loss":0,"event_name":"Back to Basics","floor":22,"gold_loss":0,"cards_upgraded":[]},{"cards_removed":["Slice"],"damage_healed":0,"gold_gain":0,"player_choice":"Removed Attack","damage_taken":0,"max_hp_gain":0,"max_hp_loss":0,"event_name":"Falling","floor":36,"gold_loss":0},{"cards_removed":["Concentrate"],"damage_healed":0,"gold_gain":0,"player_choice":"Gave Card","damage_taken":0,"relics_obtained":["Bronze Scales"],"max_hp_gain":0,"max_hp_loss":0,"event_name":"WeMeetAgain","floor":37,"gold_loss":0}],"is_beta":false,"boss_relics":[{"not_picked":["Black Star","WristBlade"],"picked":"Pandora\u0027s Box"},{"not_picked":["Runic Pyramid","Calling Bell"],"picked":"Philosopher\u0027s Stone"}],"items_purged_floors":[5,39],"is_endless":false,"potions_floor_spawned":[1,4,13,14,19,27,31],"killed_by":"Nemesis","ascension_level":6}