{"gold_per_floor":[119,119,137,137,152,152,190,208,208,226,226,244,244],"floor_reached":13,"playtime":1340,"items_purged":[],"score":100,"play_id":"809c5c98-04a4-487c-8462-1c8dd7fe4105","local_time":"20180820205516","is_ascension_mode":true,"campfire_choices":[{"floor":6,"key":"REST"},{"floor":11,"key":"REST"}],"neow_cost":"NONE","seed_source_timestamp":1286778779987423,"circlet_count":0,"master_deck":["Defend_G","Defend_G","Defend_G","Defend_G","Defend_G","Strike_G","Strike_G","Strike_G","Strike_G","Survivor","Neutralize","Leg Sweep","Poisoned Stab","Acrobatics","Blade Dance","PiercingWail","Dodge and Roll","Catalyst"],"relics":["Lizard Tail","Golden Idol","Pen Nib","Matryoshka"],"potions_floor_usage":[10,10,10,13],"damage_taken":[{"damage":1,"enemies":"Small Slimes","floor":1,"turns":4},{"damage":0,"enemies":"2 Louse","floor":3,"turns":5},{"damage":2,"enemies":"Jaw Worm","floor":5,"turns":5},{"damage":56,"enemies":"3 Sentries","floor":7,"turns":15},{"damage":4,"enemies":"Looter","floor":8,"turns":5},{"damage":12,"enemies":"Exordium Wildlife","floor":10,"turns":4},{"damage":12,"enemies":"Exordium Thugs","floor":12,"turns":8},{"damage":54,"enemies":"Lagavulin","floor":13,"turns":9}],"seed_played":"715027290231281606","potions_obtained":[{"floor":1,"key":"SteroidPotion"},{"floor":3,"key":"FearPotion"},{"floor":7,"key":"Ancient Potion"},{"floor":12,"key":"Weak Potion"}],"is_trial":false,"path_per_floor":["M","?","M","?","M","R","E","M","T","M","R","M"],"character_chosen":"THE_SILENT","items_purchased":[],"campfire_rested":2,"item_purchase_floors":[],"current_hp_per_floor":[69,62,62,45,43,64,8,4,4,35,56,44,0],"gold":244,"neow_bonus":"BOSS_RELIC","is_prod":false,"is_daily":false,"chose_seed":false,"campfire_upgraded":0,"win_rate":0,"timestamp":1534816516,"path_taken":["M","?","M","?","M","R","E","M","T","?","R","M","E"],"build_version":"2018-08-16","purchased_purges":0,"victory":false,"max_hp_per_floor":[70,70,70,70,70,70,70,70,70,70,70,70,70],"card_choices":[{"not_picked":["Bouncing Flask","Flying Knee"],"picked":"Leg Sweep","floor":1},{"not_picked":["Dagger Throw","Bane"],"picked":"Poisoned Stab","floor":3},{"not_picked":["Underhanded Strike","Dagger Spray"],"picked":"Acrobatics","floor":5},{"not_picked":["PiercingWail","Slice"],"picked":"Blade Dance","floor":7},{"not_picked":["Sucker Punch","Flying Knee"],"picked":"PiercingWail","floor":8},{"not_picked":["Deflect","Prepared"],"picked":"Dodge and Roll","floor":10},{"not_picked":["Dash","Bullet Time"],"picked":"Catalyst","floor":12}],"player_experience":163474,"relics_obtained":[{"floor":7,"key":"Pen Nib"},{"floor":9,"key":"Matryoshka"}],"event_choices":[{"event_name":"Golden Wing","player_choice":"Card Removal","floor":2,"damage_taken":0},{"event_name":"Golden Idol","player_choice":"Take Damage","floor":4,"damage_taken":0}],"is_beta":false,"boss_relics":[],"items_purged_floors":[],"is_endless":false,"potions_floor_spawned":[1,3,7,12],"killed_by":"Lagavulin","ascension_level":3}