{"gold_per_floor":[119,119,119,119,14,14,14,14,14,14,14,26,26,57,57,156,156,167,179,179,179,191,191,191,191,191,53,64,64,96,107,107,210,210,225,225,225,49,66,66,93,93,120,120,20,32,44,55,55,55],"floor_reached":50,"playtime":3082,"items_purged":["Shame"],"score":584,"play_id":"e199ca93-169e-4a60-be3d-58e83ffadb4a","local_time":"20190204135343","is_ascension_mode":false,"campfire_choices":[{"data":"Body Slam","floor":6,"key":"SMITH"},{"data":"Spot Weakness","floor":8,"key":"SMITH"},{"floor":15,"key":"RECALL"},{"floor":23,"key":"REST"},{"floor":25,"key":"REST"},{"floor":32,"key":"REST"},{"floor":40,"key":"REST"},{"floor":42,"key":"REST"},{"floor":44,"key":"REST"},{"floor":49,"key":"REST"}],"neow_cost":"NONE","seed_source_timestamp":260883787816174,"circlet_count":0,"master_deck":["Defend_R+1","Defend_R+1","Defend_R+1","Defend_R+1","Bash+1","Spot Weakness+1","Cleave","Body Slam+1","Shrug It Off","Heavy Blade","Reaper","Shockwave+1","Body Slam+1","Bite","Bite","Bite","Bite+1","Bite","Rage+1","Reaper+1","Whirlwind+1","Shrug It Off+1","Rampage+1","Feed+1","Regret","Regret","Burning Pact","Master of Strategy","Master of Strategy","Magnetism","Writhe","Chrysalis","Battle Trance","True Grit+1","Headbutt+1","Ghostly Armor","Shrug It Off+1"],"relics":["Philosopher\u0027s Stone","Oddly Smooth Stone","Pen Nib","Fusion Hammer","Molten Egg 2","Smiling Mask","Whetstone","Calling Bell","Art of War","Paper Frog","FossilizedHelix","Ginger","Boot"],"potions_floor_usage":[16,50],"damage_taken":[{"damage":3,"enemies":"2 Louse","floor":1,"turns":4},{"damage":0,"enemies":"Small Slimes","floor":12,"turns":2},{"damage":4,"enemies":"3 Sentries","floor":14,"turns":5},{"damage":50,"enemies":"Slime Boss","floor":16,"turns":7},{"damage":0,"enemies":"Chosen","floor":18,"turns":2},{"damage":11,"enemies":"2 Thieves","floor":19,"turns":4},{"damage":9,"enemies":"Snake Plant","floor":22,"turns":3},{"damage":0,"enemies":"3 Cultists","floor":28,"turns":5},{"damage":15,"enemies":"Slavers","floor":30,"turns":3},{"damage":16,"enemies":"Shelled Parasite and Fungi","floor":31,"turns":4},{"damage":53,"enemies":"Champ","floor":33,"turns":11},{"damage":15,"enemies":"3 Shapes","floor":35,"turns":4},{"damage":33,"enemies":"3 Darklings","floor":39,"turns":4},{"damage":23,"enemies":"Giant Head","floor":41,"turns":7},{"damage":24,"enemies":"4 Shapes","floor":46,"turns":2},{"damage":23,"enemies":"Transient","floor":47,"turns":5},{"damage":26,"enemies":"Writhing Mass","floor":48,"turns":6},{"damage":45,"enemies":"Time Eater","floor":50,"turns":4}],"seed_played":"2736034850711434466","potions_obtained":[{"floor":1,"key":"SpeedPotion"},{"floor":14,"key":"Weak Potion"},{"floor":18,"key":"LiquidBronze"},{"floor":28,"key":"SpeedPotion"},{"floor":31,"key":"PowerPotion"}],"is_trial":false,"path_per_floor":["M","?","?","?","$","R","$","R","T","$","$","M","?","E","R","B",null,"M","M","?","?","M","R","?","R","T","$","M","?","E","M","R","B",null,"M","?","?","$","M","R","E","R","T","R","$","M","M","M","R","B"],"character_chosen":"IRONCLAD","items_purchased":["Cleave","Body Slam","Reaper+1","Chrysalis","Headbutt+1"],"campfire_rested":7,"item_purchase_floors":[5,5,27,38,45],"current_hp_per_floor":[77,70,54,51,51,51,51,51,51,51,51,51,56,52,52,2,85,85,79,59,49,46,64,64,64,64,64,64,64,64,54,64,28,64,64,54,64,64,57,64,47,64,64,64,64,45,35,17,37,0],"gold":55,"neow_bonus":"BOSS_RELIC","is_prod":false,"is_daily":false,"chose_seed":false,"campfire_upgraded":2,"win_rate":0,"timestamp":1549284823,"path_taken":["M","?","?","?","$","R","$","R","T","?","$","M","?","E","R","BOSS","M","M","?","?","?","R","?","R","T","$","M","?","E","?","R","BOSS","M","?","?","$","M","R","E","R","T","R","?","M","?","M","R","BOSS"],"build_version":"2019-01-23","purchased_purges":1,"victory":false,"max_hp_per_floor":[80,80,80,80,80,80,80,80,80,80,80,80,85,85,85,85,85,85,85,59,64,64,64,64,64,64,64,64,64,64,64,64,64,64,64,64,64,64,64,64,64,64,64,64,64,64,64,68,68,68],"card_choices":[{"not_picked":["Flex","Wild Strike"],"picked":"Spot Weakness","floor":1},{"not_picked":["Corruption","Rampage"],"picked":"Shrug It Off","floor":12},{"not_picked":["Infernal Blade","Perfected Strike"],"picked":"Heavy Blade","floor":14},{"not_picked":["Exhume","Demon Form"],"picked":"Reaper","floor":16},{"not_picked":["Flex","Perfected Strike"],"picked":"Shockwave+1","floor":18},{"not_picked":["Spot Weakness","Bloodletting"],"picked":"Body Slam+1","floor":19},{"not_picked":["Anger+1","Perfected Strike"],"picked":"Rage+1","floor":22},{"not_picked":["Headbutt+1","Iron Wave+1"],"picked":"Whirlwind+1","floor":28},{"not_picked":["Inflame","Exhume"],"picked":"Shrug It Off+1","floor":30},{"not_picked":["Havoc","Whirlwind+1"],"picked":"Rampage+1","floor":31},{"not_picked":["Exhume","Dark Embrace"],"picked":"Feed+1","floor":33},{"not_picked":["Sword Boomerang+1","Uppercut+1"],"picked":"Burning Pact","floor":35},{"not_picked":["Swift Strike+1","Bandage Up"],"picked":"Master of Strategy","floor":36},{"not_picked":["Impatience","Enlightenment"],"picked":"Master of Strategy","floor":36},{"not_picked":["Finesse","Flash of Steel+1"],"picked":"Magnetism","floor":36},{"not_picked":["Uppercut+1","Rage"],"picked":"Battle Trance","floor":39},{"not_picked":["Rage","Headbutt+1"],"picked":"True Grit+1","floor":41},{"not_picked":["Rage+1","Intimidate+1"],"picked":"Ghostly Armor","floor":46},{"not_picked":["Sentinel","Rage+1","Dropkick+1"],"picked":"SKIP","floor":47},{"not_picked":["Infernal Blade","Uppercut+1"],"picked":"Shrug It Off+1","floor":48}],"player_experience":540940,"relics_obtained":[{"floor":14,"key":"Pen Nib"},{"floor":26,"key":"Molten Egg 2"},{"floor":30,"key":"Whetstone"},{"floor":34,"key":"Art of War"},{"floor":34,"key":"Paper Frog"},{"floor":34,"key":"FossilizedHelix"},{"floor":41,"key":"Ginger"},{"floor":43,"key":"Boot"}],"event_choices":[{"cards_removed":["Strike_R"],"damage_healed":0,"gold_gain":0,"player_choice":"Card Removal","damage_taken":7,"max_hp_gain":0,"max_hp_loss":0,"event_name":"Golden Wing","floor":2,"gold_loss":0},{"damage_healed":0,"gold_gain":0,"player_choice":"Entered Light","damage_taken":16,"max_hp_gain":0,"max_hp_loss":0,"event_name":"Shining Light","floor":3,"gold_loss":0,"cards_upgraded":["Defend_R","Defend_R"]},{"damage_healed":0,"gold_gain":0,"player_choice":"Success","damage_taken":3,"relics_obtained":["Oddly Smooth Stone"],"max_hp_gain":0,"max_hp_loss":0,"event_name":"Scrap Ooze","floor":4,"gold_loss":0},{"damage_healed":0,"gold_gain":0,"player_choice":"Donut","damage_taken":0,"max_hp_gain":5,"max_hp_loss":0,"event_name":"Big Fish","floor":13,"gold_loss":0},{"damage_healed":0,"gold_gain":0,"player_choice":"Became a vampire","damage_taken":0,"max_hp_gain":0,"max_hp_loss":26,"event_name":"Vampires","floor":20,"gold_loss":0,"cards_obtained":["Bite","Bite","Bite","Bite","Bite"]},{"damage_healed":0,"gold_gain":0,"player_choice":"Shed Blood","damage_taken":15,"max_hp_gain":5,"max_hp_loss":0,"event_name":"Forgotten Altar","floor":21,"gold_loss":0},{"damage_healed":0,"gold_gain":0,"player_choice":"Simplicity","damage_taken":0,"max_hp_gain":0,"max_hp_loss":0,"event_name":"Back to Basics","floor":24,"gold_loss":0,"cards_upgraded":["Defend_R","Defend_R"]},{"damage_healed":0,"gold_gain":0,"player_choice":"Opened","damage_taken":0,"relics_obtained":["Smiling Mask"],"max_hp_gain":0,"max_hp_loss":0,"event_name":"The Mausoleum","floor":29,"gold_loss":0},{"damage_healed":0,"gold_gain":0,"player_choice":"Memory 3","damage_taken":10,"max_hp_gain":0,"max_hp_loss":0,"event_name":"SensoryStone","floor":36,"gold_loss":0},{"damage_healed":16,"gold_gain":0,"player_choice":"Writhe","damage_taken":0,"max_hp_gain":0,"max_hp_loss":0,"event_name":"Winding Halls","floor":37,"gold_loss":0,"cards_obtained":["Writhe"]}],"is_beta":false,"boss_relics":[{"not_picked":["Empty Cage","Snecko Eye"],"picked":"Fusion Hammer"},{"not_picked":["Runic Pyramid","Pandora\u0027s Box"],"picked":"Calling Bell"}],"items_purged_floors":[45],"is_endless":false,"potions_floor_spawned":[1,14,18,28,31,33,35,39,41,47],"killed_by":"Time Eater","ascension_level":0}