{"gold_per_floor":[113,113,133,151,165,165,165,165,165,175,175,201,219,254,254,352,352],"floor_reached":17,"playtime":1396,"items_purged":[],"score":175,"play_id":"3c68b8c2-f81c-4a82-be5d-2f15edf86238","local_time":"20190117220230","is_ascension_mode":true,"campfire_choices":[{"data":"Anger","floor":6,"key":"SMITH"},{"data":"Combust","floor":8,"key":"SMITH"},{"data":"Shockwave","floor":15,"key":"SMITH"}],"neow_cost":"PERCENT_DAMAGE","seed_source_timestamp":217422145508099,"circlet_count":0,"master_deck":["Strike_R","Defend_R","Defend_R","Defend_R","Defend_R","Bash","Heavy Blade","Twin Strike","Combust+1","Disarm","Anger+1","Armaments+1","Clothesline+1","Shockwave+1","Whirlwind+1","Exhume","Entrench+1","Brutality+1","Searing Blow+1"],"relics":["Burning Blood","Meat on the Bone","Molten Egg 2","Mummified Hand","Astrolabe"],"potions_floor_usage":[14],"damage_taken":[{"damage":1,"enemies":"Jaw Worm","floor":1,"turns":3},{"damage":0,"enemies":"2 Louse","floor":3,"turns":3},{"damage":0,"enemies":"Small Slimes","floor":4,"turns":4},{"damage":30,"enemies":"Gremlin Gang","floor":5,"turns":4},{"damage":9,"enemies":"Red Slaver","floor":10,"turns":3},{"damage":27,"enemies":"3 Sentries","floor":12,"turns":5},{"damage":12,"enemies":"3 Louse","floor":13,"turns":2},{"damage":19,"enemies":"Gremlin Nob","floor":14,"turns":5},{"damage":40,"enemies":"The Guardian","floor":16,"turns":10}],"seed_played":"1459278655841297038","potions_obtained":[{"floor":3,"key":"Block Potion"},{"floor":14,"key":"Explosive Potion"},{"floor":16,"key":"BloodPotion"}],"is_trial":false,"path_per_floor":["M","?","M","M","M","R","?","R","T","M","?","E","M","E","R","B",null],"character_chosen":"IRONCLAD","items_purchased":[],"campfire_rested":0,"item_purchase_floors":[],"current_hp_per_floor":[61,61,67,73,49,49,49,49,49,58,58,49,55,54,54,32,80],"gold":352,"neow_bonus":"TRANSFORM_TWO_CARDS","is_prod":false,"is_daily":false,"chose_seed":false,"campfire_upgraded":3,"win_rate":0,"timestamp":1547791350,"path_taken":["M","?","M","M","M","R","?","R","T","M","?","E","M","E","R","BOSS"],"build_version":"2019-01-17","purchased_purges":0,"victory":false,"max_hp_per_floor":[80,80,80,80,80,80,80,80,80,80,80,80,80,80,80,80,80],"card_choices":[{"not_picked":["Iron Wave","Second Wind"],"picked":"Combust","floor":1},{"not_picked":["Armaments","Iron Wave"],"picked":"Disarm","floor":3},{"not_picked":["Thunderclap","Heavy Blade"],"picked":"Infernal Blade","floor":4},{"not_picked":["Corruption","Thunderclap"],"picked":"Anger","floor":5},{"not_picked":["Sever Soul","Sword Boomerang"],"picked":"Armaments","floor":10},{"not_picked":["Reckless Charge","Brutality"],"picked":"Clothesline","floor":12},{"not_picked":["Metallicize","Clash+1"],"picked":"Shockwave","floor":13},{"not_picked":["Perfected Strike+1","Evolve"],"picked":"Whirlwind+1","floor":14},{"not_picked":["Brutality","Barricade"],"picked":"Exhume","floor":16}],"player_experience":40711,"relics_obtained":[{"floor":9,"key":"Meat on the Bone"},{"floor":12,"key":"Molten Egg 2"},{"floor":14,"key":"Mummified Hand"}],"event_choices":[{"damage_healed":0,"gold_gain":0,"player_choice":"Leave","damage_taken":0,"max_hp_gain":0,"max_hp_loss":0,"event_name":"The Cleric","floor":2,"gold_loss":0},{"damage_healed":0,"gold_gain":0,"player_choice":"Ignored","damage_taken":0,"max_hp_gain":0,"max_hp_loss":0,"event_name":"Liars Game","floor":7,"gold_loss":0},{"damage_healed":0,"gold_gain":0,"player_choice":"Upgraded","damage_taken":0,"max_hp_gain":0,"max_hp_loss":0,"event_name":"Upgrade Shrine","floor":11,"gold_loss":0,"cards_upgraded":["Armaments"]}],"is_beta":false,"boss_relics":[{"not_picked":["Philosopher\u0027s Stone","Ectoplasm"],"picked":"Astrolabe"}],"items_purged_floors":[],"is_endless":false,"potions_floor_spawned":[3,14,16],"ascension_level":1}