{"gold_per_floor":[116,136,136,136,16,16,51,51,51,51,51,70,70,86,86,206,206,226,226,250,264,56,56,80,80,80,24,43,43,43,62,62,188,188,208,208,208,208,208],"floor_reached":39,"playtime":1212,"items_purged":[],"score":434,"play_id":"035c6092-1d56-427d-aadb-61eb9fe38882","local_time":"20190109020906","is_ascension_mode":true,"campfire_choices":[{"data":"Noxious Fumes","floor":6,"key":"SMITH"},{"data":"Leg Sweep","floor":8,"key":"SMITH"},{"data":"Neutralize","floor":11,"key":"SMITH"},{"floor":15,"key":"REST"},{"data":"Deadly Poison","floor":23,"key":"SMITH"},{"floor":30,"key":"REST"},{"data":"Bouncing Flask","floor":32,"key":"SMITH"}],"neow_cost":"NONE","seed_source_timestamp":1738093744489371,"circlet_count":0,"master_deck":["Defend_G","Defend_G","Defend_G","Defend_G","Defend_G","Strike_G","Strike_G","Survivor","Neutralize+1","Backflip","Noxious Fumes+1","Backflip","Leg Sweep+1","Poisoned Stab","Deadly Poison+1","Deadly Poison","Well Laid Plans","Footwork","Bouncing Flask+1","Bouncing Flask+1"],"relics":["Ring of the Snake","NeowsBlessing","The Courier","Snake Skull","Bag of Preparation","Strawberry","Golden Idol","Sozu","MealTicket","Ancient Tea Set","Question Card","Empty Cage"],"potions_floor_usage":[28,31,33],"damage_taken":[{"damage":0,"enemies":"Small Slimes","floor":1,"turns":1},{"damage":0,"enemies":"Jaw Worm","floor":2,"turns":1},{"damage":2,"enemies":"3 Sentries","floor":7,"turns":2},{"damage":1,"enemies":"2 Louse","floor":12,"turns":3},{"damage":4,"enemies":"Large Slime","floor":14,"turns":7},{"damage":11,"enemies":"The Guardian","floor":16,"turns":10},{"damage":0,"enemies":"Chosen","floor":18,"turns":6},{"damage":18,"enemies":"3 Byrds","floor":20,"turns":4},{"damage":1,"enemies":"Centurion and Healer","floor":21,"turns":7},{"damage":0,"enemies":"Chosen and Byrds","floor":24,"turns":6},{"damage":4,"enemies":"Shelled Parasite and Fungi","floor":28,"turns":4},{"damage":3,"enemies":"Snecko","floor":31,"turns":5},{"damage":56,"enemies":"Automaton","floor":33,"turns":13},{"damage":18,"enemies":"3 Darklings","floor":35,"turns":5},{"damage":63,"enemies":"Awakened One","floor":39,"turns":8}],"seed_played":"-4478113732326168964","potions_obtained":[{"floor":1,"key":"SneckoOil"},{"floor":7,"key":"Regen Potion"},{"floor":12,"key":"SkillPotion"}],"is_trial":false,"path_per_floor":["M","M","?","?","$","R","E","R","T","?","R","M","?","M","R","B",null,"M","?","M","M","$","R","M","?","T","$","M","T","R","M","R","B",null,"M","?","?","?","B"],"character_chosen":"THE_SILENT","items_purchased":["Snake Skull","MealTicket","Well Laid Plans","Footwork"],"campfire_rested":2,"item_purchase_floors":[5,22,22,27],"current_hp_per_floor":[70,70,63,63,63,63,61,61,68,68,68,67,48,44,67,56,77,77,77,59,58,58,58,58,58,58,58,54,54,77,74,74,25,77,59,59,59,59,0],"gold":208,"neow_bonus":"THREE_ENEMY_KILL","is_prod":false,"is_daily":false,"chose_seed":false,"campfire_upgraded":5,"win_rate":0,"timestamp":1547021346,"path_taken":["M","M","?","?","$","R","E","R","T","?","R","M","?","M","R","BOSS","M","?","M","M","$","R","M","?","T","?","M","?","R","M","R","BOSS","M","?","?","?","BOSS"],"build_version":"2019-01-08","purchased_purges":0,"victory":false,"max_hp_per_floor":[70,70,70,70,70,70,70,70,77,77,77,77,77,77,77,77,77,77,77,77,77,77,77,77,77,77,77,77,77,77,77,77,77,77,77,77,73,73,73],"card_choices":[{"not_picked":["Choke","Quick Slash"],"picked":"Backflip","floor":1},{"not_picked":["Endless Agony","Crippling Poison"],"picked":"Noxious Fumes","floor":2},{"not_picked":["Dodge and Roll","Underhanded Strike"],"picked":"Leg Sweep","floor":7},{"not_picked":["Crippling Poison","Setup","Quick Slash"],"picked":"SKIP","floor":12},{"not_picked":["Sucker Punch","Cloak And Dagger"],"picked":"Poisoned Stab","floor":14},{"not_picked":["All Out Attack","Dodge and Roll"],"picked":"Deadly Poison","floor":18},{"not_picked":["Outmaneuver+1","Sucker Punch"],"picked":"Deadly Poison","floor":20},{"not_picked":["Sucker Punch","Blade Dance","Dagger Throw+1"],"picked":"SKIP","floor":21},{"not_picked":["Phantasmal Killer","PiercingWail","Quick Slash"],"picked":"SKIP","floor":24},{"not_picked":["Cloak And Dagger","Prepared","Escape Plan"],"picked":"SKIP","floor":28},{"not_picked":["Tactician","Sucker Punch+1","Infinite Blades"],"picked":"Bouncing Flask","floor":31},{"not_picked":["Flechettes","Footwork","Terror"],"picked":"Bouncing Flask+1","floor":35}],"player_experience":67977,"relics_obtained":[{"floor":7,"key":"Bag of Preparation"},{"floor":9,"key":"Strawberry"},{"floor":26,"key":"Ancient Tea Set"},{"floor":29,"key":"Question Card"}],"event_choices":[{"damage_healed":0,"gold_gain":0,"player_choice":"Success","damage_taken":7,"relics_obtained":["The Courier"],"max_hp_gain":0,"max_hp_loss":0,"event_name":"Scrap Ooze","floor":3,"gold_loss":0},{"damage_healed":0,"gold_gain":0,"cards_transformed":["Strike_G"],"player_choice":"Change","damage_taken":0,"max_hp_gain":0,"max_hp_loss":0,"event_name":"Living Wall","floor":4,"gold_loss":0,"cards_obtained":["Backflip"]},{"damage_healed":0,"gold_gain":0,"player_choice":"Ignored","damage_taken":0,"max_hp_gain":0,"max_hp_loss":0,"event_name":"Golden Wing","floor":10,"gold_loss":0},{"damage_healed":0,"gold_gain":0,"player_choice":"Take Damage","damage_taken":19,"relics_obtained":["Golden Idol"],"max_hp_gain":0,"max_hp_loss":0,"event_name":"Golden Idol","floor":13,"gold_loss":0},{"damage_healed":0,"gold_gain":0,"player_choice":"Ignored","damage_taken":0,"max_hp_gain":0,"max_hp_loss":0,"event_name":"Ghosts","floor":19,"gold_loss":0},{"damage_healed":0,"gold_gain":0,"player_choice":"Ignored","damage_taken":0,"max_hp_gain":0,"max_hp_loss":0,"event_name":"Tomb of Lord Red Mask","floor":36,"gold_loss":0},{"damage_healed":0,"gold_gain":0,"player_choice":"Max HP","damage_taken":0,"max_hp_gain":0,"max_hp_loss":4,"event_name":"Winding Halls","floor":37,"gold_loss":0},{"damage_healed":0,"gold_gain":0,"player_choice":"Took Portal","damage_taken":0,"max_hp_gain":0,"max_hp_loss":0,"event_name":"SecretPortal","floor":38,"gold_loss":0}],"is_beta":true,"boss_relics":[{"not_picked":["Busted Crown","Runic Pyramid"],"picked":"Sozu"},{"not_picked":["Calling Bell","Snecko Eye"],"picked":"Empty Cage"}],"items_purged_floors":[],"is_endless":false,"potions_floor_spawned":[1,7,12,20,24,31,33],"killed_by":"Awakened One","ascension_level":3}