{"gold_per_floor":[12,31,41,59,59,59,59,59,110,127,127,162,162,174,174,174],"floor_reached":16,"playtime":745,"items_purged":[],"score":194,"play_id":"c4a8bdfc-bf54-4089-aa63-d505dd061f81","local_time":"20190121170341","is_ascension_mode":true,"campfire_choices":[{"data":"Mind Blast","floor":6,"key":"SMITH"},{"data":"Whirlwind","floor":8,"key":"SMITH"},{"floor":11,"key":"REST"},{"floor":15,"key":"DIG"}],"neow_cost":"NO_GOLD","seed_source_timestamp":948519263060439,"circlet_count":0,"master_deck":["AscendersBane","Strike_R","Strike_R","Strike_R","Strike_R","Defend_R","Defend_R","Defend_R","Defend_R","Bash","Mind Blast+1","Dramatic Entrance","Whirlwind+1"],"relics":["Burning Blood","Shovel","Potion Belt","Ornamental Fan","Singing Bowl","Smiling Mask"],"potions_floor_usage":[4,16,16],"damage_taken":[{"damage":6,"enemies":"Small Slimes","floor":1,"turns":4},{"damage":18,"enemies":"Jaw Worm","floor":2,"turns":6},{"damage":16,"enemies":"2 Louse","floor":3,"turns":2},{"damage":15,"enemies":"Blue Slaver","floor":4,"turns":8},{"damage":20,"enemies":"Exordium Wildlife","floor":10,"turns":5},{"damage":20,"enemies":"3 Sentries","floor":12,"turns":5},{"damage":5,"enemies":"3 Louse","floor":14,"turns":2},{"damage":37,"enemies":"Hexaghost","floor":16,"turns":7}],"seed_played":"-5903195090146169373","potions_obtained":[{"floor":3,"key":"AttackPotion"},{"floor":12,"key":"Weak Potion"},{"floor":14,"key":"Regen Potion"}],"is_trial":false,"path_per_floor":["M","M","M","M","?","R","T","R","T","M","R","E","?","M","R","B"],"character_chosen":"IRONCLAD","items_purchased":[],"campfire_rested":1,"item_purchase_floors":[],"current_hp_per_floor":[68,56,46,37,30,30,30,30,30,16,38,24,13,16,16,0],"gold":174,"neow_bonus":"RANDOM_COLORLESS_2","is_prod":false,"is_daily":false,"chose_seed":false,"campfire_upgraded":2,"win_rate":0,"timestamp":1548119021,"path_taken":["M","M","M","M","?","R","?","R","T","M","R","E","?","M","R","BOSS"],"build_version":"2019-01-17v2","purchased_purges":0,"victory":false,"max_hp_per_floor":[75,75,75,75,75,75,75,75,75,75,75,75,75,77,77,77],"card_choices":[{"not_picked":["Cleave","Headbutt","Sword Boomerang"],"picked":"SKIP","floor":1},{"not_picked":["Clash","Armaments","Warcry"],"picked":"SKIP","floor":2},{"not_picked":["Bloodletting","Headbutt","Thunderclap"],"picked":"SKIP","floor":3},{"not_picked":["Flame Barrier","Thunderclap"],"picked":"Whirlwind","floor":4},{"not_picked":["Anger","Havoc","Thunderclap"],"picked":"SKIP","floor":10},{"not_picked":["Entrench","Sword Boomerang","Pommel Strike"],"picked":"SKIP","floor":12},{"not_picked":["Headbutt","Sword Boomerang","Havoc"],"picked":"Singing Bowl","floor":14}],"player_experience":457405,"relics_obtained":[{"floor":7,"key":"Shovel"},{"floor":9,"key":"Potion Belt"},{"floor":12,"key":"Ornamental Fan"},{"floor":15,"key":"Smiling Mask"}],"event_choices":[{"cards_removed":["Strike_R"],"damage_healed":0,"gold_gain":0,"player_choice":"Card Removal","damage_taken":7,"max_hp_gain":0,"max_hp_loss":0,"event_name":"Golden Wing","floor":5,"gold_loss":0},{"damage_healed":0,"gold_gain":0,"player_choice":"Success","damage_taken":11,"relics_obtained":["Singing Bowl"],"max_hp_gain":0,"max_hp_loss":0,"event_name":"Scrap Ooze","floor":13,"gold_loss":0}],"is_beta":false,"boss_relics":[],"items_purged_floors":[],"is_endless":false,"potions_floor_spawned":[3,12,14],"killed_by":"Hexaghost","ascension_level":18}