{"gold_per_floor":[11,11,22,39,50,67,67,17,17,48,60,101,113,135,147,233,245,276,300,7,26,37,70,70,70,70,87,49,61,93,8,8,82,82,94,109,28,47,47],"floor_reached":39,"playtime":2878,"items_purged":["Pain"],"score":769,"play_id":"e91594a9-03ae-4aa3-b8fe-4a1ae0864501","local_time":"20190128210705","is_ascension_mode":true,"campfire_choices":[{"data":"Iron Wave","floor":7,"key":"SMITH"},{"data":"True Grit","floor":11,"key":"SMITH"},{"data":"Thunderclap","floor":13,"key":"SMITH"},{"data":"Flame Barrier","floor":15,"key":"SMITH"},{"data":"Fiend Fire","floor":24,"key":"SMITH"},{"data":"Uppercut","floor":32,"key":"SMITH"}],"neow_cost":"NO_GOLD","seed_source_timestamp":9347496254497,"circlet_count":0,"master_deck":["AscendersBane","Strike_R","Strike_R","Strike_R","Strike_R","Defend_R","Defend_R","Defend_R","Defend_R","Bash","Iron Wave+1","Thunderclap+1","Flame Barrier+1","Headbutt","Rampage","True Grit+1","Fiend Fire+1","Power Through","Flex","Feed","Shrug It Off","True Grit","Metallicize","Uppercut+1","Shrug It Off+1","Inflame"],"relics":["Burning Blood","Incense Burner","MawBank","Blood Vial","Runic Pyramid","Membership Card","Oddly Smooth Stone","Darkstone Periapt","WarpedTongs","Bottled Flame","Orichalcum","Sozu","Happy Flower"],"potions_floor_usage":[5,12,16,23,23,30,39],"damage_taken":[{"damage":0,"enemies":"Small Slimes","floor":1,"turns":3},{"damage":1,"enemies":"Cultist","floor":3,"turns":4},{"damage":3,"enemies":"Jaw Worm","floor":4,"turns":5},{"damage":10,"enemies":"Lots of Slimes","floor":5,"turns":3},{"damage":18,"enemies":"Gremlin Gang","floor":6,"turns":5},{"damage":4,"enemies":"Looter","floor":10,"turns":3},{"damage":19,"enemies":"Gremlin Nob","floor":12,"turns":5},{"damage":6,"enemies":"Lots of Slimes","floor":14,"turns":4},{"damage":48,"enemies":"Slime Boss","floor":16,"turns":11},{"damage":0,"enemies":"3 Byrds","floor":18,"turns":2},{"damage":0,"enemies":"Chosen","floor":19,"turns":4},{"damage":6,"enemies":"Snecko","floor":21,"turns":4},{"damage":22,"enemies":"3 Cultists","floor":22,"turns":7},{"damage":22,"enemies":"Book of Stabbing","floor":23,"turns":5},{"damage":0,"enemies":"Snake Plant","floor":27,"turns":2},{"damage":10,"enemies":"Shelled Parasite and Fungi","floor":29,"turns":10},{"damage":12,"enemies":"Gremlin Leader","floor":30,"turns":5},{"damage":20,"enemies":"Collector","floor":33,"turns":11},{"damage":37,"enemies":"3 Shapes","floor":35,"turns":4},{"damage":22,"enemies":"3 Darklings","floor":36,"turns":9},{"damage":0,"enemies":"4 Shapes","floor":38,"turns":8},{"damage":50,"enemies":"Spire Growth","floor":39,"turns":3}],"seed_played":"5167032309138870485","potions_obtained":[{"floor":4,"key":"Swift Potion"},{"floor":5,"key":"SpeedPotion"},{"floor":12,"key":"AttackPotion"},{"floor":16,"key":"AttackPotion"},{"floor":19,"key":"Fire Potion"},{"floor":29,"key":"Block Potion"},{"floor":30,"key":"FearPotion"},{"floor":33,"key":"Poison Potion"}],"is_trial":false,"path_per_floor":["M","?","M","M","M","M","R","$","T","M","R","E","R","M","R","B",null,"M","M","$","M","M","E","R","?","T","M","$","M","E","$","R","B",null,"M","M","$","M","M"],"character_chosen":"IRONCLAD","items_purchased":["True Grit","Membership Card","Oddly Smooth Stone","Flex","Orichalcum","Happy Flower"],"campfire_rested":0,"item_purchase_floors":[8,20,20,20,31,37],"current_hp_per_floor":[74,74,75,75,71,59,59,59,59,61,61,48,48,50,50,10,59,67,75,75,75,59,45,45,51,51,59,59,61,57,57,57,45,75,46,36,36,47,0],"gold":47,"neow_bonus":"ONE_RARE_RELIC","is_prod":false,"is_daily":false,"chose_seed":false,"campfire_upgraded":6,"win_rate":0,"timestamp":1548727625,"path_taken":["M","?","?","M","?","M","R","$","T","?","R","E","R","M","R","BOSS","M","M","$","M","M","E","R","?","T","M","$","M","E","$","R","BOSS","M","M","?","?","?"],"build_version":"2019-01-23","purchased_purges":1,"victory":false,"max_hp_per_floor":[75,75,75,75,75,75,75,75,75,75,75,75,75,75,75,75,75,75,75,75,75,75,75,75,81,81,81,81,85,85,85,85,85,85,85,89,89,92,92],"card_choices":[{"not_picked":["Wild Strike","Disarm"],"picked":"Iron Wave","floor":1},{"not_picked":["Ghostly Armor","Shrug It Off"],"picked":"Thunderclap","floor":3},{"not_picked":["Rage","Ghostly Armor"],"picked":"Flame Barrier","floor":4},{"not_picked":["Sever Soul","Warcry"],"picked":"Headbutt","floor":5},{"not_picked":["Searing Blow","Armaments"],"picked":"Rampage","floor":6},{"not_picked":["Brutality","Clash","Entrench"],"picked":"SKIP","floor":10},{"not_picked":["Thunderclap","Havoc","Twin Strike"],"picked":"SKIP","floor":12},{"not_picked":["Headbutt","Twin Strike","Warcry"],"picked":"SKIP","floor":14},{"not_picked":["Feed","Double Tap"],"picked":"Fiend Fire","floor":16},{"not_picked":["Dropkick+1","Carnage"],"picked":"Power Through","floor":18},{"not_picked":["Anger+1","Twin Strike","Perfected Strike"],"picked":"SKIP","floor":19},{"not_picked":["Infernal Blade","Headbutt","Twin Strike"],"picked":"SKIP","floor":21},{"not_picked":["Iron Wave","Heavy Blade"],"picked":"Feed","floor":22},{"not_picked":["Havoc+1","Body Slam"],"picked":"Shrug It Off","floor":23},{"not_picked":["Clothesline","Iron Wave"],"picked":"True Grit","floor":27},{"not_picked":["Shrug It Off","Reckless Charge"],"picked":"Metallicize","floor":29},{"not_picked":["Rage","Pummel"],"picked":"Uppercut","floor":30},{"not_picked":["Headbutt","Body Slam+1","Dual Wield"],"picked":"SKIP","floor":35},{"not_picked":["Wild Strike","Searing Blow"],"picked":"Shrug It Off+1","floor":36},{"not_picked":["Armaments","Perfected Strike"],"picked":"Inflame","floor":38}],"player_experience":516637,"relics_obtained":[{"floor":9,"key":"MawBank"},{"floor":12,"key":"Blood Vial"},{"floor":23,"key":"Darkstone Periapt"},{"floor":30,"key":"Bottled Flame"}],"event_choices":[{"cards_removed":["Strike_R"],"damage_healed":0,"gold_gain":0,"player_choice":"Offered Basic","damage_taken":0,"max_hp_gain":0,"max_hp_loss":0,"event_name":"Bonfire Elementals","floor":2,"gold_loss":0},{"damage_healed":0,"gold_gain":0,"player_choice":"Rummage","damage_taken":0,"relics_obtained":["WarpedTongs"],"max_hp_gain":0,"max_hp_loss":0,"event_name":"Accursed Blacksmith","floor":25,"gold_loss":0,"cards_obtained":["Pain"]}],"is_beta":false,"boss_relics":[{"not_picked":["Philosopher\u0027s Stone","Tiny House"],"picked":"Runic Pyramid"},{"not_picked":["Empty Cage","Coffee Dripper"],"picked":"Sozu"}],"items_purged_floors":[28],"is_endless":false,"potions_floor_spawned":[4,5,12,16,19,21,29,30,33,35],"killed_by":"Spire Growth","ascension_level":16}