{"gold_per_floor":[110,110,110,42,59,59,86,11,86,99,129,129,29,41,41,41],"floor_reached":16,"playtime":337,"items_purged":["Strike_R","Strike_R"],"score":205,"play_id":"c4380445-2f97-45d5-b67c-5d71b2b5d750","local_time":"20190115220124","is_ascension_mode":true,"campfire_choices":[{"data":"Wild Strike","floor":6,"key":"SMITH"},{"data":"Bash","floor":12,"key":"SMITH"},{"data":"Armaments","floor":15,"key":"SMITH"}],"neow_cost":"NONE","seed_source_timestamp":14571300183031,"circlet_count":0,"master_deck":["AscendersBane","Strike_R","Strike_R","Strike_R","Defend_R","Defend_R","Defend_R","Defend_R","Bash+1","Wild Strike+1","Rage","Shrug It Off","Dropkick","Feel No Pain","Armaments+1"],"relics":["Burning Blood","Centennial Puzzle","Mercury Hourglass","Pear","Anchor"],"potions_floor_usage":[11,16],"damage_taken":[{"damage":10,"enemies":"Small Slimes","floor":1,"turns":3},{"damage":0,"enemies":"2 Louse","floor":5,"turns":2},{"damage":37,"enemies":"3 Sentries","floor":7,"turns":12},{"damage":4,"enemies":"Jaw Worm","floor":10,"turns":2},{"damage":8,"enemies":"Gremlin Nob","floor":11,"turns":3},{"damage":6,"enemies":"Exordium Wildlife","floor":14,"turns":4},{"damage":48,"enemies":"Slime Boss","floor":16,"turns":8}],"seed_played":"5077689266029816791","potions_obtained":[{"floor":5,"key":"BloodPotion"},{"floor":7,"key":"Strength Potion"}],"is_trial":false,"path_per_floor":["M","?","?","?","M","R","E","$","T","M","E","R","$","M","R","B"],"character_chosen":"IRONCLAD","items_purchased":[],"campfire_rested":0,"item_purchase_floors":[],"current_hp_per_floor":[64,69,51,51,57,57,26,26,36,38,36,36,36,36,36,0],"gold":41,"neow_bonus":"THREE_CARDS","is_prod":false,"is_daily":false,"chose_seed":false,"campfire_upgraded":3,"win_rate":0,"timestamp":1547589684,"path_taken":["M","?","?","?","M","R","E","?","T","M","E","R","$","?","R","BOSS"],"build_version":"2019-01-10","purchased_purges":2,"victory":false,"max_hp_per_floor":[75,80,80,80,80,80,80,80,90,90,90,90,90,90,90,90],"card_choices":[{"not_picked":["Armaments","Warcry"],"picked":"Wild Strike","floor":0},{"not_picked":["Perfected Strike","True Grit"],"picked":"Rage","floor":1},{"not_picked":["Warcry","Clash"],"picked":"Shrug It Off","floor":5},{"not_picked":["Disarm","Shrug It Off"],"picked":"Dropkick","floor":7},{"not_picked":["Hemokinesis","Cleave"],"picked":"Feel No Pain","floor":10},{"not_picked":["Fire Breathing","Dark Embrace","Body Slam"],"picked":"SKIP","floor":11},{"not_picked":["Warcry","Thunderclap"],"picked":"Armaments","floor":14}],"player_experience":394685,"relics_obtained":[{"floor":7,"key":"Mercury Hourglass"},{"floor":9,"key":"Pear"},{"floor":11,"key":"Anchor"}],"event_choices":[{"damage_healed":0,"gold_gain":0,"player_choice":"Donut","damage_taken":0,"max_hp_gain":5,"max_hp_loss":0,"event_name":"Big Fish","floor":2,"gold_loss":0},{"damage_healed":0,"gold_gain":0,"player_choice":"Success","damage_taken":18,"relics_obtained":["Centennial Puzzle"],"max_hp_gain":0,"max_hp_loss":0,"event_name":"Scrap Ooze","floor":3,"gold_loss":0},{"damage_healed":0,"gold_gain":0,"player_choice":"Left Gold","damage_taken":0,"max_hp_gain":0,"max_hp_loss":0,"event_name":"World of Goop","floor":4,"gold_loss":68}],"is_beta":false,"boss_relics":[],"items_purged_floors":[8,13],"is_endless":false,"potions_floor_spawned":[5,7],"killed_by":"Slime Boss","ascension_level":18}