{"gold_per_floor":[119,44,44,63,77,109,109,109,136,211,211,226,236,68,68,68],"floor_reached":16,"playtime":1025,"items_purged":["Strike_R","Strike_R"],"score":100,"play_id":"4a64edfb-0fb6-46f6-bce4-84b3e0d31236","local_time":"20190130152350","is_ascension_mode":false,"campfire_choices":[{"data":"Corruption","floor":7,"key":"SMITH"},{"data":"Burning Pact","floor":15,"key":"SMITH"}],"neow_cost":"NONE","seed_source_timestamp":274876981363793,"circlet_count":0,"master_deck":["Strike_R","Strike_R","Defend_R","Defend_R","Defend_R","Defend_R","Bash","Corruption+1","Shrug It Off","Dual Wield","Heavy Blade","Shrug It Off","Burning Pact+1"],"relics":["Burning Blood","NeowsBlessing","Oddly Smooth Stone","Charon\u0027s Ashes","Bag of Preparation"],"potions_floor_usage":[6,6],"damage_taken":[{"damage":0,"enemies":"Small Slimes","floor":1,"turns":1},{"damage":0,"enemies":"Jaw Worm","floor":4,"turns":1},{"damage":0,"enemies":"Cultist","floor":5,"turns":1},{"damage":25,"enemies":"Gremlin Nob","floor":6,"turns":5},{"damage":0,"enemies":"Blue Slaver","floor":12,"turns":3},{"damage":0,"enemies":"2 Fungi Beasts","floor":13,"turns":4},{"damage":63,"enemies":"The Guardian","floor":16,"turns":8}],"seed_played":"3473739639050105586","potions_obtained":[{"floor":1,"key":"EssenceOfSteel"},{"floor":5,"key":"AttackPotion"}],"is_trial":false,"path_per_floor":["?","?","?","?","M"],"character_chosen":"IRONCLAD","items_purchased":["Burning Pact"],"campfire_rested":0,"item_purchase_floors":[14],"current_hp_per_floor":[80,80,80,80,80,61,61,58,58,47,47,53,59,59,59,0],"gold":68,"neow_bonus":"THREE_ENEMY_KILL","is_prod":false,"is_daily":false,"chose_seed":false,"campfire_upgraded":2,"win_rate":0.0,"timestamp":1548858230,"path_taken":["M","$","?","M","M","E","R","?","T","?","?","?","M","$","R","BOSS"],"build_version":"2019-01-23","purchased_purges":2,"victory":false,"max_hp_per_floor":[80,80,80,80,80,80,80,80,80,80,80,80,80,80,80,80],"card_choices":[{"not_picked":["Rupture","Bloodletting"],"picked":"Corruption","floor":1},{"not_picked":["True Grit","Thunderclap","Anger"],"picked":"SKIP","floor":4},{"not_picked":["Flame Barrier","Power Through"],"picked":"Shrug It Off","floor":5},{"not_picked":["Spot Weakness","Armaments"],"picked":"Dual Wield","floor":6},{"not_picked":["Second Wind","Clothesline"],"picked":"Heavy Blade","floor":12},{"not_picked":["Entrench","Thunderclap"],"picked":"Shrug It Off","floor":13}],"player_experience":30897,"relics_obtained":[{"floor":6,"key":"Oddly Smooth Stone"},{"floor":9,"key":"Bag of Preparation"}],"event_choices":[{"damage_healed":0,"gold_gain":0,"player_choice":"Leave","damage_taken":0,"max_hp_gain":0,"max_hp_loss":0,"event_name":"The Cleric","floor":3,"gold_loss":0},{"damage_healed":0,"gold_gain":0,"player_choice":"Success","damage_taken":3,"relics_obtained":["Charon\u0027s Ashes"],"max_hp_gain":0,"max_hp_loss":0,"event_name":"Scrap Ooze","floor":8,"gold_loss":0},{"damage_healed":0,"gold_gain":75,"player_choice":"Gather Gold","damage_taken":11,"max_hp_gain":0,"max_hp_loss":0,"event_name":"World of Goop","floor":10,"gold_loss":0},{"cards_removed":["Strike_R"],"damage_healed":0,"gold_gain":0,"player_choice":"Purged","damage_taken":0,"max_hp_gain":0,"max_hp_loss":0,"event_name":"Purifier","floor":11,"gold_loss":0}],"is_beta":false,"boss_relics":[],"items_purged_floors":[2,14],"is_endless":false,"potions_floor_spawned":[1,5],"killed_by":"The Guardian","ascension_level":0}