{"gold_per_floor":[113,63,78,78,78,107,107,120,120,136,47,81,81,112,112,215,215,230,329,317,337,337,337],"floor_reached":23,"playtime":2040,"items_purged":[],"score":294,"play_id":"164f0cde-043c-4056-8f11-b0c3d117b170","local_time":"20190203195447","is_ascension_mode":true,"campfire_choices":[{"data":"Hologram","floor":7,"key":"SMITH"},{"data":"Scrape","floor":13,"key":"SMITH"},{"floor":15,"key":"RECALL"}],"neow_cost":"NONE","seed_source_timestamp":197198889735463,"circlet_count":0,"master_deck":["Zap+1","Dualcast","Gash","FTL","Hologram+1","Leap","Capacitor","Defragment","Cold Snap","Scrape+1","Coolheaded","Creative AI","Chill","Recycle","Tempest","Reboot","Seek","Machine Learning","Aggregate","Self Repair","Self Repair+1"],"relics":["Cracked Core","NeowsBlessing","Kunai","Omamori","Mango","Pandora\u0027s Box"],"potions_floor_usage":[21,23,23],"damage_taken":[{"damage":0,"enemies":"Cultist","floor":1,"turns":1},{"damage":0,"enemies":"2 Louse","floor":3,"turns":1},{"damage":0,"enemies":"Lagavulin","floor":6,"turns":1},{"damage":0,"enemies":"Small Slimes","floor":8,"turns":3},{"damage":7,"enemies":"3 Louse","floor":10,"turns":4},{"damage":15,"enemies":"3 Sentries","floor":12,"turns":8},{"damage":9,"enemies":"Gremlin Nob","floor":14,"turns":4},{"damage":36,"enemies":"Hexaghost","floor":16,"turns":12},{"damage":35,"enemies":"3 Byrds","floor":18,"turns":7},{"damage":29,"enemies":"2 Thieves","floor":20,"turns":4},{"damage":26,"enemies":"Centurion and Healer","floor":21,"turns":10},{"damage":20,"enemies":"Gremlin Leader","floor":23,"turns":5}],"seed_played":"8009644197238089618","potions_obtained":[{"floor":3,"key":"AttackPotion"},{"floor":10,"key":"EssenceOfSteel"},{"floor":12,"key":"LiquidBronze"},{"floor":20,"key":"Swift Potion"},{"floor":21,"key":"Strength Potion"}],"is_trial":false,"path_per_floor":["M","?","M","?","?","E","R","M","T","M","$","E","R","E","R","B",null,"M","?","M","M","?","E"],"character_chosen":"DEFECT","items_purchased":["Defragment","Cold Snap"],"campfire_rested":0,"item_purchase_floors":[11,11],"current_hp_per_floor":[75,75,75,80,80,80,80,80,80,73,73,58,58,63,63,27,94,59,59,30,11,11,0],"gold":337,"neow_bonus":"THREE_ENEMY_KILL","is_prod":false,"is_daily":false,"chose_seed":false,"campfire_upgraded":2,"win_rate":0,"timestamp":1549220087,"path_taken":["M","?","M","?","?","E","R","?","T","M","$","E","R","E","R","BOSS","M","?","M","M","?","E"],"build_version":"2019-01-23","purchased_purges":0,"victory":false,"max_hp_per_floor":[75,75,75,80,80,80,80,80,80,80,80,80,80,94,94,94,94,94,94,94,94,94,94],"card_choices":[{"not_picked":["Beam Cell","Rebound"],"picked":"Gash","floor":1},{"not_picked":["Hologram","Auto Shields"],"picked":"FTL","floor":3},{"not_picked":["Cold Snap","Glacier"],"picked":"Hologram","floor":6},{"not_picked":["Tempest","Stack"],"picked":"Leap","floor":8},{"not_picked":["Turbo","Compile Driver"],"picked":"Capacitor","floor":10},{"not_picked":["Ball Lightning","Storm"],"picked":"Scrape","floor":12},{"not_picked":["Sweeping Beam","Fusion"],"picked":"Coolheaded","floor":14},{"not_picked":["Multi-Cast","Electrodynamics"],"picked":"Creative AI","floor":16},{"not_picked":["Rebound","Leap","Beam Cell"],"picked":"SKIP","floor":18},{"not_picked":["Consume+1","Stack+1"],"picked":"Self Repair","floor":20},{"not_picked":["Compile Driver+1","Rebound+1"],"picked":"Self Repair+1","floor":21}],"player_experience":526235,"relics_obtained":[{"floor":6,"key":"Kunai"},{"floor":12,"key":"Omamori"},{"floor":14,"key":"Mango"}],"event_choices":[{"cards_removed":["Strike_B"],"damage_healed":0,"gold_gain":0,"player_choice":"Card Removal","damage_taken":0,"max_hp_gain":0,"max_hp_loss":0,"event_name":"The Cleric","floor":2,"gold_loss":50},{"damage_healed":0,"gold_gain":0,"player_choice":"Donut","damage_taken":0,"max_hp_gain":5,"max_hp_loss":0,"event_name":"Big Fish","floor":4,"gold_loss":0},{"damage_healed":0,"gold_gain":0,"player_choice":"Upgraded","damage_taken":0,"max_hp_gain":0,"max_hp_loss":0,"event_name":"Upgrade Shrine","floor":5,"gold_loss":0,"cards_upgraded":["Zap"]},{"damage_healed":0,"gold_gain":99,"player_choice":"Stole From Cult","damage_taken":0,"max_hp_gain":0,"max_hp_loss":0,"event_name":"Nest","floor":19,"gold_loss":0},{"damage_healed":0,"gold_gain":0,"player_choice":"Smashed Altar","damage_taken":0,"max_hp_gain":0,"max_hp_loss":0,"event_name":"Forgotten Altar","floor":22,"gold_loss":0,"cards_obtained":["Decay"]}],"is_beta":false,"boss_relics":[{"not_picked":["Velvet Choker","White Beast Statue"],"picked":"Pandora\u0027s Box"}],"items_purged_floors":[],"is_endless":false,"potions_floor_spawned":[3,10,12,16,20,21],"killed_by":"Gremlin Leader","ascension_level":3}