{"gold_per_floor":[368,368,283,299,32,63,63,95,132,157,184,196,222,263,275,287],"floor_reached":16,"playtime":1020,"items_purged":[],"score":192,"play_id":"d24cfc43-1cc3-4700-b0f5-080a001586b5","local_time":"20190109222137","is_ascension_mode":true,"campfire_choices":[{"data":"Whirlwind","floor":7,"key":"SMITH"},{"data":"Limit Break","floor":12,"key":"SMITH"},{"data":"Clothesline","floor":15,"key":"SMITH"}],"neow_cost":"TEN_PERCENT_HP_LOSS","seed_source_timestamp":709059306129980,"circlet_count":0,"master_deck":["AscendersBane","Strike_R","Strike_R","Strike_R","Strike_R","Strike_R","Defend_R","Defend_R","Defend_R+1","Defend_R","Bash","Clothesline+1","Impervious","Swift Strike","Pummel","Whirlwind+1","Limit Break+1","Flex","Spot Weakness+1"],"relics":["Burning Blood","Sling","Bag of Preparation","MawBank","Art of War","War Paint"],"potions_floor_usage":[14,16],"damage_taken":[{"damage":5,"enemies":"Small Slimes","floor":1,"turns":4},{"damage":0,"enemies":"Cultist","floor":4,"turns":3},{"damage":35,"enemies":"3 Sentries","floor":6,"turns":6},{"damage":17,"enemies":"Gremlin Nob","floor":8,"turns":4},{"damage":7,"enemies":"Jaw Worm","floor":10,"turns":4},{"damage":3,"enemies":"Blue Slaver","floor":11,"turns":2},{"damage":2,"enemies":"Exordium Thugs","floor":13,"turns":4},{"damage":5,"enemies":"Lagavulin","floor":14,"turns":7},{"damage":41,"enemies":"Hexaghost","floor":16,"turns":9}],"seed_played":"4703391030188530181","potions_obtained":[{"floor":4,"key":"GamblersBrew"},{"floor":8,"key":"SmokeBomb"},{"floor":11,"key":"Energy Potion"}],"is_trial":false,"path_per_floor":["M","?","$","M","$","E","R","E","T","M","M","R","M","E","R","B"],"character_chosen":"IRONCLAD","items_purchased":["Swift Strike","Sling","Whirlwind"],"campfire_rested":0,"item_purchase_floors":[3,5,5],"current_hp_per_floor":[72,72,72,72,72,43,43,32,32,31,34,34,38,39,39,0],"gold":287,"neow_bonus":"TWO_FIFTY_GOLD","is_prod":false,"is_daily":false,"chose_seed":false,"campfire_upgraded":3,"win_rate":0,"timestamp":1547094097,"path_taken":["M","?","$","M","$","E","R","E","T","M","M","R","M","E","R","BOSS"],"build_version":"2019-01-03v4","purchased_purges":0,"victory":false,"max_hp_per_floor":[72,72,72,72,72,72,72,72,72,72,72,72,72,72,72,72],"card_choices":[{"not_picked":["Warcry","Fire Breathing"],"picked":"Clothesline","floor":1},{"not_picked":["Sentinel","Shrug It Off"],"picked":"Pummel","floor":4},{"not_picked":["Pommel Strike","Second Wind"],"picked":"Limit Break","floor":6},{"not_picked":["Clothesline","Warcry"],"picked":"Flex","floor":8},{"not_picked":["Body Slam","Thunderclap"],"picked":"Spot Weakness","floor":10},{"not_picked":["Anger","Body Slam","Searing Blow"],"picked":"SKIP","floor":11},{"not_picked":["Cleave","Clash","Entrench"],"picked":"SKIP","floor":13},{"not_picked":["Bludgeon","Warcry","Corruption"],"picked":"SKIP","floor":14}],"player_experience":461690,"relics_obtained":[{"floor":6,"key":"Bag of Preparation"},{"floor":8,"key":"MawBank"},{"floor":9,"key":"Art of War"},{"floor":14,"key":"War Paint"}],"event_choices":[{"damage_healed":0,"gold_gain":0,"player_choice":"1 cards matched","damage_taken":0,"max_hp_gain":0,"max_hp_loss":0,"event_name":"Match and Keep!","floor":2,"gold_loss":0,"cards_obtained":["Impervious"]}],"is_beta":false,"boss_relics":[],"items_purged_floors":[],"is_endless":false,"potions_floor_spawned":[4,8,11],"killed_by":"Hexaghost","ascension_level":12}