{"gold_per_floor":[109,123,123,138,148,148,181,181,204,204,204,237,262,281,281,411,411,434,349,349,349,362,362,400,400,400,400,171,207,67,83,83,213,213,227,240,240,240,240,240,281,293,305,336,47,47,61,21,21,21],"floor_reached":51,"playtime":3374,"items_purged":["Defend_B"],"score":853,"play_id":"7c87140f-ea20-4f7c-8f51-c62d812e15fb","local_time":"20180913211740","is_ascension_mode":true,"campfire_choices":[{"floor":6,"key":"REST"},{"data":"Zap","floor":8,"key":"SMITH"},{"data":"Conserve Battery","floor":10,"key":"SMITH"},{"data":"Dualcast","floor":15,"key":"SMITH"},{"data":"Storm","floor":23,"key":"SMITH"},{"floor":25,"key":"REST"},{"data":"Thunder Strike","floor":27,"key":"SMITH"},{"floor":32,"key":"REST"},{"floor":40,"key":"REST"},{"floor":42,"key":"REST"},{"floor":46,"key":"REST"},{"floor":49,"key":"REST"}],"neow_cost":"PERCENT_DAMAGE","seed_source_timestamp":1286639344063566,"circlet_count":0,"master_deck":["Strike_B+1","Strike_B+1","Defend_B","Zap+1","Dualcast+1","Capacitor+1","FTL","Conserve Battery+1","Cold Snap","Darkness","Coolheaded","Coolheaded","Thunder Strike+1","Machine Learning+1","All For One+1","Force Field+1","Leap","Storm+1","Glacier","Self Repair+1","Loop+1","Barrage+1","Storm+1","Double Energy","Creative AI+1","Heatsinks+1","Loop+1","Chaos+1","Go for the Eyes+1","Amplify","Thinking Ahead","Madness","Madness","Double Energy","Coolheaded","Mayhem+1","Recycle+1","Static Discharge+1"],"relics":["Cracked Core","Boot","Whetstone","Golden Idol","Strawberry","Bag of Preparation","Astrolabe","Art of War","Frozen Egg 2","Blue Candle","Membership Card","Centennial Puzzle","DollysMirror","Orrery","MawBank","Smiling Mask","Mummified Hand","DataDisk"],"potions_floor_usage":[16,24,29,31,41,50,50],"damage_taken":[{"damage":4,"enemies":"Jaw Worm","floor":1,"turns":3},{"damage":1,"enemies":"Cultist","floor":2,"turns":3},{"damage":0,"enemies":"2 Louse","floor":4,"turns":2},{"damage":6,"enemies":"Looter","floor":5,"turns":3},{"damage":38,"enemies":"Gremlin Nob","floor":7,"turns":5},{"damage":14,"enemies":"Lagavulin","floor":12,"turns":5},{"damage":1,"enemies":"Blue Slaver","floor":14,"turns":3},{"damage":17,"enemies":"Hexaghost","floor":16,"turns":10},{"damage":22,"enemies":"3 Byrds","floor":18,"turns":6},{"damage":3,"enemies":"Chosen","floor":22,"turns":3},{"damage":33,"enemies":"Slavers","floor":24,"turns":7},{"damage":15,"enemies":"Book of Stabbing","floor":29,"turns":6},{"damage":8,"enemies":"3 Cultists","floor":31,"turns":3},{"damage":49,"enemies":"Collector","floor":33,"turns":7},{"damage":37,"enemies":"3 Darklings","floor":35,"turns":4},{"damage":18,"enemies":"3 Shapes","floor":36,"turns":3},{"damage":58,"enemies":"2 Orb Walkers","floor":41,"turns":4},{"damage":29,"enemies":"Spire Growth","floor":44,"turns":4},{"damage":13,"enemies":"Maw","floor":47,"turns":4},{"damage":28,"enemies":"Awakened One","floor":50,"turns":6}],"seed_played":"7873246293022287975","potions_obtained":[{"floor":1,"key":"LiquidBronze"},{"floor":4,"key":"Dexterity Potion"},{"floor":12,"key":"Energy Potion"},{"floor":18,"key":"Block Potion"},{"floor":36,"key":"Swift Potion"},{"floor":44,"key":"Dexterity Potion"},{"floor":47,"key":"Dexterity Potion"}],"is_trial":false,"path_per_floor":["M","M","?","M","M","R","E","R","T","R","?","E","T","M","R","B",null,"M","?","?","?","M","R","E","R","T","R","$","E","$","M","R","B",null,"M","M","?","?","?","R","E","R","T","M","$","R","M","$","R","B"],"character_chosen":"DEFECT","items_purchased":["Membership Card","Loop+1","DollysMirror","Mummified Hand","Mayhem+1","DataDisk","Static Discharge+1"],"campfire_rested":7,"item_purchase_floors":[28,28,30,45,45,45,48],"current_hp_per_floor":[61,60,60,60,54,80,42,42,42,42,42,35,35,34,34,17,89,67,67,67,67,64,64,31,57,57,57,57,52,52,44,70,31,89,62,44,44,33,33,59,11,37,37,8,8,34,31,31,57,39],"gold":21,"neow_bonus":"TWENTY_PERCENT_HP_BONUS","is_prod":false,"is_daily":false,"chose_seed":false,"campfire_upgraded":5,"win_rate":0,"timestamp":1536891460,"path_taken":["M","M","?","M","M","R","E","R","T","R","?","E","?","?","R","BOSS","M","?","?","?","M","R","E","R","T","R","$","E","$","?","R","BOSS","M","M","?","?","?","R","E","R","T","?","$","R","M","$","R","BOSS"],"build_version":"2018-09-06","purchased_purges":1,"victory":true,"max_hp_per_floor":[89,89,89,89,89,89,89,89,89,89,82,89,89,89,89,89,89,89,89,89,89,89,89,89,89,89,89,89,89,89,89,89,89,89,89,89,89,89,89,89,89,89,89,89,89,89,89,89,89,89],"card_choices":[{"not_picked":["Chaos","Steam"],"picked":"Capacitor","floor":1},{"not_picked":["Lockon","Barrage"],"picked":"FTL","floor":2},{"not_picked":["Sweeping Beam","Darkness"],"picked":"Conserve Battery","floor":4},{"not_picked":["Steam","BootSequence"],"picked":"Cold Snap","floor":5},{"not_picked":["Skim","Undo"],"picked":"Darkness","floor":7},{"not_picked":["Streamline","Steam"],"picked":"Coolheaded","floor":12},{"not_picked":["Chaos","Turbo"],"picked":"Coolheaded","floor":14},{"not_picked":["Amplify","Core Surge"],"picked":"Thunder Strike","floor":16},{"not_picked":["Compile Driver","Stack"],"picked":"Leap","floor":18},{"not_picked":["Hello World+1","Steam Power"],"picked":"Glacier","floor":22},{"not_picked":["Steam","Coolheaded"],"picked":"Self Repair","floor":24},{"not_picked":["Gash+1","Steam Power+1"],"picked":"Barrage+1","floor":29},{"not_picked":["Rebound","Stack"],"picked":"Double Energy","floor":31},{"not_picked":["Meteor Strike","Hyperbeam"],"picked":"Creative AI+1","floor":33},{"not_picked":["Coolheaded","Redo"],"picked":"Heatsinks+1","floor":34},{"not_picked":["Redo","Go for the Eyes"],"picked":"Loop+1","floor":34},{"not_picked":["Redo","Hologram"],"picked":"Chaos+1","floor":34},{"not_picked":["Beam Cell","Barrage"],"picked":"Go for the Eyes+1","floor":34},{"not_picked":["Compile Driver+1","Beam Cell+1"],"picked":"Amplify","floor":35},{"not_picked":["Sweeping Beam+1","Recycle","Stack"],"picked":"SKIP","floor":36},{"not_picked":["Blind","Trip"],"picked":"Thinking Ahead","floor":37},{"not_picked":["Scrape+1","Steam Power+1"],"picked":"Double Energy","floor":41},{"not_picked":["Gash","Recycle+1"],"picked":"Coolheaded","floor":44},{"not_picked":["Steam","Sweeping Beam"],"picked":"Recycle+1","floor":47}],"player_experience":318568,"relics_obtained":[{"floor":7,"key":"Boot"},{"floor":9,"key":"Whetstone"},{"floor":12,"key":"Strawberry"},{"floor":13,"key":"Bag of Preparation"},{"floor":24,"key":"Frozen Egg 2"},{"floor":26,"key":"Blue Candle"},{"floor":29,"key":"Centennial Puzzle"},{"floor":41,"key":"MawBank"},{"floor":43,"key":"Smiling Mask"}],"event_choices":[{"event_name":"Purifier","player_choice":"One Purge","floor":3,"damage_taken":0},{"event_name":"Golden Idol","player_choice":"Lose Max HP","floor":11,"damage_taken":0},{"event_name":"Addict","player_choice":"Obtained Relic","floor":19,"damage_taken":0},{"event_name":"The Woman in Blue","player_choice":"Bought 0 Potions","floor":20,"damage_taken":0},{"event_name":"The Library","player_choice":"Read","floor":21,"damage_taken":0},{"event_name":"SensoryStone","player_choice":"Memory 1","floor":37,"damage_taken":0},{"event_name":"Winding Halls","player_choice":"Embrace Madness","floor":38,"damage_taken":0},{"event_name":"Upgrade Shrine","player_choice":"Upgraded","floor":39,"damage_taken":0}],"is_beta":false,"boss_relics":[{"not_picked":["Runic Pyramid","Lizard Tail"],"picked":"Astrolabe"},{"not_picked":["Pandora\u0027s Box","Black Star"],"picked":"Orrery"}],"items_purged_floors":[30],"is_endless":false,"potions_floor_spawned":[1,4,12,18,36,44,47],"ascension_level":4}