{"gold_per_floor":[13,13,13,13,13,13,13,13,13,40,40,53,53,53,53,127,127,137,152,152,165,57,77,77,2,2,21,21,37,87,32,32,109,159,172,191,91,91,13,13,33,0,72,72,72],"floor_reached":45,"playtime":1153,"items_purged":["Strike_R","Bash"],"score":798,"play_id":"f7062d30-0e4c-477a-9d5c-84961d6ab86e","local_time":"20190120153629","is_ascension_mode":true,"campfire_choices":[{"data":"Strike_R","floor":6,"key":"PURGE"},{"data":"Strike_R","floor":8,"key":"PURGE"},{"floor":11,"key":"REST"},{"data":"Strike_R","floor":13,"key":"PURGE"},{"data":"Parasite","floor":15,"key":"PURGE"},{"floor":24,"key":"REST"},{"data":"Entrench","floor":32,"key":"SMITH"},{"data":"Body Slam","floor":40,"key":"SMITH"}],"neow_cost":"NO_GOLD","seed_source_timestamp":9565066272074,"circlet_count":0,"master_deck":["AscendersBane","Defend_R","Defend_R","Defend_R","Defend_R","Body Slam+1","Iron Wave","Battle Trance+1","Juggernaut","True Grit","Shrug It Off","Power Through","Dual Wield+1","Entrench+1","Iron Wave","True Grit+1","Feed","Body Slam+1","Second Wind","Evolve","Clumsy"],"relics":["Burning Blood","Peace Pipe","Sundial","Bottled Lightning","Cursed Key","Tiny House","Red Mask","Pantograph"],"potions_floor_usage":[16,21,27,29,33],"damage_taken":[{"damage":7,"enemies":"2 Louse","floor":1,"turns":4},{"damage":69,"enemies":"Gremlin Nob","floor":10,"turns":5},{"damage":2,"enemies":"Small Slimes","floor":12,"turns":5},{"damage":28,"enemies":"The Guardian","floor":16,"turns":14},{"damage":19,"enemies":"2 Thieves","floor":18,"turns":4},{"damage":21,"enemies":"Shell Parasite","floor":19,"turns":5},{"damage":14,"enemies":"3 Cultists","floor":21,"turns":6},{"damage":25,"enemies":"Snecko","floor":23,"turns":7},{"damage":5,"enemies":"Chosen and Byrds","floor":27,"turns":6},{"damage":14,"enemies":"Snake Plant","floor":29,"turns":3},{"damage":26,"enemies":"Champ","floor":33,"turns":10},{"damage":36,"enemies":"3 Darklings","floor":35,"turns":9},{"damage":15,"enemies":"Orb Walker","floor":36,"turns":5},{"damage":0,"enemies":"Sphere and 2 Shapes","floor":41,"turns":4},{"damage":93,"enemies":"Giant Head","floor":45,"turns":7}],"seed_played":"-5717376362329045039","potions_obtained":[{"floor":12,"key":"LiquidBronze"},{"floor":19,"key":"Fire Potion"},{"floor":23,"key":"FearPotion"},{"floor":27,"key":"LiquidBronze"},{"floor":33,"key":"Dexterity Potion"},{"floor":34,"key":"Strength Potion"}],"is_trial":false,"path_per_floor":["M","?","?","?","?","R","$","R","T","E","R","M","R","?","R","B",null,"M","M","?","M","$","M","R","$","T","M","?","M","?","$","R","B",null,"M","M","$","?","$","R","M","?","T","?","E"],"character_chosen":"IRONCLAD","items_purchased":["Entrench","Iron Wave","Block Potion","Evolve"],"campfire_rested":2,"item_purchase_floors":[22,22,31,39],"current_hp_per_floor":[67,67,67,67,72,72,72,72,72,9,33,37,37,57,57,35,67,54,39,39,31,31,12,35,35,35,36,36,28,28,28,28,8,65,35,26,26,67,67,67,67,67,67,64,0],"gold":72,"neow_bonus":"ONE_RARE_RELIC","is_prod":false,"is_daily":false,"chose_seed":false,"campfire_upgraded":2,"win_rate":0,"timestamp":1547998589,"path_taken":["M","?","?","?","?","R","$","R","T","E","R","?","R","?","R","BOSS","M","M","?","M","?","?","R","$","T","M","?","M","?","$","R","BOSS","M","?","$","?","?","R","?","?","T","?","E"],"build_version":"2019-01-17v2","purchased_purges":2,"victory":false,"max_hp_per_floor":[75,75,75,75,80,80,80,80,80,80,80,80,80,80,77,77,77,77,77,77,77,77,77,77,77,77,77,77,77,77,77,77,77,82,82,82,82,67,67,67,67,67,67,64,64],"card_choices":[{"not_picked":["Cleave","Clothesline"],"picked":"Body Slam","floor":1},{"not_picked":["Clash","Wild Strike"],"picked":"Iron Wave","floor":10},{"not_picked":["Corruption","True Grit"],"picked":"Battle Trance","floor":12},{"not_picked":["Limit Break","Reaper"],"picked":"Juggernaut","floor":16},{"not_picked":["Sword Boomerang","Searing Blow"],"picked":"True Grit","floor":18},{"not_picked":["Headbutt","Metallicize"],"picked":"Shrug It Off","floor":19},{"not_picked":["Headbutt","Power Through"],"picked":"Dual Wield+1","floor":21},{"not_picked":["Combust","Sword Boomerang"],"picked":"True Grit+1","floor":23},{"not_picked":["Pommel Strike","Bloodletting"],"picked":"Feed","floor":27},{"not_picked":["Wild Strike","True Grit","Flex"],"picked":"SKIP","floor":29},{"not_picked":["Warcry","Dropkick"],"picked":"Body Slam","floor":34},{"not_picked":["Thunderclap","Iron Wave","Pommel Strike+1"],"picked":"SKIP","floor":35},{"not_picked":["Clash+1","Sword Boomerang"],"picked":"Second Wind","floor":36},{"not_picked":["Sword Boomerang","Pommel Strike+1","Twin Strike"],"picked":"SKIP","floor":41}],"player_experience":407770,"relics_obtained":[{"floor":9,"key":"Sundial"},{"floor":10,"key":"Bottled Lightning"},{"floor":43,"key":"Pantograph"}],"event_choices":[{"damage_healed":0,"gold_gain":0,"player_choice":"Grow","damage_taken":0,"max_hp_gain":0,"max_hp_loss":0,"event_name":"Living Wall","floor":2,"gold_loss":0,"cards_upgraded":["Body Slam"]},{"damage_healed":0,"gold_gain":0,"player_choice":"Leave","damage_taken":0,"max_hp_gain":0,"max_hp_loss":0,"event_name":"The Cleric","floor":3,"gold_loss":0},{"damage_healed":0,"gold_gain":0,"player_choice":"Ignored","damage_taken":0,"max_hp_gain":0,"max_hp_loss":0,"event_name":"Golden Idol","floor":4,"gold_loss":0},{"damage_healed":0,"gold_gain":0,"player_choice":"Donut","damage_taken":0,"max_hp_gain":5,"max_hp_loss":0,"event_name":"Big Fish","floor":5,"gold_loss":0},{"damage_healed":20,"gold_gain":0,"player_choice":"Healed and dodged fight","damage_taken":0,"max_hp_gain":0,"max_hp_loss":0,"event_name":"Mushrooms","floor":14,"gold_loss":0,"cards_obtained":["Parasite"]},{"damage_healed":0,"gold_gain":0,"cards_transformed":["Strike_R"],"player_choice":"Transformed","damage_taken":0,"max_hp_gain":0,"max_hp_loss":0,"event_name":"Transmorgrifier","floor":20,"gold_loss":0,"cards_obtained":["Power Through"]},{"damage_healed":0,"gold_gain":0,"player_choice":"Ignored","damage_taken":0,"max_hp_gain":0,"max_hp_loss":0,"event_name":"The Mausoleum","floor":28,"gold_loss":0},{"damage_healed":0,"gold_gain":50,"player_choice":"Pray","damage_taken":0,"max_hp_gain":0,"max_hp_loss":0,"event_name":"Golden Shrine","floor":30,"gold_loss":0},{"damage_healed":67,"gold_gain":0,"player_choice":"Heal","damage_taken":0,"max_hp_gain":0,"max_hp_loss":15,"event_name":"The Moai Head","floor":38,"gold_loss":0},{"damage_healed":0,"gold_gain":0,"player_choice":"Paid","damage_taken":0,"relics_obtained":["Red Mask"],"max_hp_gain":0,"max_hp_loss":0,"event_name":"Tomb of Lord Red Mask","floor":42,"gold_loss":33},{"damage_healed":0,"gold_gain":0,"player_choice":"Max HP","damage_taken":0,"max_hp_gain":0,"max_hp_loss":3,"event_name":"Winding Halls","floor":44,"gold_loss":0}],"is_beta":false,"boss_relics":[{"not_picked":["Black Blood","Calling Bell"],"picked":"Cursed Key"},{"not_picked":["Busted Crown","Runic Cube"],"picked":"Tiny House"}],"items_purged_floors":[25,37],"is_endless":false,"potions_floor_spawned":[12,19,23,27,33,41],"killed_by":"Giant Head","ascension_level":18}