{"gold_per_floor":[112,62,80,100,118,118,129,129,152,166,166,166,23,34,34,133,133,146,61,72,72,72,72,83,83,83,83,101,118,145,157,169,181],"floor_reached":33,"playtime":2689,"items_purged":[],"score":375,"play_id":"84887717-1270-4999-a750-2d0db91e9503","local_time":"20190120210700","is_ascension_mode":true,"campfire_choices":[{"data":"Dualcast","floor":6,"key":"SMITH"},{"data":"Zap","floor":8,"key":"SMITH"},{"data":"Capacitor","floor":12,"key":"SMITH"},{"data":"Go for the Eyes","floor":15,"key":"SMITH"},{"data":"White Noise","floor":23,"key":"SMITH"},{"data":"Biased Cognition","floor":25,"key":"SMITH"},{"data":"Lockon","floor":27,"key":"SMITH"},{"data":"Consume","floor":32,"key":"SMITH"}],"neow_cost":"NONE","seed_source_timestamp":874781576542473,"circlet_count":0,"master_deck":["Defend_B","Zap+1","Dualcast+1","Electrodynamics","Conserve Battery","Leap","Auto Shields","Cold Snap","Go for the Eyes+1","Capacitor+1","Lockon+1","Biased Cognition+1","Leap","White Noise+1","Bite","Bite","Bite","Bite","Bite","Consume+1"],"relics":["Orrery","Centennial Puzzle","DataDisk","Velvet Choker","Art of War","Sundial","MawBank"],"potions_floor_usage":[10,16,16,20,29,30,33],"damage_taken":[{"damage":5,"enemies":"2 Louse","floor":1,"turns":4},{"damage":0,"enemies":"Jaw Worm","floor":3,"turns":4},{"damage":0,"enemies":"Cultist","floor":4,"turns":4},{"damage":0,"enemies":"3 Louse","floor":5,"turns":5},{"damage":16,"enemies":"2 Fungi Beasts","floor":7,"turns":4},{"damage":3,"enemies":"Lots of Slimes","floor":10,"turns":3},{"damage":13,"enemies":"Exordium Thugs","floor":14,"turns":4},{"damage":2,"enemies":"The Guardian","floor":16,"turns":9},{"damage":0,"enemies":"Chosen","floor":18,"turns":4},{"damage":6,"enemies":"3 Byrds","floor":20,"turns":3},{"damage":14,"enemies":"Cultist and Chosen","floor":24,"turns":6},{"damage":8,"enemies":"Snecko","floor":28,"turns":6},{"damage":7,"enemies":"Centurion and Healer","floor":29,"turns":3},{"damage":27,"enemies":"Slavers","floor":30,"turns":3},{"damage":38,"enemies":"Champ","floor":33,"turns":8}],"seed_played":"-4654021461932062500","potions_obtained":[{"floor":1,"key":"EssenceOfSteel"},{"floor":7,"key":"PowerPotion"},{"floor":10,"key":"EssenceOfSteel"},{"floor":14,"key":"Strength Potion"},{"floor":16,"key":"LiquidBronze"},{"floor":18,"key":"Energy Potion"},{"floor":24,"key":"Swift Potion"}],"is_trial":false,"path_per_floor":["M","?","M","M","M","R","M","R","T","M","?","R","$","M","R","B",null,"M","?","M","?","?","R","M","R","T","R","M","M","E","$","R","B"],"character_chosen":"DEFECT","items_purchased":["DataDisk"],"campfire_rested":0,"item_purchase_floors":[13],"current_hp_per_floor":[63,63,63,63,63,63,47,47,47,44,44,44,44,31,31,29,64,64,64,58,52,52,52,41,41,41,41,49,44,23,23,23,0],"gold":181,"neow_bonus":"BOSS_RELIC","is_prod":false,"is_daily":false,"chose_seed":false,"campfire_upgraded":8,"win_rate":0,"timestamp":1548047220,"path_taken":["M","?","M","M","M","R","M","R","T","M","?","R","?","?","R","BOSS","M","?","M","?","?","R","M","R","T","R","?","M","E","$","R","BOSS"],"build_version":"2019-01-17v2","purchased_purges":0,"victory":false,"max_hp_per_floor":[75,75,75,75,75,75,75,75,75,75,75,75,75,75,75,75,75,75,75,75,52,52,52,52,52,52,52,52,52,52,52,52,52],"card_choices":[{"not_picked":["Cold Snap","Hologram"],"picked":"Electrodynamics","floor":0},{"not_picked":["Hologram","Hello World"],"picked":"Conserve Battery","floor":0},{"not_picked":["Steam","Gash"],"picked":"Leap","floor":0},{"not_picked":["Beam Cell","Blizzard"],"picked":"Auto Shields","floor":0},{"not_picked":["Biased Cognition","Conserve Battery"],"picked":"Cold Snap","floor":1},{"not_picked":["Heatsinks","Barrage"],"picked":"Go for the Eyes","floor":3},{"not_picked":["Gash","Hologram","Beam Cell"],"picked":"SKIP","floor":4},{"not_picked":["Hologram","Beam Cell","Static Discharge"],"picked":"SKIP","floor":5},{"not_picked":["Stack","Auto Shields","Blizzard"],"picked":"SKIP","floor":7},{"not_picked":["Reinforced Body","Go for the Eyes"],"picked":"Capacitor","floor":10},{"not_picked":["Go for the Eyes","Rebound","Compile Driver"],"picked":"SKIP","floor":14},{"not_picked":["Meteor Strike","Electrodynamics"],"picked":"Biased Cognition","floor":16},{"not_picked":["Barrage","Hello World"],"picked":"Leap","floor":18},{"not_picked":["Force Field","Cold Snap+1"],"picked":"White Noise","floor":20},{"not_picked":["Streamline","Force Field","Turbo"],"picked":"SKIP","floor":24},{"not_picked":["Rebound","Streamline","Doom and Gloom"],"picked":"SKIP","floor":28},{"not_picked":["Scrape","Aggregate"],"picked":"Consume","floor":29},{"not_picked":["Sweeping Beam","Skim","Rip and Tear"],"picked":"SKIP","floor":30}],"player_experience":440275,"relics_obtained":[{"floor":9,"key":"Centennial Puzzle"},{"floor":26,"key":"Sundial"},{"floor":30,"key":"MawBank"}],"event_choices":[{"cards_removed":["Defend_B"],"damage_healed":0,"gold_gain":0,"player_choice":"Card Removal","damage_taken":0,"max_hp_gain":0,"max_hp_loss":0,"event_name":"The Cleric","floor":2,"gold_loss":50},{"damage_healed":0,"gold_gain":0,"cards_transformed":["Defend_B"],"player_choice":"Change","damage_taken":0,"max_hp_gain":0,"max_hp_loss":0,"event_name":"Living Wall","floor":11,"gold_loss":0,"cards_obtained":["Lockon"]},{"damage_healed":0,"gold_gain":0,"player_choice":"Obtained Relic","damage_taken":0,"relics_obtained":["Art of War"],"max_hp_gain":0,"max_hp_loss":0,"event_name":"Addict","floor":19,"gold_loss":85},{"damage_healed":0,"gold_gain":0,"player_choice":"Became a vampire","damage_taken":0,"max_hp_gain":0,"max_hp_loss":23,"event_name":"Vampires","floor":21,"gold_loss":0,"cards_obtained":["Bite","Bite","Bite","Bite","Bite"]},{"cards_removed":["Defend_B"],"damage_healed":0,"gold_gain":0,"player_choice":"Purged","damage_taken":0,"max_hp_gain":0,"max_hp_loss":0,"event_name":"Purifier","floor":22,"gold_loss":0}],"is_beta":false,"boss_relics":[{"not_picked":["Ectoplasm","Pandora\u0027s Box"],"picked":"Velvet Choker"}],"items_purged_floors":[],"is_endless":false,"potions_floor_spawned":[1,7,10,14,16,18,24],"killed_by":"Champ","ascension_level":7}