{"gold_per_floor":[118,130,141,216,166,166,201,219,219,219,249,262,262,17,17,113,113,130,146,421,436,322,322,337,337,360,360,380,394,404,404,404,499,499,518,518,518,534,587,587,598,598,673,673,673,686,686,699,699,699],"floor_reached":51,"playtime":5779,"items_purged":["Regret"],"score":786,"play_id":"1c766e7e-46f5-46fe-acdb-ada5daff1158","local_time":"20181215001134","is_ascension_mode":true,"campfire_choices":[{"data":"Night Terror","floor":6,"key":"SMITH"},{"data":"Neutralize","floor":13,"key":"SMITH"},{"floor":15,"key":"REST"},{"data":"Adrenaline","floor":23,"key":"SMITH"},{"data":"Terror","floor":25,"key":"SMITH"},{"data":"Strike_G","floor":27,"key":"PURGE"},{"data":"Accuracy","floor":32,"key":"SMITH"},{"data":"Strike_G+1","floor":40,"key":"PURGE"},{"data":"Impatience","floor":44,"key":"SMITH"},{"data":"Strike_G+1","floor":47,"key":"PURGE"},{"data":"Strike_G+1","floor":49,"key":"PURGE"}],"neow_cost":"NONE","seed_source_timestamp":1581116469188545,"circlet_count":0,"master_deck":["Defend_G+1","Defend_G+1","Defend_G+1","Defend_G+1","Defend_G+1","Survivor+1","Neutralize+1","Night Terror+1","Deadly Poison+1","Backflip+1","Heel Hook+1","Deadly Poison+1","Terror+1","Backflip+1","Adrenaline+1","Quick Slash+1","Blade Dance+1","Footwork+1","Backstab+1","Endless Agony+1","Infinite Blades+1","Accuracy+1","Infinite Blades+1","Adrenaline+1","Backflip","Dodge and Roll+1","Impatience+1","Footwork+1"],"relics":["Ring of the Snake","Peace Pipe","Ginger","Ninja Scroll","Bottled Lightning","Meat on the Bone","WristBlade","Bronze Scales","Blood Vial","Philosopher\u0027s Stone","Mark of the Bloom","Calipers","Gremlin Horn"],"potions_floor_usage":[11,16,19,21,33,38,41,50,50],"damage_taken":[{"damage":0,"enemies":"2 Louse","floor":1,"turns":3},{"damage":1,"enemies":"Jaw Worm","floor":2,"turns":6},{"damage":2,"enemies":"Cultist","floor":3,"turns":4},{"damage":13,"enemies":"Lagavulin","floor":7,"turns":8},{"damage":15,"enemies":"Exordium Thugs","floor":8,"turns":5},{"damage":9,"enemies":"Gremlin Nob","floor":11,"turns":4},{"damage":0,"enemies":"Gremlin Gang","floor":12,"turns":4},{"damage":6,"enemies":"Hexaghost","floor":16,"turns":9},{"damage":7,"enemies":"Spheric Guardian","floor":18,"turns":4},{"damage":7,"enemies":"Chosen","floor":19,"turns":5},{"damage":29,"enemies":"Snake Plant","floor":21,"turns":5},{"damage":11,"enemies":"Centurion and Healer","floor":24,"turns":5},{"damage":0,"enemies":"3 Cultists","floor":28,"turns":3},{"damage":5,"enemies":"Snake Plant","floor":29,"turns":3},{"damage":0,"enemies":"Cultist and Chosen","floor":30,"turns":3},{"damage":36,"enemies":"Champ","floor":33,"turns":7},{"damage":9,"enemies":"3 Darklings","floor":35,"turns":3},{"damage":0,"enemies":"Orb Walker","floor":38,"turns":1},{"damage":29,"enemies":"2 Orb Walkers","floor":39,"turns":3},{"damage":2,"enemies":"4 Shapes","floor":41,"turns":3},{"damage":0,"enemies":"Jaw Worm Horde","floor":46,"turns":2},{"damage":13,"enemies":"Writhing Mass","floor":48,"turns":5},{"damage":14,"enemies":"Donu and Deca","floor":50,"turns":8}],"seed_played":"5680060022001499396","potions_obtained":[{"floor":1,"key":"Strength Potion"},{"floor":11,"key":"GamblersBrew"},{"floor":12,"key":"SkillPotion"},{"floor":18,"key":"Weak Potion"},{"floor":19,"key":"GamblersBrew"},{"floor":21,"key":"Energy Potion"},{"floor":29,"key":"FairyPotion"},{"floor":35,"key":"Explosive Potion"},{"floor":46,"key":"Ancient Potion"},{"floor":48,"key":"EssenceOfSteel"}],"is_trial":false,"path_per_floor":["M","M","M","?","?","R","E","M","T","T","E","M","R","$","R","B",null,"M","M","?","M","$","R","M","R","T","R","M","M","M","T","R","B",null,"M","?","?","M","?","R","M","?","T","R","?","M","R","M","R","B",null],"character_chosen":"THE_SILENT","items_purchased":["Meat on the Bone","Backstab"],"campfire_rested":1,"item_purchase_floors":[14,22],"current_hp_per_floor":[70,69,67,56,56,56,43,28,28,28,19,19,19,19,40,46,70,63,56,56,39,39,39,40,40,40,40,40,47,47,47,47,25,70,61,61,61,61,32,32,30,30,30,30,30,30,30,17,17,3],"gold":699,"neow_bonus":"ONE_RANDOM_RARE_CARD","is_prod":false,"is_daily":false,"chose_seed":false,"campfire_upgraded":6,"win_rate":0,"timestamp":1544861494,"path_taken":["M","M","M","?","?","R","E","M","T","?","E","M","R","$","R","BOSS","M","?","?","?","$","R","M","R","T","R","M","M","M","?","R","BOSS","M","?","?","M","?","R","?","?","T","R","?","M","R","M","R","BOSS"],"build_version":"2018-12-13","purchased_purges":1,"victory":true,"max_hp_per_floor":[70,70,70,70,70,70,70,70,70,70,70,70,70,70,70,70,70,70,70,70,70,70,70,70,70,70,70,70,70,70,70,70,70,70,70,70,70,70,70,70,70,70,70,70,61,61,61,61,61,61],"card_choices":[{"not_picked":["Dagger Spray","Dagger Throw"],"picked":"Flying Knee","floor":1},{"not_picked":["PiercingWail","Accuracy"],"picked":"Deadly Poison","floor":2},{"not_picked":["Deflect","Deadly Poison"],"picked":"Backflip","floor":3},{"not_picked":["Concentrate","Prepared"],"picked":"Heel Hook","floor":7},{"not_picked":["Cloak And Dagger","Bane"],"picked":"Deadly Poison","floor":8},{"not_picked":["Bane","All Out Attack"],"picked":"Terror","floor":11},{"not_picked":["Deflect","PiercingWail"],"picked":"Backflip","floor":12},{"not_picked":["Envenom","A Thousand Cuts"],"picked":"Adrenaline","floor":16},{"not_picked":["Noxious Fumes","Deadly Poison"],"picked":"Quick Slash+1","floor":18},{"not_picked":["Slice","Concentrate+1"],"picked":"Blade Dance+1","floor":19},{"not_picked":["Dagger Spray","Flying Knee"],"picked":"Footwork","floor":21},{"not_picked":["Bane","PiercingWail"],"picked":"Endless Agony+1","floor":24},{"not_picked":["Venomology","Crippling Poison"],"picked":"Infinite Blades+1","floor":28},{"not_picked":["Deadly Poison","Slice"],"picked":"Accuracy","floor":29},{"not_picked":["Predator","Outmaneuver"],"picked":"Infinite Blades+1","floor":30},{"not_picked":["Wraith Form v2","Glass Knife"],"picked":"Adrenaline","floor":33},{"not_picked":["Flying Knee+1","Dagger Throw+1","Underhanded Strike"],"picked":"SKIP","floor":35},{"not_picked":["Deadly Poison","Distraction"],"picked":"Backflip","floor":38},{"not_picked":["Dagger Throw+1","Masterful Stab"],"picked":"Dodge and Roll+1","floor":41},{"not_picked":["Apotheosis","Chrysalis"],"picked":"Impatience","floor":42},{"not_picked":["Outmaneuver","PiercingWail+1"],"picked":"Footwork+1","floor":46},{"not_picked":["Bane+1","Distraction","Acrobatics+1"],"picked":"SKIP","floor":48}],"player_experience":116001,"relics_obtained":[{"floor":7,"key":"Peace Pipe"},{"floor":9,"key":"Ginger"},{"floor":10,"key":"Ninja Scroll"},{"floor":11,"key":"Bottled Lightning"},{"floor":26,"key":"Bronze Scales"},{"floor":31,"key":"Blood Vial"},{"floor":39,"key":"Calipers"},{"floor":43,"key":"Gremlin Horn"}],"event_choices":[{"damage_healed":0,"gold_gain":75,"player_choice":"Gather Gold","damage_taken":11,"max_hp_gain":0,"max_hp_loss":0,"event_name":"World of Goop","floor":4,"gold_loss":0},{"cards_removed":["Strike_G"],"damage_healed":0,"gold_gain":0,"player_choice":"Card Removal","damage_taken":0,"max_hp_gain":0,"max_hp_loss":0,"event_name":"The Cleric","floor":5,"gold_loss":50},{"damage_healed":0,"gold_gain":275,"player_choice":"Desecrate","damage_taken":0,"max_hp_gain":0,"max_hp_loss":0,"event_name":"Golden Shrine","floor":20,"gold_loss":0,"cards_obtained":["Regret"]},{"cards_removed":["Flying Knee"],"damage_healed":0,"gold_gain":0,"player_choice":"Removed Attack","damage_taken":0,"max_hp_gain":0,"max_hp_loss":0,"event_name":"Falling","floor":36,"gold_loss":0},{"damage_healed":0,"gold_gain":0,"player_choice":"Upgrade","damage_taken":0,"relics_obtained":["Mark of the Bloom"],"max_hp_gain":0,"max_hp_loss":0,"event_name":"MindBloom","floor":37,"gold_loss":0,"cards_upgraded":["Defend_G","Defend_G","Defend_G","Defend_G","Defend_G","Strike_G","Strike_G","Strike_G","Survivor","Deadly Poison","Backflip","Heel Hook","Deadly Poison","Backflip","Footwork","Backstab","Adrenaline"]},{"damage_healed":0,"gold_gain":0,"player_choice":"Fight","damage_taken":0,"max_hp_gain":0,"max_hp_loss":0,"event_name":"Mysterious Sphere","floor":39,"gold_loss":0},{"damage_healed":0,"gold_gain":0,"player_choice":"Memory 1","damage_taken":0,"max_hp_gain":0,"max_hp_loss":0,"event_name":"SensoryStone","floor":42,"gold_loss":0},{"damage_healed":61,"gold_gain":0,"player_choice":"Heal","damage_taken":0,"max_hp_gain":0,"max_hp_loss":9,"event_name":"The Moai Head","floor":45,"gold_loss":0}],"is_beta":false,"boss_relics":[{"not_picked":["Lizard Tail","Snecko Eye"],"picked":"WristBlade"},{"not_picked":["Runic Pyramid","Fusion Hammer"],"picked":"Philosopher\u0027s Stone"}],"items_purged_floors":[22],"is_endless":false,"potions_floor_spawned":[1,11,12,18,19,21,29,35,46,48],"ascension_level":4}