{"gold_per_floor":[99,99,99,99,99,99,99,49,49,49,49,49,49,49,49,49,49,49,49,49,49,49,49,49,49,49,49,49,49,49,49,49,49],"floor_reached":33,"playtime":643,"items_purged":[],"score":457,"play_id":"fd775d81-790e-4302-a151-b0611d1424e1","local_time":"20181212210255","is_ascension_mode":true,"campfire_choices":[{"data":"Uppercut","floor":6,"key":"SMITH"},{"data":"Flame Barrier","floor":10,"key":"SMITH"},{"data":"Clothesline","floor":12,"key":"SMITH"},{"data":"Iron Wave","floor":15,"key":"SMITH"},{"data":"Reaper","floor":23,"key":"SMITH"},{"data":"Bash","floor":25,"key":"SMITH"},{"data":"Defend_R","floor":27,"key":"SMITH"},{"data":"Metallicize","floor":29,"key":"SMITH"},{"floor":32,"key":"REST"}],"neow_cost":"NONE","seed_source_timestamp":9179427862796,"circlet_count":0,"master_deck":["AscendersBane","Strike_R","Strike_R","Strike_R","Defend_R+1","Defend_R","Defend_R","Defend_R","Bash+1","Clothesline+1","Uppercut+1","Cleave","Seeing Red","Flame Barrier+1","Metallicize+1","Iron Wave+1","Reaper+1","Necronomicurse","Shrug It Off"],"relics":["Ectoplasm","Art of War","PreservedInsect","Busted Crown","Necronomicon","Dream Catcher","Dodecahedron"],"potions_floor_usage":[13,14,16,18,28,33,33],"damage_taken":[{"damage":0,"enemies":"2 Louse","floor":1,"turns":3},{"damage":7,"enemies":"Small Slimes","floor":2,"turns":3},{"damage":2,"enemies":"Jaw Worm","floor":3,"turns":3},{"damage":10,"enemies":"Exordium Wildlife","floor":4,"turns":4},{"damage":4,"enemies":"Blue Slaver","floor":7,"turns":3},{"damage":0,"enemies":"2 Fungi Beasts","floor":11,"turns":3},{"damage":10,"enemies":"Lagavulin","floor":13,"turns":5},{"damage":0,"enemies":"Red Slaver","floor":14,"turns":2},{"damage":8,"enemies":"The Guardian","floor":16,"turns":11},{"damage":1,"enemies":"Spheric Guardian","floor":18,"turns":4},{"damage":0,"enemies":"3 Byrds","floor":20,"turns":1},{"damage":10,"enemies":"Centurion and Healer","floor":22,"turns":5},{"damage":3,"enemies":"Snecko","floor":24,"turns":4},{"damage":18,"enemies":"Snake Plant","floor":28,"turns":2},{"damage":17,"enemies":"Book of Stabbing","floor":30,"turns":5},{"damage":85,"enemies":"Collector","floor":33,"turns":6}],"seed_played":"1218369345907667397","potions_obtained":[{"floor":3,"key":"Swift Potion"},{"floor":4,"key":"Ancient Potion"},{"floor":11,"key":"LiquidBronze"},{"floor":13,"key":"Fire Potion"},{"floor":14,"key":"SneckoOil"},{"floor":20,"key":"BloodPotion"},{"floor":24,"key":"Dexterity Potion"},{"floor":28,"key":"Poison Potion"}],"is_trial":false,"path_per_floor":["M","M","M","M","?","R","M","?","T","R","M","R","E","M","R","B",null,"M","?","M","?","M","R","M","R","T","R","M","R","E","$","R","B"],"character_chosen":"IRONCLAD","items_purchased":[],"campfire_rested":1,"item_purchase_floors":[],"current_hp_per_floor":[68,61,59,49,42,42,38,38,38,38,38,38,28,28,28,20,61,60,60,60,44,38,38,49,49,49,49,41,41,34,34,56,0],"gold":49,"neow_bonus":"BOSS_RELIC","is_prod":false,"is_daily":false,"chose_seed":false,"campfire_upgraded":8,"win_rate":0,"timestamp":1544648575,"path_taken":["M","M","M","M","?","R","M","?","T","R","M","R","E","M","R","BOSS","M","?","M","?","M","R","M","R","T","R","?","R","E","$","R","BOSS"],"build_version":"2018-12-06","purchased_purges":0,"victory":false,"max_hp_per_floor":[75,75,75,75,75,75,75,75,75,75,75,75,75,75,75,75,75,75,75,75,75,75,75,75,75,75,75,75,75,75,75,75,75],"card_choices":[{"not_picked":["Flex","Corruption"],"picked":"Clothesline","floor":1},{"not_picked":["Fire Breathing","Metallicize"],"picked":"Uppercut","floor":2},{"not_picked":["Bloodletting","Anger"],"picked":"Cleave","floor":3},{"not_picked":["Iron Wave","Cleave"],"picked":"Seeing Red","floor":4},{"not_picked":["Body Slam","Sentinel"],"picked":"Flame Barrier","floor":7},{"not_picked":["Cleave","Power Through","Headbutt"],"picked":"SKIP","floor":11},{"not_picked":["Battle Trance","Heavy Blade"],"picked":"Metallicize","floor":13},{"not_picked":["Body Slam","Twin Strike"],"picked":"Iron Wave","floor":14},{"not_picked":["Brutality","Fiend Fire"],"picked":"Reaper","floor":16},{"not_picked":["Armaments"],"picked":"SKIP","floor":18},{"not_picked":["Wild Strike"],"picked":"SKIP","floor":20},{"not_picked":["Blood for Blood"],"picked":"SKIP","floor":22},{"not_picked":["Reckless Charge"],"picked":"SKIP","floor":24},{"not_picked":[],"picked":"Shrug It Off","floor":28},{"not_picked":["Iron Wave"],"picked":"SKIP","floor":30}],"player_experience":259051,"relics_obtained":[{"floor":9,"key":"Art of War"},{"floor":13,"key":"PreservedInsect"},{"floor":21,"key":"Necronomicon"},{"floor":26,"key":"Dream Catcher"},{"floor":30,"key":"Dodecahedron"}],"event_choices":[{"cards_removed":["Strike_R"],"damage_healed":0,"gold_gain":0,"player_choice":"Card Removal","damage_taken":7,"max_hp_gain":0,"max_hp_loss":0,"event_name":"Golden Wing","floor":5,"gold_loss":0},{"cards_removed":["Strike_R"],"damage_healed":0,"gold_gain":0,"player_choice":"Card Removal","damage_taken":0,"max_hp_gain":0,"max_hp_loss":0,"event_name":"The Cleric","floor":8,"gold_loss":50},{"damage_healed":0,"gold_gain":0,"player_choice":"Ignored","damage_taken":0,"max_hp_gain":0,"max_hp_loss":0,"event_name":"Ghosts","floor":19,"gold_loss":0},{"damage_healed":0,"gold_gain":0,"player_choice":"Obtained Book","damage_taken":16,"max_hp_gain":0,"max_hp_loss":0,"event_name":"Cursed Tome","floor":21,"gold_loss":0}],"is_beta":false,"boss_relics":[{"not_picked":["Runic Cube","White Beast Statue"],"picked":"Busted Crown"}],"items_purged_floors":[],"is_endless":false,"potions_floor_spawned":[3,4,11,13,14,20,24,28],"killed_by":"Collector","ascension_level":14}