{"gold_per_floor":[111,123,188,202,212,212,246,246,272,272,272,284,299,7,7,106,106,121,121,121,136,153,153,179,179,227,261,294,325,325,343,343,444,444,458,471,17,36,258,258],"floor_reached":40,"playtime":2352,"items_purged":[],"score":583,"play_id":"18163497-b25c-43f1-94eb-9217d0b0db1b","local_time":"20180922155023","is_ascension_mode":true,"campfire_choices":[{"data":"Sweeping Beam","floor":6,"key":"SMITH"},{"floor":8,"key":"REST"},{"data":"Redo","floor":11,"key":"SMITH"},{"data":"Apotheosis","floor":15,"key":"SMITH"},{"floor":23,"key":"REST"},{"floor":25,"key":"REST"},{"floor":32,"key":"REST"}],"neow_cost":"NONE","seed_source_timestamp":22998506639665,"circlet_count":0,"master_deck":["Strike_B+1","Strike_B","Strike_B","Strike_B+1","Defend_B","Defend_B","Defend_B","Defend_B","Zap","Dualcast","Ball Lightning","Melter","Sunder","Sweeping Beam+1","Redo+1","Defragment","Defragment","Apotheosis+1","Self Repair","Leap","Creative AI","Cold Snap","Storm","White Noise","Leap","Leap+1","Sweeping Beam","Hyperbeam","Decay","Self Repair+1","Capacitor","Buffer","Beam Cell","Loop","Capacitor+1"],"relics":["FrozenCore","Blood Vial","Whetstone","PreservedInsect","Lantern","Meat on the Bone","Dream Catcher","Dodecahedron","Red Mask","Vajra","White Beast Statue","Potion Belt","Thread and Needle"],"potions_floor_usage":[16,16,22,24,27,28,33,33,36,38,38,40],"damage_taken":[{"damage":8,"enemies":"Small Slimes","floor":1,"turns":3},{"damage":6,"enemies":"2 Louse","floor":2,"turns":2},{"damage":2,"enemies":"Jaw Worm","floor":4,"turns":3},{"damage":7,"enemies":"Looter","floor":5,"turns":3},{"damage":30,"enemies":"Lagavulin","floor":7,"turns":5},{"damage":0,"enemies":"3 Louse","floor":12,"turns":2},{"damage":13,"enemies":"Blue Slaver","floor":13,"turns":2},{"damage":26,"enemies":"Hexaghost","floor":16,"turns":7},{"damage":12,"enemies":"Spheric Guardian","floor":18,"turns":4},{"damage":11,"enemies":"Shell Parasite","floor":21,"turns":5},{"damage":21,"enemies":"Cultist and Chosen","floor":22,"turns":4},{"damage":25,"enemies":"Book of Stabbing","floor":24,"turns":7},{"damage":36,"enemies":"Slavers","floor":27,"turns":4},{"damage":54,"enemies":"Masked Bandits","floor":28,"turns":5},{"damage":33,"enemies":"Book of Stabbing","floor":29,"turns":7},{"damage":11,"enemies":"Centurion and Healer","floor":31,"turns":6},{"damage":64,"enemies":"Collector","floor":33,"turns":8},{"damage":60,"enemies":"3 Darklings","floor":35,"turns":6},{"damage":28,"enemies":"Orb Walker","floor":36,"turns":5},{"damage":24,"enemies":"Reptomancer","floor":38,"turns":8},{"damage":49,"enemies":"2 Orb Walkers","floor":40,"turns":4}],"seed_played":"3731204319431182651","potions_obtained":[{"floor":5,"key":"Explosive Potion"},{"floor":7,"key":"Poison Potion"},{"floor":12,"key":"GamblersBrew"},{"floor":16,"key":"EssenceOfSteel"},{"floor":22,"key":"Block Potion"},{"floor":24,"key":"Regen Potion"},{"floor":29,"key":"EssenceOfSteel"},{"floor":31,"key":"Poison Potion"},{"floor":33,"key":"LiquidBronze"},{"floor":35,"key":"Poison Potion"},{"floor":36,"key":"Fire Potion"},{"floor":38,"key":"Block Potion"}],"is_trial":false,"path_per_floor":["M","M","?","M","M","R","E","R","T","?","R","M","M","$","R","B",null,"M","?","?","M","M","R","E","R","T","E","?","E","?","M","R","B",null,"M","M","$","M","?"],"character_chosen":"DEFECT","items_purchased":["Apotheosis","Self Repair","Leap","Potion Belt","Thread and Needle"],"campfire_rested":4,"item_purchase_floors":[14,14,14,37,37],"current_hp_per_floor":[67,63,63,63,58,58,30,52,52,45,45,47,36,36,36,22,62,52,52,52,53,44,66,50,72,72,55,39,30,30,43,65,35,65,39,42,42,42,42,0],"gold":258,"neow_bonus":"RANDOM_COMMON_RELIC","is_prod":false,"is_daily":false,"chose_seed":false,"campfire_upgraded":3,"win_rate":0,"timestamp":1537649423,"path_taken":["M","M","?","M","M","R","E","R","T","?","R","M","M","$","R","BOSS","M","?","?","M","M","R","E","R","T","E","?","E","?","M","R","BOSS","M","M","$","M","?","E"],"build_version":"2018-09-20","purchased_purges":0,"victory":false,"max_hp_per_floor":[75,75,75,75,75,75,75,75,75,75,75,75,75,75,75,75,75,75,75,75,75,75,75,75,75,75,75,75,75,75,75,75,75,75,75,75,75,75,75,75],"card_choices":[{"not_picked":["Stack","Consume"],"picked":"Ball Lightning","floor":1},{"not_picked":["Redo","Conserve Battery"],"picked":"Melter","floor":2},{"not_picked":["Meteor Strike","Consume"],"picked":"Sunder","floor":4},{"not_picked":["Gash","Redo"],"picked":"Sweeping Beam","floor":5},{"not_picked":["Hologram","Loop"],"picked":"Redo","floor":7},{"not_picked":["Coolheaded","Rebound"],"picked":"Defragment","floor":12},{"not_picked":["Sunder","Fusion"],"picked":"Defragment","floor":13},{"not_picked":["Biased Cognition","All For One"],"picked":"Creative AI","floor":16},{"not_picked":["Barrage","Melter"],"picked":"Cold Snap","floor":18},{"not_picked":["Rebound","Hello World"],"picked":"White Noise","floor":21},{"not_picked":["Stack","Undo"],"picked":"Leap","floor":22},{"not_picked":["Tempest","Fusion"],"picked":"Leap+1","floor":24},{"not_picked":["Streamline","Tempest"],"picked":"Sweeping Beam","floor":27},{"not_picked":["Hologram","Cold Snap"],"picked":"Hyperbeam","floor":28},{"not_picked":["Streamline+1","Hologram","Compile Driver"],"picked":"SKIP","floor":29},{"not_picked":["Turbo","Rebound"],"picked":"Self Repair+1","floor":31},{"not_picked":["Compile Driver","Leap"],"picked":"Capacitor","floor":32},{"not_picked":["Electrodynamics","Reboot"],"picked":"Buffer","floor":33},{"not_picked":["Chill+1","Compile Driver"],"picked":"Beam Cell","floor":35},{"not_picked":["Consume+1","Barrage"],"picked":"Loop","floor":36},{"not_picked":["Force Field+1","Turbo+1"],"picked":"Capacitor+1","floor":38}],"player_experience":361497,"relics_obtained":[{"floor":7,"key":"Whetstone"},{"floor":9,"key":"PreservedInsect"},{"floor":24,"key":"Meat on the Bone"},{"floor":26,"key":"Dream Catcher"},{"floor":27,"key":"Dodecahedron"},{"floor":28,"key":"Red Mask"},{"floor":29,"key":"Vajra"}],"event_choices":[{"event_name":"Golden Wing","player_choice":"Gained Gold","floor":3,"damage_taken":0},{"event_name":"Scrap Ooze","player_choice":"success","floor":10,"damage_taken":7},{"event_name":"Ghosts","player_choice":"Ignored","floor":19,"damage_taken":0},{"event_name":"The Library","player_choice":"Read","floor":20,"damage_taken":0},{"event_name":"Masked Bandits","player_choice":"Fought Bandits","floor":28,"damage_taken":0},{"event_name":"Forgotten Altar","player_choice":"Smashed Altar","floor":30,"damage_taken":0},{"event_name":"Tomb of Lord Red Mask","player_choice":"Wore Mask","floor":39,"damage_taken":0}],"is_beta":false,"boss_relics":[{"not_picked":["Calling Bell","Lizard Tail"],"picked":"FrozenCore"},{"not_picked":["Eternal Feather","Runic Pyramid"],"picked":"White Beast Statue"}],"items_purged_floors":[],"is_endless":false,"potions_floor_spawned":[5,7,12,16,22,24,29,31,33,35,36,38],"killed_by":"2 Orb Walkers","ascension_level":5}