{"gold_per_floor":[10,10,85,153,173,173,232,232,256,269,280,16,16],"floor_reached":13,"playtime":287,"items_purged":[],"score":164,"play_id":"d3dae891-677a-4947-bf33-79e5667b8315","local_time":"20190120162845","is_ascension_mode":true,"campfire_choices":[{"data":"Poisoned Stab","floor":6,"key":"SMITH"},{"data":"Backflip","floor":8,"key":"SMITH"}],"neow_cost":"NO_GOLD","seed_source_timestamp":13566245858598,"circlet_count":0,"master_deck":["AscendersBane","Defend_G","Defend_G","Defend_G","Defend_G","Defend_G","Strike_G","Strike_G","Strike_G","Strike_G","Strike_G","Survivor","Neutralize","Poisoned Stab+1","Backflip+1","Poisoned Stab","Sucker Punch"],"relics":["Ring of the Snake","Pear","Pen Nib","Regal Pillow","TwistedFunnel"],"potions_floor_usage":[13],"damage_taken":[{"damage":2,"enemies":"2 Louse","floor":1,"turns":5},{"damage":2,"enemies":"Jaw Worm","floor":5,"turns":4},{"damage":54,"enemies":"Gremlin Nob","floor":7,"turns":5},{"damage":0,"enemies":"Cultist","floor":10,"turns":4},{"damage":0,"enemies":"2 Fungi Beasts","floor":11,"turns":3},{"damage":12,"enemies":"3 Sentries","floor":13,"turns":2}],"seed_played":"-8862769056692600485","potions_obtained":[{"floor":7,"key":"SteroidPotion"},{"floor":10,"key":"SkillPotion"},{"floor":11,"key":"Ancient Potion"}],"is_trial":false,"path_per_floor":["M","?","?","T","M","R","?","R","T","M","M","$","E"],"character_chosen":"THE_SILENT","items_purchased":["TwistedFunnel","Sucker Punch"],"campfire_rested":0,"item_purchase_floors":[12,12],"current_hp_per_floor":[69,69,58,68,66,66,12,12,12,12,12,12,0],"gold":16,"neow_bonus":"TWENTY_PERCENT_HP_BONUS","is_prod":false,"is_daily":false,"chose_seed":false,"campfire_upgraded":2,"win_rate":0,"timestamp":1548001725,"path_taken":["M","?","?","?","?","R","?","R","T","M","M","?","E"],"build_version":"2019-01-17v2","purchased_purges":0,"victory":false,"max_hp_per_floor":[78,78,78,88,88,88,88,88,88,88,88,88,88],"card_choices":[{"not_picked":["Heel Hook","Sucker Punch"],"picked":"Poisoned Stab","floor":1},{"not_picked":["Blade Dance","Deflect"],"picked":"Backflip","floor":5},{"not_picked":["Bane","Slice"],"picked":"Poisoned Stab","floor":10},{"not_picked":["Eviscerate","Prepared","Predator"],"picked":"SKIP","floor":11}],"player_experience":409392,"relics_obtained":[{"floor":4,"key":"Pear"},{"floor":7,"key":"Pen Nib"},{"floor":9,"key":"Regal Pillow"}],"event_choices":[{"damage_healed":0,"gold_gain":0,"player_choice":"Leave","damage_taken":0,"max_hp_gain":0,"max_hp_loss":0,"event_name":"The Cleric","floor":2,"gold_loss":0},{"damage_healed":0,"gold_gain":75,"player_choice":"Gather Gold","damage_taken":11,"max_hp_gain":0,"max_hp_loss":0,"event_name":"World of Goop","floor":3,"gold_loss":0},{"damage_healed":0,"gold_gain":0,"player_choice":"Searched \u00271\u0027 times","damage_taken":0,"max_hp_gain":0,"max_hp_loss":0,"event_name":"Dead Adventurer","floor":7,"gold_loss":0}],"is_beta":false,"boss_relics":[],"items_purged_floors":[],"is_endless":false,"potions_floor_spawned":[7,10,11],"killed_by":"3 Sentries","ascension_level":18}