{"gold_per_floor":[113,113,41,59,70,70,102,102,179,179,179,190,200,220,220,324,324,334,366,366,8,8,8,27,27,27,27,46,61,61,80,80,175,175,193,118,134,134,234,234,269,269,321,543,543,563,563,109,109,109],"floor_reached":51,"playtime":1663,"items_purged":["Shame","Writhe"],"score":823,"play_id":"6af48fcc-dcdf-4c0a-9644-8c297e6f3bd2","local_time":"20190204172743","is_ascension_mode":true,"campfire_choices":[{"data":"Footwork","floor":6,"key":"SMITH"},{"data":"Noxious Fumes","floor":8,"key":"SMITH"},{"data":"Footwork","floor":11,"key":"SMITH"},{"data":"Neutralize","floor":15,"key":"SMITH"},{"data":"Noxious Fumes","floor":23,"key":"SMITH"},{"data":"Adrenaline","floor":25,"key":"SMITH"},{"floor":32,"key":"REST"},{"floor":40,"key":"REST"},{"floor":47,"key":"REST"},{"floor":49,"key":"REST"}],"neow_cost":"NONE","seed_source_timestamp":2040718483972932,"circlet_count":0,"master_deck":["Defend_G","Defend_G","Defend_G","Defend_G","Defend_G","Strike_G","Strike_G","Strike_G","Survivor","Neutralize+1","Noxious Fumes+1","Wraith Form v2","Footwork+1","Footwork+1","Cloak And Dagger","Well Laid Plans","Adrenaline+1","Noxious Fumes+1","Deflect","Backstab","Well Laid Plans+1","Cloak And Dagger","Infinite Blades","Corpse Explosion","Noxious Fumes","Blur","Prepared+1","Die Die Die","Backflip","After Image","Noxious Fumes","Bouncing Flask+1"],"relics":["Ring of the Snake","NeowsBlessing","Bronze Scales","Darkstone Periapt","Snake Skull","White Beast Statue","Red Mask","Prayer Wheel","Oddly Smooth Stone","Ornamental Fan","Orrery","Torii","Smiling Mask","Orichalcum","HandDrill","Art of War"],"potions_floor_usage":[7,13,16,19,24,29,31,33,33,41,41,46,50,50,50],"damage_taken":[{"damage":0,"enemies":"Jaw Worm","floor":1,"turns":1},{"damage":0,"enemies":"Cultist","floor":4,"turns":1},{"damage":0,"enemies":"2 Louse","floor":5,"turns":1},{"damage":2,"enemies":"Lagavulin","floor":7,"turns":9},{"damage":6,"enemies":"Red Slaver","floor":12,"turns":4},{"damage":0,"enemies":"Exordium Wildlife","floor":13,"turns":5},{"damage":4,"enemies":"3 Louse","floor":14,"turns":4},{"damage":6,"enemies":"Hexaghost","floor":16,"turns":10},{"damage":0,"enemies":"Spheric Guardian","floor":18,"turns":7},{"damage":30,"enemies":"Masked Bandits","floor":19,"turns":6},{"damage":1,"enemies":"Chosen","floor":24,"turns":5},{"damage":7,"enemies":"Shelled Parasite and Fungi","floor":28,"turns":6},{"damage":3,"enemies":"3 Cultists","floor":29,"turns":5},{"damage":0,"enemies":"Sentry and Sphere","floor":31,"turns":5},{"damage":36,"enemies":"Collector","floor":33,"turns":10},{"damage":10,"enemies":"Orb Walker","floor":35,"turns":4},{"damage":9,"enemies":"3 Shapes","floor":37,"turns":3},{"damage":0,"enemies":"Mind Bloom Boss Battle","floor":39,"turns":8},{"damage":52,"enemies":"Reptomancer","floor":41,"turns":7},{"damage":28,"enemies":"Jaw Worm Horde","floor":46,"turns":4},{"damage":54,"enemies":"Time Eater","floor":50,"turns":12}],"seed_played":"-3589200383618751780","potions_obtained":[{"floor":5,"key":"Strength Potion"},{"floor":7,"key":"Swift Potion"},{"floor":12,"key":"Fire Potion"},{"floor":18,"key":"Fire Potion"},{"floor":19,"key":"Poison Potion"},{"floor":24,"key":"GamblersBrew"},{"floor":28,"key":"Poison Potion"},{"floor":29,"key":"Regen Potion"},{"floor":31,"key":"EssenceOfSteel"},{"floor":33,"key":"SpeedPotion"},{"floor":35,"key":"GhostInAJar"},{"floor":37,"key":"Dexterity Potion"},{"floor":41,"key":"Block Potion"},{"floor":46,"key":"Poison Potion"}],"is_trial":false,"path_per_floor":["M","?","$","M","M","R","E","R","T","?","R","M","M","M","R","B",null,"M","?","?","$","?","R","M","R","T","$","M","M","$","M","R","B",null,"M","$","M","?","?","R","E","?","T","?","?","M","R","$","R","B",null],"character_chosen":"THE_SILENT","items_purchased":["Footwork","Deflect","Prayer Wheel","AttackPotion","HandDrill","Art of War"],"campfire_rested":4,"item_purchase_floors":[3,21,21,48,48,48],"current_hp_per_floor":[70,70,70,70,70,70,68,68,68,68,68,62,62,58,58,52,70,70,40,40,40,46,46,45,45,45,45,38,35,35,35,57,36,76,66,66,57,57,57,76,24,49,49,49,49,21,45,45,69,15],"gold":109,"neow_bonus":"THREE_ENEMY_KILL","is_prod":false,"is_daily":false,"chose_seed":false,"campfire_upgraded":6,"win_rate":0,"timestamp":1549322863,"path_taken":["M","?","$","?","M","R","E","R","T","?","R","M","M","?","R","BOSS","M","?","?","$","?","R","M","R","T","$","M","M","$","M","R","BOSS","M","$","M","?","?","R","E","?","T","?","?","M","R","$","R","BOSS"],"build_version":"2019-01-23","purchased_purges":2,"victory":true,"max_hp_per_floor":[70,70,70,70,70,70,70,70,70,70,70,70,70,70,70,70,70,70,70,70,70,76,76,76,76,76,76,76,76,76,76,76,76,76,76,76,76,76,76,76,76,82,82,82,82,82,82,82,82,82],"card_choices":[{"not_picked":["Dagger Throw","Outmaneuver"],"picked":"Noxious Fumes","floor":1},{"not_picked":["Skewer","Dodge and Roll","Dagger Throw"],"picked":"SKIP","floor":4},{"not_picked":["Skewer","Dodge and Roll","Dagger Throw"],"picked":"SKIP","floor":4},{"not_picked":["Skewer","Blade Dance"],"picked":"Footwork","floor":5},{"not_picked":["Underhanded Strike","Expertise"],"picked":"Cloak And Dagger","floor":7},{"not_picked":["Cloak And Dagger","Acrobatics","Quick Slash"],"picked":"SKIP","floor":12},{"not_picked":["Underhanded Strike","Predator","Dodge and Roll"],"picked":"SKIP","floor":13},{"not_picked":["Bane","Outmaneuver"],"picked":"Well Laid Plans","floor":14},{"not_picked":["Die Die Die","A Thousand Cuts"],"picked":"Adrenaline","floor":16},{"not_picked":["Underhanded Strike","Prepared","Sucker Punch"],"picked":"SKIP","floor":18},{"not_picked":["Deadly Poison","Dodge and Roll"],"picked":"Noxious Fumes","floor":19},{"not_picked":["Prepared","PiercingWail"],"picked":"Backstab","floor":24},{"not_picked":["Prepared","Underhanded Strike","Unload"],"picked":"SKIP","floor":24},{"not_picked":["Skewer+1","Dagger Spray","PiercingWail"],"picked":"SKIP","floor":28},{"not_picked":["Blade Dance+1","Quick Slash","Dagger Spray"],"picked":"SKIP","floor":28},{"not_picked":["Dagger Throw","Phantasmal Killer"],"picked":"Well Laid Plans+1","floor":29},{"not_picked":["Outmaneuver","PiercingWail"],"picked":"Cloak And Dagger","floor":29},{"not_picked":["Riddle With Holes","Terror+1"],"picked":"Infinite Blades","floor":31},{"not_picked":["Masterful Stab","Dagger Throw+1","Riddle With Holes"],"picked":"SKIP","floor":31},{"not_picked":["Malaise","A Thousand Cuts"],"picked":"Corpse Explosion","floor":33},{"not_picked":["Bane","Slice"],"picked":"Noxious Fumes","floor":34},{"not_picked":["Outmaneuver","Concentrate+1"],"picked":"Blur","floor":34},{"not_picked":["Poisoned Stab","Blade Dance"],"picked":"Prepared+1","floor":34},{"not_picked":["Acrobatics+1","Bane"],"picked":"Die Die Die","floor":34},{"not_picked":["Concentrate","Prepared+1"],"picked":"Backflip","floor":35},{"not_picked":["Outmaneuver","Acrobatics+1","Quick Slash+1"],"picked":"SKIP","floor":35},{"not_picked":["Slice","Bane+1"],"picked":"After Image","floor":37},{"not_picked":["Tactician+1","Masterful Stab+1"],"picked":"Noxious Fumes","floor":37},{"not_picked":["Sucker Punch+1","Poisoned Stab","Prepared"],"picked":"SKIP","floor":41},{"not_picked":["Deadly Poison","Dagger Spray"],"picked":"Bouncing Flask+1","floor":46},{"not_picked":["Slice+1","Quick Slash","Bane+1"],"picked":"SKIP","floor":46}],"player_experience":83592,"relics_obtained":[{"floor":7,"key":"Bronze Scales"},{"floor":9,"key":"Darkstone Periapt"},{"floor":10,"key":"Snake Skull"},{"floor":19,"key":"Red Mask"},{"floor":26,"key":"Ornamental Fan"},{"floor":39,"key":"Torii"},{"floor":41,"key":"Smiling Mask"},{"floor":43,"key":"Orichalcum"}],"event_choices":[{"damage_healed":0,"gold_gain":0,"cards_transformed":["Strike_G"],"player_choice":"Transformed","damage_taken":0,"max_hp_gain":0,"max_hp_loss":0,"event_name":"Transmorgrifier","floor":2,"gold_loss":0,"cards_obtained":["Wraith Form v2"]},{"damage_healed":0,"gold_gain":0,"player_choice":"Relic","damage_taken":0,"max_hp_gain":0,"max_hp_loss":0,"event_name":"Wheel of Change","floor":10,"gold_loss":0},{"damage_healed":0,"gold_gain":0,"player_choice":"Fought Bandits","damage_taken":0,"max_hp_gain":0,"max_hp_loss":0,"event_name":"Masked Bandits","floor":19,"gold_loss":0},{"damage_healed":0,"gold_gain":0,"player_choice":"Ignored","damage_taken":0,"max_hp_gain":0,"max_hp_loss":0,"event_name":"Ghosts","floor":20,"gold_loss":0},{"damage_healed":0,"gold_gain":0,"player_choice":"Stole Relic","damage_taken":0,"relics_obtained":["Oddly Smooth Stone"],"max_hp_gain":0,"max_hp_loss":0,"event_name":"Addict","floor":22,"gold_loss":0,"cards_obtained":["Shame"]},{"damage_healed":0,"gold_gain":0,"player_choice":"Memory 1","damage_taken":0,"max_hp_gain":0,"max_hp_loss":0,"event_name":"SensoryStone","floor":38,"gold_loss":0},{"damage_healed":0,"gold_gain":0,"player_choice":"Fight","damage_taken":0,"max_hp_gain":0,"max_hp_loss":0,"event_name":"MindBloom","floor":39,"gold_loss":0},{"damage_healed":19,"gold_gain":0,"player_choice":"Writhe","damage_taken":0,"max_hp_gain":0,"max_hp_loss":0,"event_name":"Winding Halls","floor":42,"gold_loss":0,"cards_obtained":["Writhe"]},{"damage_healed":0,"gold_gain":222,"player_choice":"Wore Mask","damage_taken":0,"max_hp_gain":0,"max_hp_loss":0,"event_name":"Tomb of Lord Red Mask","floor":44,"gold_loss":0},{"cards_removed":["Strike_G"],"damage_healed":0,"gold_gain":0,"player_choice":"Removed Attack","damage_taken":0,"max_hp_gain":0,"max_hp_loss":0,"event_name":"Falling","floor":45,"gold_loss":0}],"is_beta":true,"boss_relics":[{"not_picked":["Astrolabe","Velvet Choker"],"picked":"White Beast Statue"},{"not_picked":["Sozu","Ring of the Serpent"],"picked":"Orrery"}],"items_purged_floors":[36,48],"is_endless":false,"potions_floor_spawned":[5,7,12,18,19,24,28,29,31,33,35,37,39,41,46],"ascension_level":4}