{"gold_per_floor":[113,113,113,200,212,224,236,248,286,298,348,360,387,399,411,543,555,592,604,616,652,664,720,732,744,756,792,804,378,378,401,401,401],"floor_reached":33,"playtime":3123,"items_purged":["Perfected Strike+1"],"score":411,"play_id":"b2e29f25-49ec-4c81-b534-e2d8f3c93e93","local_time":"20181001232935","is_ascension_mode":true,"campfire_choices":[{"floor":6,"key":"REST"},{"floor":8,"key":"REST"},{"data":"Heavy Blade","floor":10,"key":"SMITH"},{"data":"Uppercut","floor":12,"key":"SMITH"},{"data":"Perfected Strike","floor":15,"key":"SMITH"},{"floor":25,"key":"REST"},{"data":"True Grit","floor":28,"key":"SMITH"},{"data":"Demon Form","floor":30,"key":"SMITH"},{"floor":32,"key":"REST"}],"neow_cost":"NONE","seed_source_timestamp":827364621395062,"circlet_count":0,"master_deck":["Bash","AscendersBane","Impervious","Heavy Blade+1","Uppercut+1","Demon Form+1","Clash","Shrug It Off","Infernal Blade","True Grit","Wild Strike","Sentinel","Spot Weakness","Blood for Blood","Iron Wave","Whirlwind+1","Anger","Feel No Pain","True Grit+1","Feel No Pain","Shrug It Off","Iron Wave+1"],"relics":["Burning Blood","Golden Idol","MawBank","Vajra","Regal Pillow","Anchor","Pandora\u0027s Box","Molten Egg 2","Mercury Hourglass","Shuriken"],"potions_floor_usage":[23,27,31,33],"damage_taken":[{"damage":4,"enemies":"Jaw Worm","floor":1,"turns":5},{"damage":18,"enemies":"Gremlin Nob","floor":11,"turns":4},{"damage":3,"enemies":"2 Louse","floor":13,"turns":3},{"damage":50,"enemies":"The Guardian","floor":16,"turns":13},{"damage":16,"enemies":"Shell Parasite","floor":18,"turns":5},{"damage":18,"enemies":"Chosen","floor":21,"turns":5},{"damage":53,"enemies":"Gremlin Leader","floor":23,"turns":7},{"damage":28,"enemies":"Centurion and Healer","floor":27,"turns":7},{"damage":12,"enemies":"Snake Plant","floor":31,"turns":4},{"damage":103,"enemies":"Collector","floor":33,"turns":6}],"seed_played":"-7511875623190002199","potions_obtained":[{"floor":11,"key":"Dexterity Potion"},{"floor":21,"key":"Block Potion"},{"floor":23,"key":"Explosive Potion"},{"floor":27,"key":"Regen Potion"}],"is_trial":false,"path_per_floor":["M","?","?","?","$","R","?","R","T","R","E","R","M","T","R","B",null,"M","$","?","M","?","E","$","R","T","M","R","$","R","M","R"],"character_chosen":"IRONCLAD","items_purchased":["Feel No Pain","Shuriken","Shrug It Off"],"campfire_rested":4,"item_purchase_floors":[29,29,29],"current_hp_per_floor":[74,54,42,31,31,55,60,85,85,85,73,73,76,76,76,32,72,62,62,62,50,78,31,31,71,71,49,49,49,49,48,85,0],"gold":401,"neow_bonus":"ONE_RANDOM_RARE_CARD","is_prod":false,"is_daily":false,"chose_seed":false,"campfire_upgraded":5,"win_rate":0,"timestamp":1538454575,"path_taken":["M","?","?","?","$","R","?","R","T","R","E","R","M","?","R","BOSS","M","$","?","?","?","E","$","R","T","M","R","$","R","?","R","BOSS"],"build_version":"2018-09-27","purchased_purges":1,"victory":false,"max_hp_per_floor":[80,80,80,80,80,80,85,85,85,85,85,85,85,85,85,85,85,85,85,85,85,85,85,85,85,85,85,85,85,85,85,85,85],"card_choices":[{"not_picked":["Iron Wave","Warcry"],"picked":"Heavy Blade","floor":1},{"not_picked":["Dual Wield","Battle Trance"],"picked":"Uppercut","floor":11},{"not_picked":["Havoc","Anger"],"picked":"Perfected Strike","floor":13},{"not_picked":["Double Tap","Immolate"],"picked":"Demon Form","floor":16},{"not_picked":["Wild Strike","Clash"],"picked":"Whirlwind","floor":18},{"not_picked":["Evolve+1","Second Wind"],"picked":"Anger","floor":21},{"not_picked":["Anger+1","Flex"],"picked":"Feel No Pain","floor":23},{"not_picked":["Warcry","Perfected Strike+1"],"picked":"True Grit","floor":27},{"not_picked":["Rage","Cleave+1"],"picked":"Iron Wave+1","floor":31}],"player_experience":367639,"relics_obtained":[{"floor":9,"key":"Vajra"},{"floor":11,"key":"Regal Pillow"},{"floor":14,"key":"Anchor"},{"floor":23,"key":"Molten Egg 2"},{"floor":26,"key":"Mercury Hourglass"}],"event_choices":[{"event_name":"Golden Idol","player_choice":"Take Damage","floor":2,"damage_taken":0},{"event_name":"Scrap Ooze","player_choice":"success","floor":3,"damage_taken":12},{"event_name":"World of Goop","player_choice":"Gather Gold","floor":4,"damage_taken":0},{"event_name":"Big Fish","player_choice":"Donut","floor":7,"damage_taken":0},{"event_name":"Upgrade Shrine","player_choice":"Upgraded","floor":20,"damage_taken":0},{"event_name":"The Library","player_choice":"Heal","floor":22,"damage_taken":0}],"is_beta":false,"boss_relics":[{"not_picked":["White Beast Statue","Calling Bell"],"picked":"Pandora\u0027s Box"}],"items_purged_floors":[29],"is_endless":false,"potions_floor_spawned":[11,21,23,27],"killed_by":"Collector","ascension_level":12}