{"path_per_floor":["M","M","?","M","?","R","M","?","T","T","$","M","R","$","R","B",null,"M","M","?","M","M","R","?","E","T","?","R","M","M","M","R"],"character_chosen":"THE_SILENT","items_purchased":["Glass Knife","Footwork","Anchor"],"gold_per_floor":[112,128,203,216,391,391,404,404,404,428,206,225,225,76,76,179,179,196,207,207,225,244,244,334,366,393,420,420,432,450,462,462,462],"floor_reached":33,"campfire_rested":3,"playtime":1249,"current_hp_per_floor":[67,66,55,55,55,55,46,42,42,42,42,53,78,78,78,46,84,69,68,68,52,43,68,54,48,48,47,47,47,44,51,76,0],"items_purged":["Doubt"],"gold":462,"score":259,"play_id":"9e539df5-d60a-4744-8807-02b596d821a5","local_time":"20180506123138","is_prod":false,"is_daily":false,"chose_seed":false,"is_ascension_mode":false,"campfire_upgraded":3,"timestamp":1525627898,"path_taken":["M","M","?","M","?","R","?","?","T","?","$","M","R","$","R","BOSS","M","M","?","M","M","R","?","E","T","?","R","?","M","M","R","BOSS"],"build_version":"2018-05-03","seed_source_timestamp":40761770748839,"purchased_purges":1,"victory":false,"master_deck":["Defend_G","Defend_G","Defend_G","Defend_G","Defend_G","Strike_G","Strike_G","Strike_G","Strike_G","Strike_G","Survivor","Neutralize","Dagger Throw","Slice","Backflip+1","Sucker Punch","Glass Knife+1","Footwork","Tools of the Trade","Wraith Form v2","Acrobatics+1","Flying Knee+1","Choke+1","Flying Knee","Backstab","Calculated Gamble+1","Outmaneuver","Slice","Deflect"],"max_hp_per_floor":[70,70,70,70,70,70,70,84,84,84,84,84,84,84,84,84,84,84,84,84,84,84,84,84,84,84,84,84,84,84,84,84,84],"relics":["Ring of the Snake","Mango","Meat on the Bone","Pen Nib","Anchor","Sozu","Happy Flower","Snake Skull","Red Mask"],"card_choices":[{"not_picked":["Deflect","PiercingWail"],"picked":"Dagger Throw","floor":1},{"not_picked":["Underhanded Strike","PiercingWail"],"picked":"Slice","floor":2},{"not_picked":["Slice","Endless Agony"],"picked":"Backflip","floor":4},{"not_picked":["Prepared","Deflect"],"picked":"Sucker Punch","floor":7},{"not_picked":["Dagger Throw","Prepared"],"picked":"Tools of the Trade","floor":12},{"not_picked":["Burst","Tools of the Trade"],"picked":"Wraith Form v2","floor":16},{"not_picked":["Bouncing Flask","Footwork"],"picked":"Acrobatics","floor":18},{"not_picked":["Acrobatics","Eviscerate"],"picked":"Flying Knee","floor":19},{"not_picked":["PiercingWail","Bouncing Flask"],"picked":"Flying Knee","floor":21},{"not_picked":["All Out Attack","Underhanded Strike"],"picked":"Backstab","floor":25},{"not_picked":["Infinite Blades","PiercingWail"],"picked":"Calculated Gamble","floor":27},{"not_picked":["Prepared","Malaise"],"picked":"Outmaneuver","floor":29},{"not_picked":["Malaise","Flechettes"],"picked":"Slice","floor":30},{"not_picked":["Blade Dance","Deadly Poison"],"picked":"Deflect","floor":31}],"player_experience":1670,"potions_floor_usage":[12],"damage_taken":[{"damage":3,"enemies":"2 Louse","floor":1,"turns":4},{"damage":1,"enemies":"Cultist","floor":2,"turns":5},{"damage":0,"enemies":"Jaw Worm","floor":4,"turns":3},{"damage":9,"enemies":"Exordium Wildlife","floor":7,"turns":9},{"damage":1,"enemies":"3 Louse","floor":12,"turns":2},{"damage":32,"enemies":"Hexaghost","floor":16,"turns":12},{"damage":15,"enemies":"2 Thieves","floor":18,"turns":5},{"damage":1,"enemies":"3 Byrds","floor":19,"turns":7},{"damage":16,"enemies":"Snecko","floor":21,"turns":5},{"damage":21,"enemies":"Snake Plant","floor":22,"turns":4},{"damage":18,"enemies":"Slavers","floor":25,"turns":6},{"damage":1,"enemies":"Masked Bandits","floor":27,"turns":3},{"damage":0,"enemies":"Centurion and Healer","floor":29,"turns":5},{"damage":3,"enemies":"Snecko","floor":30,"turns":4},{"damage":5,"enemies":"Snake Plant","floor":31,"turns":2},{"damage":89,"enemies":"Automaton","floor":33,"turns":12}],"event_choices":[{"event_name":"World of Goop","player_choice":"Gather Gold","floor":3,"damage_taken":0},{"event_name":"Liars Game","player_choice":"agreed","floor":5,"damage_taken":0},{"event_name":"Scrap Ooze","player_choice":"success","floor":8,"damage_taken":18},{"event_name":"The Library","player_choice":"Read","floor":20,"damage_taken":0},{"event_name":"Knowing Skull","player_choice":"GOLD ","floor":24,"damage_taken":0},{"event_name":"Masked Bandits","player_choice":"Fought over 393 gold","floor":27,"damage_taken":0}],"boss_relics":[{"not_picked":["Runic Pyramid","Eternal Feather"],"picked":"Sozu"}],"potions_floor_spawned":[7,21,25,27],"seed_played":"-8529559201028091600","killed_by":"Automaton","ascension_level":0,"is_trial":false}