{"gold_per_floor":[112,131,157,168,168,168,197,197,197,226,226,246,246,257,257,358,358,368,368,368,1,1,1,14,14,14,25,25,25,38,68,68,168,168,183,183,79,95,107,107,107,107,107,122,72,86,86,138,138,138],"floor_reached":51,"playtime":6698,"items_purged":["Decay","Defend_G","Defend_G"],"score":730,"play_id":"8a3b1256-b5a0-427e-a5e0-ce5620c01dd3","local_time":"20180818020947","is_ascension_mode":true,"campfire_choices":[{"data":"Crippling Poison","floor":6,"key":"SMITH"},{"floor":8,"key":"REST"},{"data":"Noxious Fumes","floor":11,"key":"SMITH"},{"floor":15,"key":"REST"},{"data":"Catalyst","floor":23,"key":"SMITH"},{"data":"Footwork","floor":25,"key":"SMITH"},{"data":"Burst","floor":32,"key":"SMITH"},{"data":"Adrenaline","floor":40,"key":"SMITH"},{"data":"Leg Sweep","floor":42,"key":"SMITH"},{"data":"After Image","floor":47,"key":"SMITH"},{"floor":49,"key":"DIG"}],"neow_cost":"NONE","seed_source_timestamp":1041073265983006,"circlet_count":0,"master_deck":["Defend_G+1","Defend_G","Survivor+1","Neutralize","Riddle With Holes","Flying Knee","Crippling Poison+1","Noxious Fumes+1","Catalyst+1","Dodge and Roll","Deadly Poison","Burst+1","Deadly Poison+1","Bite","Bite","Bite","Bite","Bite","Footwork+1","Poisoned Stab","Riddle With Holes","Burst+1","Flechettes","Leg Sweep+1","Adrenaline+1","Adrenaline","Dodge and Roll+1","After Image+1","Dodge and Roll","Blur","Leg Sweep","Prepared+1"],"relics":["Runic Pyramid","Vajra","Smiling Mask","Question Card","Darkstone Periapt","Coffee Dripper","War Paint","Meat on the Bone","Mummified Hand","Eternal Feather","Thread and Needle","Gremlin Horn","Shovel","Bottled Lightning"],"potions_floor_usage":[14,16,16,33,50,50],"damage_taken":[{"damage":2,"enemies":"Cultist","floor":1,"turns":5},{"damage":0,"enemies":"2 Louse","floor":2,"turns":3},{"damage":3,"enemies":"Small Slimes","floor":4,"turns":3},{"damage":5,"enemies":"Lagavulin","floor":7,"turns":6},{"damage":12,"enemies":"Gremlin Nob","floor":10,"turns":3},{"damage":12,"enemies":"Gremlin Gang","floor":12,"turns":4},{"damage":6,"enemies":"2 Fungi Beasts","floor":14,"turns":3},{"damage":7,"enemies":"The Guardian","floor":16,"turns":6},{"damage":17,"enemies":"3 Byrds","floor":18,"turns":4},{"damage":0,"enemies":"Spheric Guardian","floor":24,"turns":4},{"damage":15,"enemies":"Shelled Parasite and Fungi","floor":27,"turns":6},{"damage":4,"enemies":"Chosen and Byrds","floor":30,"turns":4},{"damage":26,"enemies":"Slavers","floor":31,"turns":5},{"damage":2,"enemies":"Champ","floor":33,"turns":7},{"damage":0,"enemies":"Flame Bruiser 1 Orb","floor":35,"turns":4},{"damage":0,"enemies":"3 Darklings","floor":38,"turns":5},{"damage":15,"enemies":"Spire Growth","floor":39,"turns":4},{"damage":0,"floor":41,"turns":6},{"damage":0,"enemies":"Flame Bruiser 2 Orb","floor":44,"turns":5},{"damage":20,"enemies":"4 Shapes","floor":46,"turns":4},{"damage":1,"floor":48,"turns":5},{"damage":15,"enemies":"Donu and Deca","floor":50,"turns":9}],"seed_played":"4631482805053122992","potions_obtained":[{"floor":1,"key":"Explosive Potion"},{"floor":2,"key":"SkillPotion"},{"floor":10,"key":"PowerPotion"},{"floor":27,"key":"SpeedPotion"},{"floor":30,"key":"PowerPotion"},{"floor":31,"key":"Explosive Potion"},{"floor":38,"key":"Poison Potion"},{"floor":46,"key":"AttackPotion"},{"floor":48,"key":"Poison Potion"}],"is_trial":false,"path_per_floor":["M","M","T","M","?","R","E","R","T","E","R","M","?","M","R","B",null,"M","?","?","$","?","R","M","R","T","M","?","$","M","E","R","B",null,"M","?","$","M","M","R","?","R","T","M","$","M","R","?","R","B"],"character_chosen":"THE_SILENT","items_purchased":["War Paint","Footwork","Poisoned Stab","Riddle With Holes","Dodge and Roll"],"campfire_rested":2,"item_purchase_floors":[21,21,21,21,37],"current_hp_per_floor":[68,68,68,65,51,51,46,67,67,55,55,43,43,37,58,51,70,53,59,53,53,53,53,53,53,53,44,44,44,46,28,28,36,53,53,53,53,53,45,53,53,53,53,53,53,41,53,53,53,50],"gold":138,"neow_bonus":"BOSS_RELIC","is_prod":false,"is_daily":false,"chose_seed":false,"campfire_upgraded":8,"win_rate":0,"timestamp":1534576187,"path_taken":["M","M","?","?","?","R","E","R","T","E","R","?","?","M","R","BOSS","M","?","?","$","?","R","M","R","T","?","?","?","?","E","R","BOSS","M","?","?","M","M","R","?","R","T","?","?","M","R","?","R","BOSS"],"build_version":"2018-08-16","purchased_purges":3,"victory":true,"max_hp_per_floor":[70,70,70,70,70,70,70,70,70,70,70,70,70,70,70,70,70,70,76,53,53,53,53,53,53,53,53,53,53,53,53,53,53,53,53,53,53,53,53,53,53,53,53,53,53,53,53,53,53,53],"card_choices":[{"not_picked":["Tactician","Catalyst"],"picked":"Riddle With Holes","floor":1},{"not_picked":["PiercingWail","Endless Agony"],"picked":"Flying Knee","floor":2},{"not_picked":["Dagger Throw","Dagger Spray"],"picked":"Crippling Poison","floor":4},{"not_picked":["Slice","Bullet Time"],"picked":"Noxious Fumes","floor":7},{"not_picked":["Well Laid Plans","Dagger Throw","Acrobatics"],"picked":"Catalyst","floor":10},{"not_picked":["Eviscerate","Distraction","Well Laid Plans"],"picked":"Dodge and Roll","floor":12},{"not_picked":["Prepared","Backflip","Cloak And Dagger"],"picked":"Deadly Poison","floor":14},{"not_picked":["Glass Knife","Die Die Die","Adrenaline"],"picked":"Burst","floor":16},{"not_picked":["Terror","Quick Slash+1","Heel Hook"],"picked":"Deadly Poison+1","floor":18},{"not_picked":["Infinite Blades","Dagger Throw+1","Acrobatics"],"picked":"Burst","floor":24},{"not_picked":["Cloak And Dagger","PiercingWail","Accuracy"],"picked":"Flechettes","floor":27},{"not_picked":["Bouncing Flask","Poisoned Stab+1","Dagger Spray"],"picked":"Leg Sweep","floor":30},{"not_picked":["PiercingWail+1","Dagger Throw+1","Poisoned Stab"],"picked":"Adrenaline","floor":31},{"not_picked":["Wraith Form v2","A Thousand Cuts","Venomology"],"picked":"Adrenaline","floor":33},{"not_picked":["Dagger Spray+1","Deflect+1","Blade Dance+1"],"picked":"Dodge and Roll+1","floor":35},{"not_picked":["Quick Slash+1","Riddle With Holes","Reflex","Poisoned Stab"],"picked":"SKIP","floor":38},{"not_picked":["Tactician","Cloak And Dagger+1","Acrobatics"],"picked":"Blur","floor":39},{"not_picked":["Blade Dance","Terror","Backflip+1"],"picked":"Leg Sweep","floor":44},{"not_picked":["Outmaneuver+1","Quick Slash+1","Poisoned Stab+1","Slice"],"picked":"SKIP","floor":46},{"not_picked":["Bouncing Flask","Underhanded Strike","Backflip+1"],"picked":"Prepared+1","floor":48}],"player_experience":108740,"relics_obtained":[{"floor":3,"key":"Vajra"},{"floor":7,"key":"Smiling Mask"},{"floor":9,"key":"Question Card"},{"floor":10,"key":"Darkstone Periapt"},{"floor":26,"key":"Meat on the Bone"},{"floor":31,"key":"Mummified Hand"},{"floor":41,"key":"Thread and Needle"},{"floor":43,"key":"Gremlin Horn"},{"floor":48,"key":"Shovel"},{"floor":49,"key":"Bottled Lightning"}],"event_choices":[{"event_name":"Shining Light","player_choice":"Entered Light","floor":5,"damage_taken":0},{"event_name":"Purifier","player_choice":"One Purge","floor":13,"damage_taken":0},{"event_name":"Forgotten Altar","player_choice":"Smashed Altar","floor":19,"damage_taken":0},{"event_name":"Vampires","player_choice":"Became a vampire","floor":20,"damage_taken":0},{"event_name":"WeMeetAgain","player_choice":"Attack","floor":22,"damage_taken":0},{"event_name":"Drug Dealer","player_choice":"Ignored","floor":28,"damage_taken":0},{"event_name":"Transmorgrifier","player_choice":"Transform","floor":36,"damage_taken":0},{"event_name":"MindBloom","player_choice":"Fight","floor":41,"damage_taken":0},{"event_name":"Mysterious Sphere","player_choice":"Fight","floor":48,"damage_taken":0}],"is_beta":false,"boss_relics":[{"not_picked":["Black Star","Snecko Eye"],"picked":"Coffee Dripper"},{"not_picked":["Empty Cage","Astrolabe"],"picked":"Eternal Feather"}],"items_purged_floors":[21,37,45],"is_endless":false,"potions_floor_spawned":[1,2,10,12,27,30,31,38,39,46,48],"ascension_level":1}