{"gold_per_floor":[110,110,64,64,82,82,97,97,171,11,11,11,11,29,29,101,101,118,118,3,3,23,34,49,49,72,72,106,106,106,116,116,116],"floor_reached":33,"playtime":872,"items_purged":["Strike_G"],"score":487,"play_id":"db76f9c1-9e16-4f2d-948f-6511996cb929","local_time":"20190102005333","is_ascension_mode":true,"campfire_choices":[{"data":"Sucker Punch","floor":6,"key":"SMITH"},{"data":"PiercingWail","floor":11,"key":"SMITH"},{"data":"Footwork","floor":13,"key":"SMITH"},{"data":"Well Laid Plans","floor":15,"key":"SMITH"},{"data":"Deadly Poison","floor":25,"key":"SMITH"},{"data":"Escape Plan","floor":27,"key":"SMITH"},{"data":"Defend_G","floor":29,"key":"SMITH"},{"floor":32,"key":"REST"}],"neow_cost":"NONE","seed_source_timestamp":28556383529493,"circlet_count":0,"master_deck":["AscendersBane","Defend_G+1","Defend_G","Defend_G","Defend_G","Defend_G","Strike_G","Strike_G","Strike_G","Survivor","Neutralize+1","Footwork+1","Sucker Punch+1","Deadly Poison+1","Well Laid Plans+1","PiercingWail+1","Escape Plan+1","Corpse Explosion","Noxious Fumes","Well Laid Plans","Deadly Poison+1","Deflect+1","Crippling Poison"],"relics":["Ring of the Snake","Bag of Preparation","Bottled Flame","Busted Crown","Art of War","Centennial Puzzle"],"potions_floor_usage":[33],"damage_taken":[{"damage":1,"enemies":"Small Slimes","floor":1,"turns":6},{"damage":0,"enemies":"2 Louse","floor":5,"turns":4},{"damage":4,"enemies":"Cultist","floor":7,"turns":3},{"damage":0,"enemies":"Blue Slaver","floor":14,"turns":4},{"damage":12,"enemies":"Hexaghost","floor":16,"turns":12},{"damage":0,"enemies":"Chosen","floor":18,"turns":5},{"damage":2,"enemies":"3 Byrds","floor":22,"turns":3},{"damage":16,"enemies":"Centurion and Healer","floor":23,"turns":4},{"damage":0,"enemies":"Snake Plant","floor":24,"turns":4},{"damage":26,"enemies":"Gremlin Leader","floor":28,"turns":9},{"damage":7,"enemies":"Colosseum Slavers","floor":30,"turns":3},{"damage":30,"enemies":"Cultist and Chosen","floor":31,"turns":5},{"damage":46,"enemies":"Automaton","floor":33,"turns":6}],"seed_played":"-7593133868468464245","potions_obtained":[{"floor":7,"key":"FairyPotion"},{"floor":14,"key":"FearPotion"},{"floor":16,"key":"FairyPotion"},{"floor":31,"key":"LiquidBronze"}],"is_trial":false,"path_per_floor":["M","?","?","?","M","R","M","?","T","$","R","$","R","M","R","B",null,"M","?","$","?","M","M","M","R","T","R","E","R","?","M","R","B"],"character_chosen":"THE_SILENT","items_purchased":["Well Laid Plans","PiercingWail","Escape Plan","Noxious Fumes"],"campfire_rested":1,"item_purchase_floors":[10,10,10,20],"current_hp_per_floor":[58,58,58,58,58,58,54,54,54,54,54,54,54,54,54,42,60,60,60,60,60,58,42,42,42,42,42,16,16,9,6,25,0],"gold":116,"neow_bonus":"RANDOM_COMMON_RELIC","is_prod":false,"is_daily":false,"chose_seed":false,"campfire_upgraded":7,"win_rate":0,"timestamp":1546390413,"path_taken":["M","?","?","?","M","R","M","?","T","$","R","$","R","?","R","BOSS","M","?","$","?","?","M","M","R","T","R","E","R","?","M","R","BOSS"],"build_version":"2018-12-20","purchased_purges":1,"victory":false,"max_hp_per_floor":[66,66,66,66,66,66,66,66,66,66,66,66,66,66,66,66,66,66,66,66,66,66,66,66,66,66,66,66,66,66,66,66,66],"card_choices":[{"not_picked":["Dodge and Roll","Riddle With Holes"],"picked":"Footwork","floor":1},{"not_picked":["Infinite Blades","Endless Agony"],"picked":"Sucker Punch","floor":5},{"not_picked":["Cloak And Dagger","Quick Slash"],"picked":"Deadly Poison","floor":7},{"not_picked":["Dagger Spray","Flying Knee","Calculated Gamble"],"picked":"SKIP","floor":14},{"not_picked":["Night Terror","Burst"],"picked":"Corpse Explosion","floor":16},{"not_picked":["Distraction"],"picked":"SKIP","floor":18},{"not_picked":[],"picked":"Deadly Poison","floor":22},{"not_picked":[],"picked":"Deflect+1","floor":23},{"not_picked":["Terror"],"picked":"SKIP","floor":24},{"not_picked":["Terror"],"picked":"SKIP","floor":28},{"not_picked":[],"picked":"Crippling Poison","floor":31}],"player_experience":339710,"relics_obtained":[{"floor":9,"key":"Bottled Flame"},{"floor":26,"key":"Art of War"},{"floor":28,"key":"Centennial Puzzle"}],"event_choices":[{"damage_healed":0,"gold_gain":0,"player_choice":"Ignored","damage_taken":0,"max_hp_gain":0,"max_hp_loss":0,"event_name":"Liars Game","floor":2,"gold_loss":0},{"damage_healed":0,"gold_gain":0,"player_choice":"Left Gold","damage_taken":0,"max_hp_gain":0,"max_hp_loss":0,"event_name":"World of Goop","floor":3,"gold_loss":46},{"damage_healed":0,"gold_gain":0,"player_choice":"Grow","damage_taken":0,"max_hp_gain":0,"max_hp_loss":0,"event_name":"Living Wall","floor":4,"gold_loss":0,"cards_upgraded":["Neutralize"]},{"damage_healed":0,"gold_gain":0,"player_choice":"Upgraded","damage_taken":0,"max_hp_gain":0,"max_hp_loss":0,"event_name":"Upgrade Shrine","floor":8,"gold_loss":0,"cards_upgraded":["Deadly Poison"]},{"damage_healed":0,"gold_gain":0,"cards_transformed":["Strike_G"],"player_choice":"Transformed","damage_taken":0,"max_hp_gain":0,"max_hp_loss":0,"event_name":"Transmorgrifier","floor":21,"gold_loss":0,"cards_obtained":["Well Laid Plans"]},{"damage_healed":0,"gold_gain":0,"player_choice":"Fight","damage_taken":0,"max_hp_gain":0,"max_hp_loss":0,"event_name":"Colosseum","floor":30,"gold_loss":0},{"damage_healed":0,"gold_gain":0,"player_choice":"Fled From Nobs","damage_taken":0,"max_hp_gain":0,"max_hp_loss":0,"event_name":"Colosseum","floor":30,"gold_loss":0}],"is_beta":false,"boss_relics":[{"not_picked":["Philosopher\u0027s Stone","Orrery"],"picked":"Busted Crown"}],"items_purged_floors":[20],"is_endless":false,"potions_floor_spawned":[7,14,16,24,28,30,31],"killed_by":"Automaton","ascension_level":15}