{"gold_per_floor":[115,290,7,7,7,42,42,74,99,99,109,140,160,160,160,265,265,282,44,44,59,77,77,77,103,126,126,126,126,140,154,154,251,251,261,4,104,104,504,504,518,535,604,636,650,669,466,483,483,483],"floor_reached":51,"playtime":4112,"items_purged":["Doubt","Writhe"],"score":931,"play_id":"7bd0494f-e1f8-4892-97db-ecd75c1ac4c8","local_time":"20190201234401","is_ascension_mode":true,"campfire_choices":[{"data":"Creative AI","floor":7,"key":"SMITH"},{"data":"Zap","floor":10,"key":"SMITH"},{"data":"Sunder","floor":15,"key":"SMITH"},{"data":"Loop","floor":23,"key":"SMITH"},{"data":"Storm","floor":27,"key":"SMITH"},{"data":"Conserve Battery","floor":32,"key":"SMITH"},{"data":"Biased Cognition","floor":40,"key":"SMITH"},{"data":"Reinforced Body","floor":49,"key":"SMITH"}],"neow_cost":"NONE","seed_source_timestamp":343072690444000,"circlet_count":0,"master_deck":["Strike_B+1","Strike_B+1","Defend_B+1","Defend_B+1","Defend_B+1","Defend_B+1","Zap+1","Dualcast","Steam","Creative AI+1","Cold Snap","Doom and Gloom","Cold Snap","Go for the Eyes+1","Sunder+1","Rainbow+1","Coolheaded+1","Storm+1","Loop+1","Compile Driver","Electrodynamics","Chill+1","Conserve Battery+1","Biased Cognition+1","White Noise+1","Reinforced Body+1"],"relics":["Cracked Core","NeowsBlessing","Runic Capacitor","Happy Flower","Juzu Bracelet","Smiling Mask","Bottled Flame","Coffee Dripper","OrangePellets","Dodecahedron","Boot","Cursed Key","Bottled Tornado","Old Coin","Bottled Lightning","Bag of Preparation","Strawberry"],"potions_floor_usage":[16,21,25,35,50,50,50],"damage_taken":[{"damage":0,"enemies":"Jaw Worm","floor":1,"turns":1},{"damage":0,"enemies":"Gremlin Nob","floor":6,"turns":1},{"damage":0,"enemies":"Lagavulin","floor":8,"turns":1},{"damage":5,"enemies":"Small Slimes","floor":11,"turns":3},{"damage":14,"enemies":"Gremlin Nob","floor":12,"turns":5},{"damage":0,"enemies":"Cultist","floor":13,"turns":2},{"damage":26,"enemies":"The Guardian","floor":16,"turns":11},{"damage":10,"enemies":"2 Thieves","floor":18,"turns":4},{"damage":0,"enemies":"Shell Parasite","floor":21,"turns":5},{"damage":17,"enemies":"Centurion and Healer","floor":22,"turns":6},{"damage":27,"enemies":"Slavers","floor":25,"turns":4},{"damage":6,"enemies":"Cultist and Chosen","floor":30,"turns":5},{"damage":10,"enemies":"Chosen and Byrds","floor":31,"turns":4},{"damage":12,"enemies":"Collector","floor":33,"turns":10},{"damage":0,"enemies":"Orb Walker","floor":35,"turns":3},{"damage":0,"enemies":"Mind Bloom Boss Battle","floor":39,"turns":5},{"damage":0,"enemies":"3 Shapes","floor":41,"turns":3},{"damage":0,"enemies":"Spire Growth","floor":42,"turns":3},{"damage":0,"enemies":"Reptomancer","floor":44,"turns":4},{"damage":0,"enemies":"Sphere and 2 Shapes","floor":45,"turns":2},{"damage":0,"enemies":"Jaw Worm Horde","floor":46,"turns":3},{"damage":0,"enemies":"4 Shapes","floor":48,"turns":3},{"damage":0,"enemies":"Time Eater","floor":50,"turns":7}],"seed_played":"-1743953123866328292","potions_obtained":[{"floor":1,"key":"Strength Potion"},{"floor":8,"key":"Regen Potion"},{"floor":12,"key":"SteroidPotion"},{"floor":18,"key":"SkillPotion"},{"floor":31,"key":"Swift Potion"},{"floor":33,"key":"Strength Potion"},{"floor":35,"key":"Weak Potion"},{"floor":39,"key":"FocusPotion"}],"is_trial":false,"path_per_floor":["M","?","$","?","?","E","R","E","T","R","M","E","M","?","R","B",null,"M","$","?","M","M","R","?","E","T","R","?","?","M","M","R","B",null,"M","$","?","?","?","R","M","M","T","E","M","M","$","M","R","B",null],"character_chosen":"DEFECT","items_purchased":["Runic Capacitor","OrangePellets","Storm","Bottled Tornado","Strawberry"],"campfire_rested":0,"item_purchase_floors":[3,19,19,36,47],"current_hp_per_floor":[75,75,75,75,75,75,75,75,75,75,70,56,56,56,56,30,75,65,65,65,65,48,48,48,33,33,33,33,33,27,17,17,5,75,75,75,75,75,75,75,75,75,75,75,75,75,82,82,82,82],"gold":483,"neow_bonus":"THREE_ENEMY_KILL","is_prod":false,"is_daily":false,"chose_seed":false,"campfire_upgraded":8,"win_rate":0,"timestamp":1549082641,"path_taken":["M","?","$","?","?","E","R","E","T","R","M","E","M","?","R","BOSS","M","$","?","M","M","R","?","E","T","R","?","?","M","M","R","BOSS","M","$","?","?","?","R","M","M","T","E","M","M","$","M","R","BOSS"],"build_version":"2019-01-23","purchased_purges":2,"victory":true,"max_hp_per_floor":[75,75,75,75,75,75,75,75,75,75,75,75,75,75,75,75,75,75,75,75,75,75,75,75,75,75,75,75,75,75,75,75,75,75,75,75,75,75,75,75,75,75,75,75,75,75,82,82,82,82],"card_choices":[{"not_picked":["Hello World","Barrage","Beam Cell"],"picked":"SKIP","floor":1},{"not_picked":["Stack","Rebound"],"picked":"Cold Snap","floor":6},{"not_picked":["Conserve Battery","Coolheaded"],"picked":"Doom and Gloom","floor":8},{"not_picked":["BootSequence","Steam"],"picked":"Cold Snap","floor":11},{"not_picked":["Aggregate","Sweeping Beam"],"picked":"Go for the Eyes","floor":12},{"not_picked":["Stack","Streamline"],"picked":"Sunder","floor":13},{"not_picked":["Thunder Strike","Seek"],"picked":"Rainbow","floor":16},{"not_picked":["Darkness","Go for the Eyes"],"picked":"Coolheaded+1","floor":18},{"not_picked":["Compile Driver+1","Turbo"],"picked":"Loop","floor":21},{"not_picked":["Stack","Melter"],"picked":"Compile Driver","floor":22},{"not_picked":["Conserve Battery","Rip and Tear"],"picked":"Chill+1","floor":25},{"not_picked":["Hello World+1","Sweeping Beam","Fusion"],"picked":"SKIP","floor":30},{"not_picked":["Compile Driver+1","Stack"],"picked":"Conserve Battery","floor":31},{"not_picked":["Buffer","Fission"],"picked":"Biased Cognition","floor":33},{"not_picked":["Barrage+1","Capacitor"],"picked":"White Noise+1","floor":35},{"not_picked":["Fusion","Darkness","Force Field"],"picked":"SKIP","floor":41},{"not_picked":["Redo","Genetic Algorithm+1","FTL+1"],"picked":"SKIP","floor":42},{"not_picked":["Lockon+1","Hologram+1"],"picked":"Reinforced Body","floor":44},{"not_picked":["Steam+1","Streamline+1","Turbo+1"],"picked":"SKIP","floor":45},{"not_picked":["Streamline","Chaos+1","Double Energy+1"],"picked":"SKIP","floor":46},{"not_picked":["Rebound+1","Turbo","Go for the Eyes"],"picked":"SKIP","floor":48}],"player_experience":78387,"relics_obtained":[{"floor":6,"key":"Happy Flower"},{"floor":8,"key":"Juzu Bracelet"},{"floor":9,"key":"Smiling Mask"},{"floor":12,"key":"Bottled Flame"},{"floor":25,"key":"Dodecahedron"},{"floor":26,"key":"Boot"},{"floor":39,"key":"Old Coin"},{"floor":43,"key":"Bottled Lightning"},{"floor":44,"key":"Bag of Preparation"}],"event_choices":[{"damage_healed":0,"gold_gain":175,"player_choice":"AGREE","damage_taken":0,"max_hp_gain":0,"max_hp_loss":0,"event_name":"Liars Game","floor":2,"gold_loss":0,"cards_obtained":["Doubt"]},{"damage_healed":0,"gold_gain":0,"cards_transformed":["Strike_B"],"player_choice":"Change","damage_taken":0,"max_hp_gain":0,"max_hp_loss":0,"event_name":"Living Wall","floor":4,"gold_loss":0,"cards_obtained":["Steam"]},{"damage_healed":0,"gold_gain":0,"player_choice":"1 cards matched","damage_taken":0,"max_hp_gain":0,"max_hp_loss":0,"event_name":"Match and Keep!","floor":5,"gold_loss":0,"cards_obtained":["Creative AI"]},{"damage_healed":0,"gold_gain":0,"player_choice":"Forge","damage_taken":0,"max_hp_gain":0,"max_hp_loss":0,"event_name":"Accursed Blacksmith","floor":14,"gold_loss":0,"cards_upgraded":["Go for the Eyes"]},{"damage_healed":0,"gold_gain":0,"player_choice":"Ignored","damage_taken":0,"max_hp_gain":0,"max_hp_loss":0,"event_name":"Cursed Tome","floor":20,"gold_loss":0},{"damage_healed":0,"gold_gain":0,"cards_transformed":["Strike_B"],"player_choice":"Transformed","damage_taken":0,"max_hp_gain":0,"max_hp_loss":0,"event_name":"Transmorgrifier","floor":24,"gold_loss":0,"cards_obtained":["Electrodynamics"]},{"damage_healed":0,"gold_gain":0,"player_choice":"Upgraded","damage_taken":0,"max_hp_gain":0,"max_hp_loss":0,"event_name":"Upgrade Shrine","floor":28,"gold_loss":0,"cards_upgraded":["Rainbow"]},{"damage_healed":0,"gold_gain":0,"player_choice":"Simplicity","damage_taken":0,"max_hp_gain":0,"max_hp_loss":0,"event_name":"Back to Basics","floor":29,"gold_loss":0,"cards_upgraded":["Strike_B","Strike_B","Defend_B","Defend_B","Defend_B","Defend_B"]},{"damage_healed":0,"gold_gain":100,"player_choice":"Pray","damage_taken":0,"max_hp_gain":0,"max_hp_loss":0,"event_name":"Golden Shrine","floor":37,"gold_loss":0},{"damage_healed":0,"gold_gain":0,"player_choice":"Ignored","damage_taken":0,"max_hp_gain":0,"max_hp_loss":0,"event_name":"Mysterious Sphere","floor":38,"gold_loss":0},{"damage_healed":0,"gold_gain":0,"player_choice":"Fight","damage_taken":0,"max_hp_gain":0,"max_hp_loss":0,"event_name":"MindBloom","floor":39,"gold_loss":0}],"is_beta":false,"boss_relics":[{"not_picked":["Velvet Choker","Snecko Eye"],"picked":"Coffee Dripper"},{"not_picked":["Busted Crown","FrozenCore"],"picked":"Cursed Key"}],"items_purged_floors":[3,47],"is_endless":false,"potions_floor_spawned":[1,8,12,18,31,33,35,39,42],"ascension_level":3}