{"gold_per_floor":[110,110,110,124,23,23,33,33,60,128,148,148,148,178,178,281,281,301,313,228,244,244,244,263,279,331,331,366,366],"floor_reached":29,"playtime":1986,"items_purged":["Decay"],"score":213,"play_id":"4c1bbdaa-1be0-46fc-932f-ac295c25209d","local_time":"20181226213454","is_ascension_mode":false,"campfire_choices":[{"data":"Juggernaut","floor":6,"key":"SMITH"},{"data":"Body Slam","floor":8,"key":"SMITH"},{"data":"Flame Barrier","floor":12,"key":"SMITH"},{"data":"Body Slam","floor":15,"key":"SMITH"},{"data":"Barricade","floor":23,"key":"SMITH"},{"floor":27,"key":"REST"}],"neow_cost":"NONE","seed_source_timestamp":440075247242618,"circlet_count":0,"master_deck":["Strike_R","Strike_R","Strike_R","Strike_R","Strike_R","Defend_R","Defend_R","Defend_R","Defend_R","Juggernaut+1","Metallicize","Body Slam+1","Flame Barrier+1","Body Slam+1","Barricade+1","Body Slam+1"],"relics":["Burning Blood","Oddly Smooth Stone","Red Skull","Bottled Flame","Odd Mushroom","Runic Cube","Mango","Vajra","Red Mask"],"potions_floor_usage":[16,24],"damage_taken":[{"damage":9,"enemies":"2 Louse","floor":1,"turns":4},{"damage":7,"enemies":"Small Slimes","floor":4,"turns":4},{"damage":0,"enemies":"Cultist","floor":7,"turns":3},{"damage":12,"enemies":"Exordium Thugs","floor":11,"turns":5},{"damage":9,"enemies":"The Mushroom Lair","floor":14,"turns":4},{"damage":17,"enemies":"Hexaghost","floor":16,"turns":8},{"damage":17,"enemies":"Shell Parasite","floor":18,"turns":6},{"damage":10,"enemies":"Chosen","floor":19,"turns":6},{"damage":27,"enemies":"Snake Plant","floor":21,"turns":4},{"damage":20,"enemies":"Sentry and Sphere","floor":24,"turns":5},{"damage":1,"enemies":"Chosen and Byrds","floor":25,"turns":6},{"damage":62,"enemies":"Masked Bandits","floor":28,"turns":6},{"damage":23,"enemies":"Cultist and Chosen","floor":29,"turns":6}],"seed_played":"-7901171299175734730","potions_obtained":[{"floor":11,"key":"Explosive Potion"},{"floor":14,"key":"Swift Potion"},{"floor":16,"key":"Ancient Potion"},{"floor":18,"key":"Strength Potion"},{"floor":25,"key":"GamblersBrew"}],"is_trial":false,"path_per_floor":["M","?","?","M","$","R","M","R","T","T","M","R","?","?","R","B",null,"M","M","?","M","?","R","M","M","T","R","?","M"],"character_chosen":"IRONCLAD","items_purchased":["Body Slam"],"campfire_rested":1,"item_purchase_floors":[5],"current_hp_per_floor":[77,74,74,73,73,73,79,79,79,79,73,73,73,70,70,59,80,69,65,79,58,58,58,44,49,49,77,21,0],"gold":366,"neow_bonus":"ONE_RANDOM_RARE_CARD","is_prod":false,"is_daily":false,"chose_seed":false,"campfire_upgraded":5,"win_rate":0.0,"timestamp":1545878094,"path_taken":["M","?","?","M","$","R","?","R","T","?","M","R","?","?","R","BOSS","M","M","?","M","?","R","?","M","T","R","?","M"],"build_version":"2018-12-20","purchased_purges":1,"victory":false,"max_hp_per_floor":[80,80,80,80,80,80,80,80,80,80,80,80,80,80,80,80,80,80,80,94,94,94,94,94,94,94,94,94,94],"card_choices":[{"not_picked":["Anger","Disarm"],"picked":"Metallicize","floor":1},{"not_picked":["Rage","Clothesline","Carnage"],"picked":"SKIP","floor":4},{"not_picked":["Twin Strike","Perfected Strike","True Grit"],"picked":"SKIP","floor":7},{"not_picked":["Bludgeon","Iron Wave"],"picked":"Flame Barrier","floor":11},{"not_picked":["Anger","Sword Boomerang"],"picked":"Body Slam","floor":14},{"not_picked":["Dark Embrace","Berserk"],"picked":"Barricade","floor":16},{"not_picked":["Thunderclap+1","Disarm","Twin Strike"],"picked":"SKIP","floor":18},{"not_picked":["Iron Wave","Cleave","True Grit"],"picked":"SKIP","floor":19},{"not_picked":["Flex+1","Perfected Strike+1","Carnage+1"],"picked":"SKIP","floor":21},{"not_picked":["Perfected Strike+1","Intimidate","Clash"],"picked":"SKIP","floor":24},{"not_picked":["Cleave","Demon Form","Inflame"],"picked":"SKIP","floor":25},{"not_picked":["Flex","Pommel Strike"],"picked":"Body Slam+1","floor":28}],"player_experience":1827,"relics_obtained":[{"floor":9,"key":"Red Skull"},{"floor":10,"key":"Bottled Flame"},{"floor":14,"key":"Odd Mushroom"},{"floor":26,"key":"Vajra"},{"floor":28,"key":"Red Mask"}],"event_choices":[{"damage_healed":0,"gold_gain":0,"player_choice":"Success","damage_taken":3,"relics_obtained":["Oddly Smooth Stone"],"max_hp_gain":0,"max_hp_loss":0,"event_name":"Scrap Ooze","floor":2,"gold_loss":0},{"damage_healed":0,"gold_gain":0,"player_choice":"Cursed","damage_taken":0,"max_hp_gain":0,"max_hp_loss":0,"event_name":"Wheel of Change","floor":3,"gold_loss":0,"cards_obtained":["Decay"]},{"damage_healed":0,"gold_gain":0,"player_choice":"Ignored","damage_taken":0,"max_hp_gain":0,"max_hp_loss":0,"event_name":"Shining Light","floor":13,"gold_loss":0},{"damage_healed":0,"gold_gain":0,"player_choice":"Fought Mushrooms","damage_taken":0,"max_hp_gain":0,"max_hp_loss":0,"event_name":"Mushrooms","floor":14,"gold_loss":0},{"damage_healed":0,"gold_gain":0,"player_choice":"Obtained Relic","damage_taken":0,"relics_obtained":["Mango"],"max_hp_gain":0,"max_hp_loss":0,"event_name":"Addict","floor":20,"gold_loss":85},{"cards_removed":["Bash"],"damage_healed":0,"gold_gain":0,"player_choice":"Purged","damage_taken":0,"max_hp_gain":0,"max_hp_loss":0,"event_name":"Purifier","floor":22,"gold_loss":0},{"damage_healed":0,"gold_gain":0,"player_choice":"Fought Bandits","damage_taken":0,"max_hp_gain":0,"max_hp_loss":0,"event_name":"Masked Bandits","floor":28,"gold_loss":0}],"is_beta":false,"boss_relics":[{"not_picked":["Mark of Pain","Coffee Dripper"],"picked":"Runic Cube"}],"items_purged_floors":[5],"is_endless":false,"potions_floor_spawned":[11,14,16,18,25],"killed_by":"Cultist and Chosen","ascension_level":0}