{"gold_per_floor":[116,188,1,19,19,49,49,73,97,19,37,67,67,91,91,165,165,182,193,193,31,42,42,42,55,55,55,74,74,74,90,90,164,164,178,178,178,52,102,102,129,129,129,144,144,94,94],"floor_reached":47,"playtime":1591,"items_purged":["Blade Dance","Defend_G"],"score":870,"play_id":"3c036678-4b7f-4bf9-a9cb-657d0dcd82ba","local_time":"20190113210710","is_ascension_mode":true,"campfire_choices":[{"data":"Dagger Throw","floor":7,"key":"SMITH"},{"floor":13,"key":"REST"},{"data":"Die Die Die","floor":15,"key":"SMITH"},{"data":"Malaise","floor":23,"key":"SMITH"},{"floor":27,"key":"REST"},{"data":"Footwork","floor":29,"key":"SMITH"},{"floor":32,"key":"REST"},{"data":"Malaise","floor":40,"key":"SMITH"},{"data":"Noxious Fumes","floor":42,"key":"SMITH"},{"data":"Caltrops","floor":45,"key":"SMITH"}],"neow_cost":"NONE","seed_source_timestamp":24001214240909,"circlet_count":0,"master_deck":["AscendersBane","Defend_G+1","Defend_G","Defend_G","Defend_G","Survivor","Neutralize","Die Die Die+1","Infinite Blades","Dagger Throw+1","Blade Dance+1","Footwork+1","Escape Plan","Leg Sweep","Venomology","Caltrops+1","Slice","Malaise+1","Cloak And Dagger","Escape Plan","Tools of the Trade","Bite","Bite","Bite","Bite","Bite","Malaise+1","Apotheosis","Noxious Fumes+1"],"relics":["Ring of the Snake","Tiny Chest","Happy Flower","War Paint","Oddly Smooth Stone","Smiling Mask","Vajra","Cursed Key","Eternal Feather","Regal Pillow"],"potions_floor_usage":[6,12,12,16,18,19,22,31,33,33,35,41],"damage_taken":[{"damage":1,"enemies":"Cultist","floor":1,"turns":4},{"damage":1,"enemies":"2 Louse","floor":4,"turns":3},{"damage":46,"enemies":"Lagavulin","floor":6,"turns":7},{"damage":1,"enemies":"Jaw Worm","floor":11,"turns":4},{"damage":1,"enemies":"Gremlin Nob","floor":12,"turns":3},{"damage":13,"enemies":"Hexaghost","floor":16,"turns":12},{"damage":4,"enemies":"Spheric Guardian","floor":18,"turns":4},{"damage":4,"enemies":"Shell Parasite","floor":19,"turns":5},{"damage":8,"enemies":"Centurion and Healer","floor":22,"turns":10},{"damage":26,"enemies":"Shelled Parasite and Fungi","floor":25,"turns":5},{"damage":6,"enemies":"Snake Plant","floor":28,"turns":5},{"damage":15,"enemies":"Chosen and Byrds","floor":31,"turns":8},{"damage":36,"enemies":"Champ","floor":33,"turns":15},{"damage":27,"enemies":"3 Darklings","floor":35,"turns":6},{"damage":14,"enemies":"Nemesis","floor":41,"turns":11},{"damage":20,"enemies":"3 Shapes","floor":44,"turns":7},{"damage":69,"enemies":"Giant Head","floor":47,"turns":11}],"seed_played":"-9059758901042304418","potions_obtained":[{"floor":1,"key":"Energy Potion"},{"floor":6,"key":"Fire Potion"},{"floor":11,"key":"Energy Potion"},{"floor":12,"key":"Swift Potion"},{"floor":16,"key":"SkillPotion"},{"floor":19,"key":"SkillPotion"},{"floor":41,"key":"SteroidPotion"}],"is_trial":false,"path_per_floor":["M","?","$","M","?","E","R","T","T","$","M","E","R","T","R","B",null,"M","M","T","$","M","R","T","M","T","R","M","R","?","M","R","B",null,"M","?","?","$","?","R","E","R","T","M","R","$","E"],"character_chosen":"THE_SILENT","items_purchased":["Tiny Chest","Dagger Throw","Footwork","Malaise","Noxious Fumes"],"campfire_rested":3,"item_purchase_floors":[3,3,10,21,38],"current_hp_per_floor":[58,58,58,57,57,11,11,11,11,11,10,9,28,28,28,15,53,49,45,45,45,37,37,37,11,11,30,24,24,24,23,36,36,44,31,31,31,31,31,46,46,46,46,35,46,46,0],"gold":94,"neow_bonus":"ONE_RANDOM_RARE_CARD","is_prod":false,"is_daily":false,"chose_seed":false,"campfire_upgraded":7,"win_rate":0,"timestamp":1547413630,"path_taken":["M","?","$","M","?","E","R","?","T","?","M","E","R","?","R","BOSS","M","M","?","$","M","R","?","M","T","R","M","R","?","M","R","BOSS","M","?","?","$","?","R","E","R","T","M","R","$","E"],"build_version":"2019-01-10","purchased_purges":2,"victory":false,"max_hp_per_floor":[66,66,66,66,66,66,66,66,66,66,66,66,66,66,66,66,66,66,66,66,66,66,66,66,66,66,66,66,66,46,46,46,46,46,46,46,46,46,46,46,46,46,46,46,46,46,46],"card_choices":[{"not_picked":["PiercingWail","Masterful Stab"],"picked":"Infinite Blades","floor":1},{"not_picked":["Quick Slash","Sucker Punch"],"picked":"Blade Dance","floor":4},{"not_picked":["Prepared","Flying Knee","Endless Agony"],"picked":"SKIP","floor":6},{"not_picked":["Bane","Terror"],"picked":"Escape Plan","floor":11},{"not_picked":["Dodge and Roll","Dagger Spray"],"picked":"Leg Sweep","floor":12},{"not_picked":["Grand Finale","Bullet Time"],"picked":"Venomology","floor":16},{"not_picked":["Acrobatics","Slice"],"picked":"Caltrops","floor":18},{"not_picked":["Setup","Poisoned Stab+1"],"picked":"Slice","floor":19},{"not_picked":["Acrobatics","Eviscerate"],"picked":"Cloak And Dagger","floor":22},{"not_picked":["Heel Hook","Prepared"],"picked":"Escape Plan","floor":25},{"not_picked":["Outmaneuver","Blade Dance"],"picked":"Tools of the Trade","floor":28},{"not_picked":["Sucker Punch","Dodge and Roll","Prepared+1"],"picked":"SKIP","floor":31},{"not_picked":["Wraith Form v2","Bullet Time"],"picked":"Malaise","floor":33},{"not_picked":["Prepared","Acrobatics","Quick Slash"],"picked":"SKIP","floor":35},{"not_picked":["Discovery","Metamorphosis"],"picked":"Apotheosis","floor":36},{"not_picked":["Blade Dance","Bane+1","Sucker Punch"],"picked":"SKIP","floor":41},{"not_picked":["Dagger Spray","Backflip","Poisoned Stab"],"picked":"SKIP","floor":44}],"player_experience":383319,"relics_obtained":[{"floor":6,"key":"Happy Flower"},{"floor":8,"key":"War Paint"},{"floor":9,"key":"Oddly Smooth Stone"},{"floor":12,"key":"Smiling Mask"},{"floor":14,"key":"Vajra"},{"floor":41,"key":"Regal Pillow"}],"event_choices":[{"damage_healed":0,"gold_gain":72,"player_choice":"Gained Gold","damage_taken":0,"max_hp_gain":0,"max_hp_loss":0,"event_name":"Golden Wing","floor":2,"gold_loss":0},{"damage_healed":0,"gold_gain":0,"cards_transformed":["Strike_G"],"player_choice":"Change","damage_taken":0,"max_hp_gain":0,"max_hp_loss":0,"event_name":"Living Wall","floor":5,"gold_loss":0,"cards_obtained":["Blade Dance"]},{"damage_healed":0,"gold_gain":0,"player_choice":"Became a vampire","damage_taken":0,"max_hp_gain":0,"max_hp_loss":20,"event_name":"Vampires","floor":30,"gold_loss":0,"cards_obtained":["Bite","Bite","Bite","Bite","Bite"]},{"damage_healed":0,"gold_gain":0,"player_choice":"Memory 1","damage_taken":0,"max_hp_gain":0,"max_hp_loss":0,"event_name":"SensoryStone","floor":36,"gold_loss":0},{"damage_healed":0,"gold_gain":0,"player_choice":"Ignored","damage_taken":0,"max_hp_gain":0,"max_hp_loss":0,"event_name":"Tomb of Lord Red Mask","floor":37,"gold_loss":0},{"damage_healed":0,"gold_gain":50,"player_choice":"Pray","damage_taken":0,"max_hp_gain":0,"max_hp_loss":0,"event_name":"Golden Shrine","floor":39,"gold_loss":0}],"is_beta":false,"boss_relics":[{"not_picked":["Sozu","Runic Dome"],"picked":"Cursed Key"},{"not_picked":["Lizard Tail","Tiny House"],"picked":"Eternal Feather"}],"items_purged_floors":[38,46],"is_endless":false,"potions_floor_spawned":[1,6,11,12,16,19,25,41,44],"killed_by":"Giant Head","ascension_level":17}