{"gold_per_floor":[116,126,139,152,172,172,172,172,172,172,97,115,130,155,155,275,275,295,314,338,263,163,163,163,183,235,182,182,197,221,234,234,353,353,373,326,346,346,346,361,361,376,403,59,82,82,82,102,102,102],"floor_reached":50,"playtime":3913,"items_purged":["Strike_B","Strike_B"],"score":442,"play_id":"f18490e0-cd40-4495-be2b-0468702aa480","local_time":"20190130044341","is_ascension_mode":false,"campfire_choices":[{"floor":6,"key":"REST"},{"data":"Streamline","floor":10,"key":"SMITH"},{"data":"Compile Driver","floor":15,"key":"SMITH"},{"floor":23,"key":"REST"},{"floor":28,"key":"REST"},{"data":"Barrage","floor":32,"key":"SMITH"},{"floor":41,"key":"REST"},{"floor":47,"key":"REST"},{"floor":49,"key":"REST"}],"neow_cost":"NONE","seed_source_timestamp":121766402435924,"circlet_count":0,"master_deck":["Strike_B","Strike_B","Defend_B","Defend_B","Defend_B","Zap","Dualcast","Coolheaded","Ball Lightning","Go for the Eyes","Streamline+1","Compile Driver+1","Coolheaded","Steam","Turbo","Coolheaded","Beam Cell","Barrage","Conserve Battery","Cold Snap+1","Barrage+1","Rebound+1","Stack","Conserve Battery","Compile Driver+1","Go for the Eyes+1","Barrage+1","Streamline+1","Ball Lightning"],"relics":["Cracked Core","Golden Idol","FossilizedHelix","Inserter","Pantograph","Orichalcum","Sozu","Dream Catcher","Anchor","DollysMirror"],"potions_floor_usage":[12,19,20,33,48,48],"damage_taken":[{"damage":10,"enemies":"Small Slimes","floor":1,"turns":3},{"damage":0,"enemies":"2 Louse","floor":2,"turns":2},{"damage":0,"enemies":"Cultist","floor":3,"turns":3},{"damage":14,"enemies":"Lots of Slimes","floor":4,"turns":4},{"damage":12,"enemies":"3 Louse","floor":5,"turns":3},{"damage":0,"enemies":"Exordium Wildlife","floor":12,"turns":1},{"damage":9,"enemies":"Lots of Slimes","floor":13,"turns":4},{"damage":0,"enemies":"2 Fungi Beasts","floor":14,"turns":3},{"damage":19,"enemies":"Slime Boss","floor":16,"turns":8},{"damage":12,"enemies":"Chosen","floor":18,"turns":5},{"damage":7,"enemies":"3 Byrds","floor":19,"turns":4},{"damage":19,"enemies":"Shelled Parasite and Fungi","floor":20,"turns":8},{"damage":13,"enemies":"Snake Plant","floor":25,"turns":5},{"damage":2,"enemies":"Centurion and Healer","floor":29,"turns":7},{"damage":4,"enemies":"Snecko","floor":30,"turns":5},{"damage":1,"enemies":"Shelled Parasite and Fungi","floor":31,"turns":5},{"damage":21,"enemies":"Champ","floor":33,"turns":11},{"damage":24,"enemies":"3 Darklings","floor":35,"turns":6},{"damage":12,"enemies":"Orb Walker","floor":37,"turns":3},{"damage":22,"enemies":"Spire Growth","floor":40,"turns":5},{"damage":0,"enemies":"Transient","floor":42,"turns":5},{"damage":5,"enemies":"Jaw Worm Horde","floor":45,"turns":4},{"damage":17,"enemies":"3 Darklings","floor":48,"turns":4},{"damage":77,"enemies":"Time Eater","floor":50,"turns":10}],"seed_played":"-2121471530299760407","potions_obtained":[{"floor":2,"key":"Dexterity Potion"},{"floor":4,"key":"Explosive Potion"},{"floor":5,"key":"LiquidBronze"},{"floor":13,"key":"EssenceOfSteel"},{"floor":18,"key":"SkillPotion"},{"floor":20,"key":"Swift Potion"},{"floor":25,"key":"Explosive Potion"},{"floor":31,"key":"SkillPotion"}],"is_trial":false,"path_per_floor":["M","M","M","M","M","R","?","?","T","R","$","M","M","M","R","B",null,"M","M","M","?","$","R","T","M","T","$","R","M","M","M","R","B",null,"M","$","M","?","?","M","R","M","T","$","M","?","R","M","R","B"],"character_chosen":"DEFECT","items_purchased":["Conserve Battery","Stack","Anchor","DollysMirror"],"campfire_rested":6,"item_purchase_floors":[27,36,44,44],"current_hp_per_floor":[72,72,72,58,46,70,70,70,70,70,70,70,61,61,61,42,76,64,57,38,38,38,60,60,47,47,47,69,67,63,62,62,55,76,52,52,40,40,40,18,40,40,40,40,35,35,57,40,62,0],"gold":102,"neow_bonus":"TEN_PERCENT_HP_BONUS","is_prod":false,"is_daily":false,"chose_seed":false,"campfire_upgraded":3,"win_rate":0,"timestamp":1548852221,"path_taken":["M","M","M","M","M","R","?","?","T","R","$","?","M","M","R","BOSS","M","M","?","?","$","R","?","M","T","$","R","M","M","M","R","BOSS","M","?","M","?","?","M","R","M","T","?","?","?","R","M","R","BOSS"],"build_version":"2019-01-23","purchased_purges":2,"victory":false,"max_hp_per_floor":[82,82,82,82,82,82,76,76,76,76,76,76,76,76,76,76,76,76,76,76,76,76,76,76,76,76,76,76,76,76,76,76,76,76,76,76,76,76,76,76,76,76,76,76,76,76,76,76,76,76],"card_choices":[{"not_picked":["Fusion","Glacier"],"picked":"Coolheaded","floor":1},{"not_picked":["Leap","Barrage"],"picked":"Ball Lightning","floor":2},{"not_picked":["Glacier","Steam Power"],"picked":"Go for the Eyes","floor":3},{"not_picked":["Genetic Algorithm","Static Discharge"],"picked":"Streamline","floor":4},{"not_picked":["Ball Lightning","FTL"],"picked":"Compile Driver","floor":5},{"not_picked":["Fusion","Skim"],"picked":"Coolheaded","floor":12},{"not_picked":["Tempest","Streamline","Hello World"],"picked":"SKIP","floor":13},{"not_picked":["Redo","Meteor Strike"],"picked":"Steam","floor":14},{"not_picked":["Doom and Gloom+1","Steam"],"picked":"Turbo","floor":18},{"not_picked":["Static Discharge","Leap"],"picked":"Coolheaded","floor":19},{"not_picked":["Fission","Redo"],"picked":"Beam Cell","floor":20},{"not_picked":["Leap","Redo"],"picked":"Barrage","floor":25},{"not_picked":["White Noise+1","Leap","Sweeping Beam"],"picked":"SKIP","floor":29},{"not_picked":["Streamline","Stack"],"picked":"Cold Snap+1","floor":30},{"not_picked":["Compile Driver","Thunder Strike"],"picked":"Barrage","floor":31},{"not_picked":["Consume","Go for the Eyes"],"picked":"Rebound+1","floor":35},{"not_picked":["Loop+1","White Noise"],"picked":"Conserve Battery","floor":37},{"not_picked":["Leap","Static Discharge+1"],"picked":"Compile Driver+1","floor":40},{"not_picked":["Chill","Cold Snap"],"picked":"Go for the Eyes+1","floor":42},{"not_picked":["Static Discharge+1","Redo+1"],"picked":"Streamline+1","floor":45},{"not_picked":["Hello World","Sweeping Beam","Turbo"],"picked":"SKIP","floor":48},{"not_picked":["Consume+1","Hello World+1"],"picked":"Ball Lightning","floor":49}],"player_experience":366571,"relics_obtained":[{"floor":9,"key":"FossilizedHelix"},{"floor":24,"key":"Pantograph"},{"floor":26,"key":"Orichalcum"},{"floor":43,"key":"Dream Catcher"}],"event_choices":[{"damage_healed":0,"gold_gain":0,"player_choice":"Lose Max HP","damage_taken":0,"relics_obtained":["Golden Idol"],"max_hp_gain":0,"max_hp_loss":6,"event_name":"Golden Idol","floor":7,"gold_loss":0},{"damage_healed":0,"gold_gain":0,"player_choice":"Ignored","damage_taken":0,"max_hp_gain":0,"max_hp_loss":0,"event_name":"NoteForYourself","floor":8,"gold_loss":0},{"cards_removed":["Defend_B"],"damage_healed":0,"gold_gain":0,"player_choice":"Gave Gold","damage_taken":0,"max_hp_gain":0,"max_hp_loss":0,"event_name":"Beggar","floor":21,"gold_loss":75},{"damage_healed":0,"gold_gain":0,"player_choice":"Memory 1","damage_taken":0,"max_hp_gain":0,"max_hp_loss":0,"event_name":"SensoryStone","floor":38,"gold_loss":0},{"damage_healed":0,"gold_gain":0,"player_choice":"Ignored","damage_taken":0,"max_hp_gain":0,"max_hp_loss":0,"event_name":"Mysterious Sphere","floor":39,"gold_loss":0},{"damage_healed":0,"gold_gain":0,"player_choice":"Ignored","damage_taken":0,"max_hp_gain":0,"max_hp_loss":0,"event_name":"The Moai Head","floor":46,"gold_loss":0}],"is_beta":false,"boss_relics":[{"not_picked":["Coffee Dripper","Eternal Feather"],"picked":"Inserter"},{"not_picked":["Nuclear Battery","White Beast Statue"],"picked":"Sozu"}],"items_purged_floors":[11,22],"is_endless":false,"potions_floor_spawned":[2,4,5,13,18,20,25,31,35,40,45],"killed_by":"Time Eater","ascension_level":0}