{"gold_per_floor":[117,129,129,142,155,190,206,223,223,257,257,267,146,146,146,249,249,259,159,249,266,284,318,318,338,338,368,380,380,380,655,655,759,759,779,190,209,224,0,0,19,31,56,56,74,74,74,94,94,94],"floor_reached":51,"playtime":5122,"items_purged":["Strike_R","Bash","Feed"],"score":778,"play_id":"917392c4-c178-44db-9594-91b4ed94842b","local_time":"20181227230848","is_ascension_mode":false,"campfire_choices":[{"data":"Body Slam","floor":11.0,"key":"SMITH"},{"data":"Shrug It Off","floor":15.0,"key":"SMITH"},{"data":"Shrug It Off","floor":24.0,"key":"SMITH"},{"data":"Body Slam","floor":29.0,"key":"SMITH"},{"floor":32.0,"key":"REST"},{"data":"Limit Break","floor":40,"key":"SMITH"},{"data":"Heavy Blade","floor":44,"key":"SMITH"},{"data":"Spot Weakness","floor":49,"key":"SMITH"}],"neow_cost":"NONE","seed_source_timestamp":0,"circlet_count":0,"master_deck":["Strike_R+1","Strike_R+1","Strike_R+1","Defend_R+1","Defend_R+1","Defend_R+1","Defend_R+1","True Grit+1","Body Slam+1","Cleave","Spot Weakness+1","Shrug It Off+1","Shrug It Off+1","Body Slam+1","Heavy Blade+1","Impervious","Limit Break+1","Shrug It Off+1","Flex+1"],"special_seed":0,"relics":["Burning Blood","NeowsBlessing","Calipers","Dodecahedron","Thread and Needle","Busted Crown","Question Card","Omamori","Pantograph","Coffee Dripper","Torii","Red Mask","Boot"],"potions_floor_usage":[50,50,50],"damage_taken":[{"damage":0.0,"enemies":"2 Louse","floor":1.0,"turns":1.0},{"damage":0.0,"enemies":"Small Slimes","floor":2.0,"turns":1.0},{"damage":0.0,"enemies":"Jaw Worm","floor":4.0,"turns":1.0},{"damage":6.0,"enemies":"Exordium Thugs","floor":5.0,"turns":4.0},{"damage":14.0,"enemies":"Gremlin Nob","floor":6.0,"turns":4.0},{"damage":20.0,"enemies":"Large Slime","floor":7.0,"turns":5.0},{"damage":8.0,"enemies":"Red Slaver","floor":8.0,"turns":4.0},{"damage":17.0,"enemies":"3 Sentries","floor":10.0,"turns":7.0},{"damage":0.0,"enemies":"Looter","floor":12.0,"turns":2.0},{"damage":16.0,"enemies":"Hexaghost","floor":16.0,"turns":13.0},{"damage":8.0,"enemies":"Shell Parasite","floor":18.0,"turns":5.0},{"damage":0.0,"enemies":"Chosen","floor":21.0,"turns":4.0},{"damage":3.0,"enemies":"Snecko","floor":22.0,"turns":8.0},{"damage":26.0,"enemies":"Slavers","floor":23.0,"turns":8.0},{"damage":4.0,"enemies":"Shelled Parasite and Fungi","floor":25.0,"turns":6.0},{"damage":0.0,"enemies":"Gremlin Leader","floor":27.0,"turns":8.0},{"damage":12.0,"enemies":"Snake Plant","floor":28.0,"turns":4.0},{"damage":27.0,"enemies":"Collector","floor":33.0,"turns":12.0},{"damage":0,"enemies":"3 Darklings","floor":35,"turns":5},{"damage":4,"enemies":"3 Shapes","floor":37,"turns":5},{"damage":7,"enemies":"Writhing Mass","floor":38,"turns":7},{"damage":0,"enemies":"Spire Growth","floor":41,"turns":4},{"damage":18,"enemies":"3 Darklings","floor":42,"turns":5},{"damage":0,"enemies":"4 Shapes","floor":45,"turns":6},{"damage":13,"enemies":"Writhing Mass","floor":48,"turns":5},{"damage":0,"enemies":"Awakened One","floor":50,"turns":8}],"seed_played":"4674221448926824036","potions_obtained":[{"floor":2.0,"key":"Poison Potion"},{"floor":7.0,"key":"FearPotion"},{"floor":10.0,"key":"Strength Potion"},{"floor":37,"key":"SteroidPotion"}],"is_trial":false,"path_per_floor":["M","M","?","M","M","E","M","M","T","E","R","M","$","?","R","B",null,"M","$","?","M","M","E","R","M","T","E","M","R","?","?","R","B",null,"M","$","M","M","?","R","M","M","T","R","M","?","?","M","R","B",null],"character_chosen":"IRONCLAD","items_purchased":["Shrug It Off","Torii","Limit Break"],"campfire_rested":1,"item_purchase_floors":[13,36,36],"current_hp_per_floor":[80,80,64,70,70,62,48,46,46,35,35,44,44,37,37,27,83,81,81,65,71,74,57,57,62,62,71,65,65,65,65,92,71,92,92,92,92,91,91,91,92,80,80,80,86,86,86,79,79,92],"gold":94,"neow_bonus":"THREE_ENEMY_KILL","is_prod":false,"is_daily":false,"chose_seed":false,"campfire_upgraded":7,"win_rate":0.0,"timestamp":1545980928,"path_taken":["M","M","?","M","M","E","M","M","T","E","R","M","$","?","R","BOSS","M","$","?","?","M","E","R","M","T","E","M","R","?","?","R","BOSS","M","$","M","M","?","R","M","M","T","R","M","?","?","M","R","BOSS"],"build_version":"2018-12-20","purchased_purges":3,"victory":true,"max_hp_per_floor":[80,80,80,80,80,80,80,80,80,80,80,83,83,83,83,83,83,83,83,83,83,83,86,86,89,89,92,92,92,92,92,92,92,92,92,92,92,92,92,92,92,92,92,92,92,92,92,92,92,92],"card_choices":[{"not_picked":["Flex","Iron Wave"],"picked":"True Grit","floor":1.0},{"not_picked":["Combust","Headbutt"],"picked":"Body Slam","floor":2.0},{"not_picked":["Headbutt","Inflame"],"picked":"Cleave","floor":4.0},{"not_picked":["Headbutt","Rampage","Iron Wave"],"picked":"SKIP","floor":5.0},{"not_picked":["Warcry","Power Through","Brutality"],"picked":"SKIP","floor":6.0},{"not_picked":["Hemokinesis","Cleave"],"picked":"Spot Weakness","floor":7.0},{"not_picked":["Inflame","Sword Boomerang","Anger"],"picked":"SKIP","floor":8.0},{"not_picked":["True Grit","Entrench"],"picked":"Feed","floor":10.0},{"not_picked":["Inflame","Bloodletting"],"picked":"Shrug It Off","floor":12.0},{"not_picked":["Dropkick+1"],"picked":"SKIP","floor":18.0},{"not_picked":["Warcry"],"picked":"SKIP","floor":21.0},{"not_picked":["Headbutt"],"picked":"SKIP","floor":22.0},{"not_picked":["Iron Wave"],"picked":"SKIP","floor":23.0},{"not_picked":["Flame Barrier"],"picked":"Body Slam","floor":25.0},{"not_picked":["Iron Wave"],"picked":"Heavy Blade","floor":27.0},{"not_picked":["Inflame","Armaments+1"],"picked":"SKIP","floor":28.0},{"not_picked":["Double Tap"],"picked":"Impervious","floor":33.0},{"not_picked":["Armaments","Clash+1"],"picked":"SKIP","floor":35},{"not_picked":["Carnage+1","Twin Strike+1"],"picked":"SKIP","floor":37},{"not_picked":["Dropkick","Flex"],"picked":"SKIP","floor":38},{"not_picked":["Iron Wave","Blood for Blood"],"picked":"SKIP","floor":41},{"not_picked":["Pommel Strike","Hemokinesis+1"],"picked":"SKIP","floor":42},{"not_picked":["Pommel Strike+1","Warcry+1"],"picked":"SKIP","floor":45},{"not_picked":["Body Slam"],"picked":"Flex+1","floor":48}],"player_experience":13687,"relics_obtained":[{"floor":6.0,"key":"Calipers"},{"floor":9.0,"key":"Dodecahedron"},{"floor":10.0,"key":"Thread and Needle"},{"floor":23.0,"key":"Question Card"},{"floor":26.0,"key":"Omamori"},{"floor":27.0,"key":"Pantograph"},{"floor":43,"key":"Boot"}],"event_choices":[{"damage_healed":0.0,"max_hp_gain":0.0,"max_hp_loss":0.0,"gold_gain":0.0,"event_name":"Shining Light","player_choice":"Entered Light","floor":3.0,"gold_loss":0.0,"damage_taken":16.0,"cards_upgraded":["Strike_R","True Grit"]},{"cards_removed":["Strike_R"],"damage_healed":0.0,"max_hp_gain":0.0,"max_hp_loss":0.0,"gold_gain":0.0,"event_name":"Golden Wing","player_choice":"Card Removal","floor":14.0,"gold_loss":0.0,"damage_taken":7.0},{"damage_healed":0.0,"max_hp_gain":0.0,"max_hp_loss":0.0,"gold_gain":90.0,"event_name":"Knowing Skull","player_choice":"GOLD ","floor":20.0,"potions_obtained":[],"gold_loss":0.0,"damage_taken":16.0,"cards_obtained":[]},{"damage_healed":0.0,"max_hp_gain":0.0,"max_hp_loss":0.0,"gold_gain":0.0,"event_name":"Back to Basics","player_choice":"Simplicity","floor":30.0,"gold_loss":0.0,"damage_taken":0.0,"cards_upgraded":["Strike_R","Strike_R","Defend_R","Defend_R","Defend_R","Defend_R"]},{"damage_healed":0.0,"max_hp_gain":0.0,"max_hp_loss":0.0,"gold_gain":275.0,"event_name":"Golden Shrine","player_choice":"Desecrate","floor":31.0,"gold_loss":0.0,"damage_taken":0.0,"cards_obtained":["Regret"]},{"damage_healed":0,"gold_gain":0,"player_choice":"Paid","damage_taken":0,"relics_obtained":["Red Mask"],"max_hp_gain":0,"max_hp_loss":0,"event_name":"Tomb of Lord Red Mask","floor":39,"gold_loss":224},{"damage_healed":0,"gold_gain":0,"player_choice":"Ignored","damage_taken":0,"max_hp_gain":0,"max_hp_loss":0,"event_name":"Mysterious Sphere","floor":46,"gold_loss":0},{"damage_healed":0,"gold_gain":0,"player_choice":"Copied","damage_taken":0,"max_hp_gain":0,"max_hp_loss":0,"event_name":"Duplicator","floor":47,"gold_loss":0,"cards_obtained":["Shrug It Off"]}],"is_beta":false,"boss_relics":[{"not_picked":["Philosopher\u0027s Stone","Runic Dome"],"picked":"Busted Crown"},{"not_picked":["Tiny House","Runic Cube"],"picked":"Coffee Dripper"}],"items_purged_floors":[13,19,36],"is_endless":false,"potions_floor_spawned":[2,7,10,12,16,22,33,37,42,48],"ascension_level":0}