{"gold_per_floor":[111,54,74,84,32,32,42,42,42,42,13,31,31,42,42,42],"floor_reached":16,"playtime":243,"items_purged":[],"score":170,"play_id":"01de9be6-f04c-46ed-bb68-c451dddcb5af","local_time":"20181109233205","is_ascension_mode":true,"campfire_choices":[{"data":"Hologram","floor":6,"key":"SMITH"},{"data":"Dualcast","floor":8,"key":"SMITH"},{"data":"Defend_B","floor":10,"key":"SMITH"},{"data":"Hologram","floor":15,"key":"SMITH"}],"neow_cost":"NONE","seed_source_timestamp":20029793876719,"circlet_count":0,"master_deck":["AscendersBane","Strike_B","Strike_B","Strike_B","Strike_B","Defend_B+1","Defend_B","Defend_B","Defend_B","Zap+1","Dualcast+1","Hologram+1","Gash","Gash","Hologram+1","Cold Snap","Electrodynamics"],"relics":["Cracked Core","Bronze Scales","Sundial"],"potions_floor_usage":[12],"damage_taken":[{"damage":2,"enemies":"Jaw Worm","floor":1,"turns":3},{"damage":0,"enemies":"Cultist","floor":3,"turns":3},{"damage":3,"enemies":"Small Slimes","floor":4,"turns":3},{"damage":2,"enemies":"Exordium Wildlife","floor":7,"turns":3},{"damage":17,"enemies":"Gremlin Gang","floor":12,"turns":3},{"damage":7,"enemies":"Red Slaver","floor":14,"turns":3},{"damage":34,"enemies":"The Guardian","floor":16,"turns":5}],"seed_played":"-9011992830240082989","potions_obtained":[{"floor":4,"key":"LiquidBronze"},{"floor":12,"key":"Strength Potion"}],"is_trial":false,"path_per_floor":["M","?","M","M","$","R","M","R","T","R","$","M","?","M","R","B"],"character_chosen":"DEFECT","items_purchased":["Gash","Hologram"],"campfire_rested":0,"item_purchase_floors":[5,11],"current_hp_per_floor":[62,62,62,59,59,59,57,57,57,57,57,40,40,33,33,0],"gold":42,"neow_bonus":"UPGRADE_CARD","is_prod":false,"is_daily":false,"chose_seed":false,"campfire_upgraded":4,"win_rate":0,"timestamp":1541806325,"path_taken":["M","?","M","M","?","R","?","R","T","R","$","M","?","M","R","BOSS"],"build_version":"2018-11-08","purchased_purges":0,"victory":false,"max_hp_per_floor":[71,71,71,71,71,71,71,71,71,71,71,71,71,71,71,71],"card_choices":[{"not_picked":["Recycle","Stack"],"picked":"Hologram","floor":1},{"not_picked":["Go for the Eyes","Meteor Strike","Compile Driver"],"picked":"SKIP","floor":3},{"not_picked":["Streamline","Heatsinks"],"picked":"Gash","floor":4},{"not_picked":["Sweeping Beam","Reprogram","Darkness"],"picked":"SKIP","floor":7},{"not_picked":["Compile Driver","Defragment"],"picked":"Cold Snap","floor":12},{"not_picked":["Redo","Stack"],"picked":"Electrodynamics","floor":14}],"player_experience":134077,"relics_obtained":[{"floor":9,"key":"Sundial"}],"event_choices":[{"damage_healed":0,"gold_gain":0,"player_choice":"Paid Gold","damage_taken":0,"relics_obtained":["Bronze Scales"],"max_hp_gain":0,"max_hp_loss":0,"event_name":"WeMeetAgain","floor":2,"gold_loss":57},{"damage_healed":0,"gold_gain":0,"player_choice":"Ignored","damage_taken":0,"max_hp_gain":0,"max_hp_loss":0,"event_name":"Golden Idol","floor":13,"gold_loss":0}],"is_beta":false,"boss_relics":[],"items_purged_floors":[],"is_endless":false,"potions_floor_spawned":[4,12],"killed_by":"The Guardian","ascension_level":17}