{"gold_per_floor":[359,319,93,108,108,142,155,155,155,155,187,60,60,93,93,197,197,217,217,233,233],"floor_reached":21,"playtime":1807,"items_purged":[],"score":312,"play_id":"25b0d2fc-576c-4ba6-a0c3-c9bb14f3dabf","local_time":"20190115033100","is_ascension_mode":true,"campfire_choices":[{"data":"1","floor":8,"key":"LIFT"},{"data":"2","floor":10,"key":"LIFT"},{"floor":13,"key":"REST"},{"floor":15,"key":"REST"}],"neow_cost":"PERCENT_DAMAGE","seed_source_timestamp":380298287039490,"circlet_count":0,"master_deck":["AscendersBane","Strike_R","Strike_R","Strike_R","Strike_R","Strike_R","Defend_R","Defend_R","Defend_R","Defend_R","Bash","Immolate","Dropkick","Iron Wave","Demon Form","Shrug It Off","Offering","Flame Barrier"],"relics":["Burning Blood","Ancient Tea Set","Girya","StoneCalendar","Regal Pillow","Happy Flower","Black Star","FaceOfCleric"],"potions_floor_usage":[6,11,21],"damage_taken":[{"damage":16,"enemies":"Jaw Worm","floor":1,"turns":4},{"damage":0,"enemies":"Cultist","floor":4,"turns":2},{"damage":20,"enemies":"3 Sentries","floor":6,"turns":5},{"damage":5,"enemies":"2 Louse","floor":7,"turns":2},{"damage":28,"enemies":"Gremlin Nob","floor":11,"turns":4},{"damage":35,"enemies":"Lagavulin","floor":14,"turns":6},{"damage":38,"enemies":"The Guardian","floor":16,"turns":8},{"damage":20,"enemies":"Chosen","floor":18,"turns":4},{"damage":23,"enemies":"Spheric Guardian","floor":20,"turns":4},{"damage":40,"enemies":"Snake Plant","floor":21,"turns":2}],"seed_played":"-7033643375614392017","potions_obtained":[{"floor":2,"key":"Ancient Potion"},{"floor":2,"key":"Energy Potion"},{"floor":6,"key":"FearPotion"},{"floor":7,"key":"PowerPotion"},{"floor":20,"key":"Dexterity Potion"}],"is_trial":false,"path_per_floor":["M","?","$","M","$","E","M","R","T","R","E","$","R","E","R","B",null,"M","?","M","M"],"character_chosen":"IRONCLAD","items_purchased":["Ancient Tea Set","Immolate","Demon Form","Shrug It Off"],"campfire_rested":2,"item_purchase_floors":[3,3,12,12],"current_hp_per_floor":[41,41,41,47,47,33,34,34,34,34,12,12,51,22,61,29,67,53,53,37,0],"gold":233,"neow_bonus":"TWO_FIFTY_GOLD","is_prod":false,"is_daily":false,"chose_seed":false,"campfire_upgraded":0,"win_rate":0,"timestamp":1547551860,"path_taken":["M","?","$","M","?","E","M","R","T","R","E","$","R","E","R","BOSS","M","?","M","?"],"build_version":"2019-01-10","purchased_purges":0,"victory":false,"max_hp_per_floor":[80,80,80,80,80,80,80,80,80,80,80,80,80,80,80,80,80,80,80,81,81],"card_choices":[{"not_picked":["Headbutt","Thunderclap","Heavy Blade"],"picked":"SKIP","floor":1},{"not_picked":["Entrench","Headbutt","Armaments"],"picked":"SKIP","floor":4},{"not_picked":["Feel No Pain","Sentinel","Reckless Charge"],"picked":"SKIP","floor":6},{"not_picked":["Clash","Entrench"],"picked":"Dropkick","floor":7},{"not_picked":["Power Through","Sentinel"],"picked":"Iron Wave","floor":11},{"not_picked":["Sentinel","Twin Strike","Thunderclap"],"picked":"SKIP","floor":14},{"not_picked":["Juggernaut","Impervious"],"picked":"Offering","floor":16},{"not_picked":["Pommel Strike","Armaments","Wild Strike"],"picked":"SKIP","floor":18},{"not_picked":["Headbutt","Demon Form"],"picked":"Flame Barrier","floor":20}],"player_experience":330009,"relics_obtained":[{"floor":6,"key":"Girya"},{"floor":9,"key":"StoneCalendar"},{"floor":11,"key":"Regal Pillow"},{"floor":14,"key":"Happy Flower"}],"event_choices":[{"damage_healed":0,"gold_gain":0,"player_choice":"Bought 3 Potions","damage_taken":0,"max_hp_gain":0,"max_hp_loss":0,"event_name":"The Woman in Blue","floor":2,"gold_loss":0},{"damage_healed":0,"gold_gain":0,"player_choice":"Trade","damage_taken":0,"relics_obtained":["FaceOfCleric"],"max_hp_gain":0,"max_hp_loss":0,"event_name":"FaceTrader","floor":19,"gold_loss":0}],"is_beta":false,"boss_relics":[{"not_picked":["Snecko Eye","Eternal Feather"],"picked":"Black Star"}],"items_purged_floors":[],"is_endless":false,"potions_floor_spawned":[6,7,20],"killed_by":"Snake Plant","ascension_level":12}