{"gold_per_floor":[367,367,383,383,133,133,146,165,242,253,253],"floor_reached":11,"playtime":259,"items_purged":["Strike_B"],"score":75,"play_id":"83f96737-1376-4c33-8cc7-f54380d17664","local_time":"20180922195519","is_ascension_mode":true,"campfire_choices":[{"data":"Impatience","floor":6,"key":"SMITH"}],"neow_cost":"PERCENT_DAMAGE","seed_source_timestamp":94252499393950,"circlet_count":0,"master_deck":["Strike_B","Strike_B","Defend_B","Defend_B","Defend_B","Defend_B","Zap","Dualcast","BootSequence","Impatience+1","Coolheaded","Conserve Battery"],"relics":["Cracked Core","Gremlin Horn"],"potions_floor_usage":[11,11],"damage_taken":[{"damage":4,"enemies":"Jaw Worm","floor":1,"turns":3},{"damage":0,"enemies":"Cultist","floor":3,"turns":3},{"damage":0,"enemies":"2 Louse","floor":7,"turns":3},{"damage":1,"enemies":"2 Fungi Beasts","floor":8,"turns":4},{"damage":0,"enemies":"Looter","floor":10,"turns":4},{"damage":46,"enemies":"Gremlin Nob","floor":11,"turns":5}],"seed_played":"4356728867205056252","potions_obtained":[{"floor":3,"key":"Swift Potion"},{"floor":8,"key":"Dexterity Potion"}],"is_trial":false,"path_per_floor":["M","?","M","?","$","R","M","M","T","M"],"character_chosen":"DEFECT","items_purchased":["Impatience","Coolheaded","Conserve Battery"],"campfire_rested":0,"item_purchase_floors":[5,5,5],"current_hp_per_floor":[50,50,50,43,43,43,43,42,42,42,0],"gold":253,"neow_bonus":"TWO_FIFTY_GOLD","is_prod":false,"is_daily":false,"chose_seed":false,"campfire_upgraded":1,"win_rate":0,"timestamp":1537642519,"path_taken":["M","?","?","?","$","R","M","M","T","M","E"],"build_version":"2018-09-20","purchased_purges":1,"victory":false,"max_hp_per_floor":[75,75,75,75,75,75,75,75,75,75,75],"card_choices":[{"not_picked":["Redo","Barrage"],"picked":"BootSequence","floor":1},{"not_picked":["Consume","Rebound","Compile Driver"],"picked":"SKIP","floor":3},{"not_picked":["Ball Lightning","Double Energy","Go for the Eyes"],"picked":"SKIP","floor":7},{"not_picked":["Go for the Eyes","Ball Lightning","Gash"],"picked":"SKIP","floor":8},{"not_picked":["Go for the Eyes","Compile Driver","Aggregate"],"picked":"SKIP","floor":10}],"player_experience":41011,"relics_obtained":[{"floor":9,"key":"Gremlin Horn"}],"event_choices":[{"event_name":"The Woman in Blue","player_choice":"Bought 0 Potions","floor":2,"damage_taken":0},{"event_name":"Golden Wing","player_choice":"Card Removal","floor":4,"damage_taken":0}],"is_beta":false,"boss_relics":[],"items_purged_floors":[5],"is_endless":false,"potions_floor_spawned":[3,8],"killed_by":"Gremlin Nob","ascension_level":3}