{"gold_per_floor":[118,118,3,22,22,22,52,71,94,94,94,117,117,161,161,285,285,299,175,191,191,214,214,248,263,263,263],"floor_reached":27,"playtime":487,"items_purged":["Strike_R","Strike_R"],"score":383,"play_id":"a0fdc75c-c380-4fcb-b3d0-38825815e1f1","local_time":"20181117002612","is_ascension_mode":true,"campfire_choices":[{"data":"Rampage","floor":6,"key":"SMITH"},{"data":"Hemokinesis","floor":10,"key":"SMITH"},{"floor":15,"key":"REST"},{"data":"Warcry","floor":23,"key":"SMITH"}],"neow_cost":"NONE","seed_source_timestamp":21370059581859,"circlet_count":0,"master_deck":["Strike_R","Defend_R","Defend_R","Defend_R","Defend_R","Bash","Rampage+1","Hemokinesis+1","Headbutt","Headbutt","Brutality","Warcry+1","Rampage"],"relics":["Burning Blood","Centennial Puzzle","Dream Catcher","Regal Pillow","Golden Idol","Orichalcum","Busted Crown","Nloth\u0027s Gift","Happy Flower","Bottled Lightning"],"potions_floor_usage":[14,18,20,24,27],"damage_taken":[{"damage":0,"enemies":"Jaw Worm","floor":1,"turns":1},{"damage":0,"enemies":"Small Slimes","floor":4,"turns":1},{"damage":0,"enemies":"Gremlin Nob","floor":7,"turns":1},{"damage":3,"enemies":"2 Louse","floor":8,"turns":3},{"damage":16,"enemies":"3 Sentries","floor":14,"turns":6},{"damage":59,"enemies":"The Guardian","floor":16,"turns":8},{"damage":3,"enemies":"Chosen","floor":18,"turns":3},{"damage":10,"enemies":"2 Thieves","floor":20,"turns":3},{"damage":26,"enemies":"Centurion and Healer","floor":22,"turns":3},{"damage":34,"enemies":"Book of Stabbing","floor":24,"turns":3},{"damage":22,"enemies":"3 Cultists","floor":25,"turns":5},{"damage":24,"enemies":"Slavers","floor":27,"turns":1}],"seed_played":"-5811947756040221594","potions_obtained":[{"floor":7,"key":"EssenceOfSteel"},{"floor":8,"key":"Poison Potion"},{"floor":14,"key":"Block Potion"},{"floor":20,"key":"GamblersBrew"},{"floor":22,"key":"FairyPotion"},{"floor":25,"key":"AttackPotion"}],"is_trial":false,"path_per_floor":["M","?","$","M","?","R","E","M","T","R","?","T","?","E","R","B",null,"M","$","M","?","M","R","E","M","T","E"],"character_chosen":"IRONCLAD","items_purchased":["Hemokinesis","Warcry"],"campfire_rested":1,"item_purchase_floors":[3,19],"current_hp_per_floor":[78,78,78,80,73,73,79,80,80,80,68,68,48,38,77,24,66,69,69,65,65,45,45,17,13,13,0],"gold":263,"neow_bonus":"THREE_ENEMY_KILL","is_prod":false,"is_daily":false,"chose_seed":false,"campfire_upgraded":3,"win_rate":0,"timestamp":1542414372,"path_taken":["M","?","$","M","?","R","E","M","T","R","?","?","?","E","R","BOSS","M","$","M","?","M","R","E","?","T","E"],"build_version":"2018-11-15","purchased_purges":2,"victory":false,"max_hp_per_floor":[80,80,80,80,80,80,80,80,80,80,80,80,80,80,80,80,80,80,80,80,80,80,80,80,80,80,80],"card_choices":[{"not_picked":["Thunderclap","Sword Boomerang"],"picked":"Rampage","floor":1},{"not_picked":["Clash","Sever Soul","Entrench"],"picked":"SKIP","floor":4},{"not_picked":["Clothesline","Wild Strike"],"picked":"Headbutt","floor":7},{"not_picked":["Ghostly Armor","Burning Pact"],"picked":"Headbutt","floor":8},{"not_picked":["Dark Embrace","Seeing Red","Inflame"],"picked":"SKIP","floor":14},{"not_picked":["Dark Embrace","Barricade"],"picked":"Brutality","floor":16},{"not_picked":["Anger"],"picked":"SKIP","floor":18},{"not_picked":[],"picked":"Rampage","floor":20},{"not_picked":["Clash"],"picked":"SKIP","floor":22},{"not_picked":["Hemokinesis"],"picked":"SKIP","floor":24},{"not_picked":["Havoc"],"picked":"SKIP","floor":25}],"player_experience":179563,"relics_obtained":[{"floor":7,"key":"Centennial Puzzle"},{"floor":9,"key":"Dream Catcher"},{"floor":14,"key":"Orichalcum"},{"floor":24,"key":"Happy Flower"},{"floor":26,"key":"Bottled Lightning"}],"event_choices":[{"cards_removed":["Strike_R"],"damage_healed":0,"gold_gain":0,"player_choice":"Forget","damage_taken":0,"max_hp_gain":0,"max_hp_loss":0,"event_name":"Living Wall","floor":2,"gold_loss":0},{"cards_removed":["Strike_R"],"damage_healed":0,"gold_gain":0,"player_choice":"Card Removal","damage_taken":7,"max_hp_gain":0,"max_hp_loss":0,"event_name":"Golden Wing","floor":5,"gold_loss":0},{"damage_healed":0,"gold_gain":0,"player_choice":"Success","damage_taken":12,"relics_obtained":["Regal Pillow"],"max_hp_gain":0,"max_hp_loss":0,"event_name":"Scrap Ooze","floor":11,"gold_loss":0},{"damage_healed":0,"gold_gain":0,"player_choice":"Take Damage","damage_taken":20,"relics_obtained":["Golden Idol"],"max_hp_gain":0,"max_hp_loss":0,"event_name":"Golden Idol","floor":13,"gold_loss":0},{"damage_healed":0,"gold_gain":0,"player_choice":"Traded Relic","damage_taken":0,"relics_obtained":["Nloth\u0027s Gift"],"max_hp_gain":0,"max_hp_loss":0,"event_name":"N\u0027loth","floor":21,"relics_lost":["NeowsBlessing"],"gold_loss":0}],"is_beta":false,"boss_relics":[{"not_picked":["Pandora\u0027s Box","Calling Bell"],"picked":"Busted Crown"}],"items_purged_floors":[3,19],"is_endless":false,"potions_floor_spawned":[7,8,14,20,22,25],"killed_by":"Slavers","ascension_level":9}