{"gold_per_floor":[113,6,6,56,76,76,95,106,182,182,197,30,49,63,63,134,134,144,154,73,123,140,140,140,140,140,154,154],"floor_reached":28,"playtime":728,"items_purged":["Strike_R"],"score":392,"play_id":"da81659c-e4c5-42e7-af8b-00e38370ca75","local_time":"20190113001723","is_ascension_mode":true,"campfire_choices":[{"data":"Iron Wave","floor":6,"key":"SMITH"},{"data":"Inflame","floor":10,"key":"SMITH"},{"data":"Metallicize","floor":15,"key":"SMITH"},{"floor":23,"key":"RECALL"},{"floor":25,"key":"REST"}],"neow_cost":"NONE","seed_source_timestamp":88294725097475,"circlet_count":0,"master_deck":["AscendersBane","Strike_R","Strike_R","Strike_R","Defend_R","Defend_R","Defend_R","Defend_R","Bash","Pummel","Thunderclap","Inflame+1","Armaments+1","Iron Wave+1","Sword Boomerang","Sword Boomerang","Finesse","Metallicize+1","Reaper","Spot Weakness","Ghostly Armor","Feel No Pain","Power Through"],"relics":["Burning Blood","Blue Candle","Fusion Hammer","Calipers"],"potions_floor_usage":[16,28],"damage_taken":[{"damage":15,"enemies":"2 Louse","floor":1,"turns":4},{"damage":7,"enemies":"Small Slimes","floor":5,"turns":4},{"damage":1,"enemies":"Cultist","floor":7,"turns":3},{"damage":8,"enemies":"Lots of Slimes","floor":8,"turns":3},{"damage":0,"enemies":"Looter","floor":11,"turns":2},{"damage":0,"enemies":"2 Fungi Beasts","floor":13,"turns":3},{"damage":8,"enemies":"Large Slime","floor":14,"turns":5},{"damage":66,"enemies":"Slime Boss","floor":16,"turns":11},{"damage":22,"enemies":"Chosen","floor":18,"turns":7},{"damage":28,"enemies":"3 Byrds","floor":19,"turns":6},{"damage":26,"enemies":"Snake Plant","floor":22,"turns":5},{"damage":60,"enemies":"Snecko","floor":27,"turns":8},{"damage":27,"enemies":"Chosen and Byrds","floor":28,"turns":3}],"seed_played":"2312349611127308668","potions_obtained":[{"floor":1,"key":"Dexterity Potion"},{"floor":7,"key":"Explosive Potion"},{"floor":22,"key":"FearPotion"},{"floor":27,"key":"AttackPotion"}],"is_trial":false,"path_per_floor":["M","$","?","?","M","R","M","M","T","R","M","$","M","M","R","B",null,"M","M","$","?","M","R","?","R","T","M","M"],"character_chosen":"IRONCLAD","items_purchased":["Inflame","Armaments","Finesse","Feel No Pain"],"campfire_rested":1,"item_purchase_floors":[2,2,12,20],"current_hp_per_floor":[59,59,59,59,58,58,63,61,61,61,67,67,73,71,71,11,59,47,40,40,40,31,31,31,53,53,9,0],"gold":154,"neow_bonus":"TRANSFORM_CARD","is_prod":false,"is_daily":false,"chose_seed":false,"campfire_upgraded":3,"win_rate":0,"timestamp":1547338643,"path_taken":["M","$","?","?","?","R","M","M","T","R","?","$","M","M","R","BOSS","M","M","$","?","M","R","?","R","T","M","M"],"build_version":"2019-01-10","purchased_purges":1,"victory":false,"max_hp_per_floor":[75,75,75,75,75,75,75,75,75,75,75,75,75,75,75,75,75,75,75,75,75,75,75,75,75,75,75,75],"card_choices":[{"not_picked":["Entrench","Body Slam"],"picked":"Thunderclap","floor":1},{"not_picked":["Wild Strike","Cleave"],"picked":"Iron Wave","floor":5},{"not_picked":["Flame Barrier","Evolve"],"picked":"Sword Boomerang","floor":7},{"not_picked":["Heavy Blade","Havoc"],"picked":"Sword Boomerang","floor":8},{"not_picked":["Sword Boomerang","Twin Strike","Shockwave"],"picked":"SKIP","floor":11},{"not_picked":["Anger","Sword Boomerang","Havoc"],"picked":"SKIP","floor":13},{"not_picked":["Body Slam","Wild Strike"],"picked":"Metallicize","floor":14},{"not_picked":["Feed","Demon Form"],"picked":"Reaper","floor":16},{"not_picked":["Sword Boomerang","Headbutt"],"picked":"Spot Weakness","floor":18},{"not_picked":["Clash","Cleave"],"picked":"Ghostly Armor","floor":19},{"not_picked":["Evolve","True Grit+1"],"picked":"Power Through","floor":22},{"not_picked":["Anger","Iron Wave","Perfected Strike+1"],"picked":"SKIP","floor":27}],"player_experience":373087,"relics_obtained":[{"floor":9,"key":"Blue Candle"},{"floor":26,"key":"Calipers"}],"event_choices":[{"damage_healed":0,"gold_gain":0,"player_choice":"Grow","damage_taken":0,"max_hp_gain":0,"max_hp_loss":0,"event_name":"Living Wall","floor":3,"gold_loss":0,"cards_upgraded":["Armaments"]},{"damage_healed":0,"gold_gain":50,"player_choice":"Pray","damage_taken":0,"max_hp_gain":0,"max_hp_loss":0,"event_name":"Golden Shrine","floor":4,"gold_loss":0},{"damage_healed":0,"gold_gain":50,"player_choice":"Stole From Cult","damage_taken":0,"max_hp_gain":0,"max_hp_loss":0,"event_name":"Nest","floor":21,"gold_loss":0},{"damage_healed":0,"gold_gain":0,"player_choice":"Ignored","damage_taken":0,"max_hp_gain":0,"max_hp_loss":0,"event_name":"Cursed Tome","floor":24,"gold_loss":0}],"is_beta":false,"boss_relics":[{"not_picked":["Orrery","Runic Pyramid"],"picked":"Fusion Hammer"}],"items_purged_floors":[12],"is_endless":false,"potions_floor_spawned":[1,7,13,14,22,27],"killed_by":"Chosen and Byrds","ascension_level":17}