{"gold_per_floor":[112,112,187,187,187,187,216,216,216,243,243,243,260,54,54,151,151,131,131,141,70,70,70,98,98,98,98,116,116,134,146,146,242,242,259,38,53,66,83,83,112,112,162,191,202,202,52,64,64,64],"floor_reached":51,"playtime":5886,"items_purged":["Strike_G"],"score":881,"play_id":"fff47c37-3123-49d0-ab84-f5dbc9127af9","local_time":"20190112221413","is_ascension_mode":false,"campfire_choices":[{"data":"Neutralize","floor":6,"key":"SMITH"},{"data":"Dagger Spray","floor":8,"key":"SMITH"},{"data":"Survivor","floor":11,"key":"SMITH"},{"data":"Noxious Fumes","floor":15,"key":"SMITH"},{"data":"Skewer","floor":23,"key":"SMITH"},{"floor":27,"key":"REST"},{"data":"Footwork","floor":29,"key":"SMITH"},{"data":"Predator","floor":32,"key":"SMITH"},{"data":"Footwork","floor":40,"key":"SMITH"},{"data":"Caltrops","floor":49,"key":"SMITH"}],"neow_cost":"NONE","seed_source_timestamp":294106513381200,"circlet_count":0,"master_deck":["Defend_G","Defend_G+1","Defend_G+1","Defend_G","Defend_G","Strike_G","Strike_G","Survivor+1","Neutralize+1","Dagger Spray+1","Dodge and Roll+1","PiercingWail+1","Footwork+1","Noxious Fumes+1","Terror+1","Quick Slash","Tools of the Trade","Backflip+1","Skewer+1","Masterful Stab","Escape Plan+1","Quick Slash","Predator+1","Well Laid Plans+1","After Image","Footwork+1","Skewer+1","All Out Attack+1","Malaise+1","Dodge and Roll+1","Infinite Blades+1","Caltrops+1"],"relics":["Ring of the Snake","NeowsBlessing","Toxic Egg 2","Calipers","Bird Faced Urn","Oddly Smooth Stone","FossilizedHelix","Sozu","Vajra","Thread and Needle","WristBlade","Pen Nib","Lantern","War Paint","Juzu Bracelet"],"potions_floor_usage":[],"damage_taken":[{"damage":0,"enemies":"Small Slimes","floor":1,"turns":1},{"damage":0,"enemies":"Lagavulin","floor":7,"turns":1},{"damage":0,"enemies":"3 Sentries","floor":10,"turns":1},{"damage":0,"enemies":"2 Louse","floor":13,"turns":2},{"damage":2,"enemies":"Slime Boss","floor":16,"turns":9},{"damage":0,"enemies":"2 Thieves","floor":18,"turns":4},{"damage":0,"enemies":"3 Byrds","floor":20,"turns":7},{"damage":18,"enemies":"Slavers","floor":24,"turns":7},{"damage":0,"enemies":"Centurion and Healer","floor":28,"turns":5},{"damage":0,"enemies":"Sentry and Sphere","floor":30,"turns":6},{"damage":0,"enemies":"Snake Plant","floor":31,"turns":4},{"damage":0,"enemies":"Automaton","floor":33,"turns":9},{"damage":0,"enemies":"3 Shapes","floor":35,"turns":3},{"damage":0,"enemies":"3 Darklings","floor":37,"turns":5},{"damage":0,"enemies":"Spire Growth","floor":38,"turns":6},{"damage":0,"enemies":"Jaw Worm Horde","floor":39,"turns":5},{"damage":0,"enemies":"Nemesis","floor":41,"turns":7},{"damage":0,"enemies":"Giant Head","floor":44,"turns":10},{"damage":0,"enemies":"3 Darklings","floor":45,"turns":4},{"damage":0,"enemies":"Transient","floor":48,"turns":5},{"damage":0,"enemies":"Donu and Deca","floor":50,"turns":11}],"seed_played":"4937535608202523347","potions_obtained":[],"is_trial":false,"path_per_floor":["M","?","?","?","?","R","E","R","T","E","R","T","M","$","R","B",null,"M","?","M","$","?","R","E","$","T","R","M","R","M","M","R","B",null,"M","$","M","M","M","R","E","?","T","E","M","?","$","M","R","B",null],"character_chosen":"THE_SILENT","items_purchased":["Noxious Fumes","Terror+1","Quick Slash","Escape Plan+1","Footwork","Pen Nib","Caltrops"],"campfire_rested":1,"item_purchase_floors":[14,14,14,21,36,36,47],"current_hp_per_floor":[70,70,59,52,52,52,52,52,52,52,52,52,52,52,52,54,70,70,70,70,70,57,57,41,41,41,63,67,67,73,75,75,75,75,75,75,75,75,75,75,75,75,75,75,75,75,75,75,75,75],"gold":64,"neow_bonus":"THREE_ENEMY_KILL","is_prod":false,"is_daily":false,"chose_seed":false,"campfire_upgraded":9,"win_rate":0.0,"timestamp":1547349253,"path_taken":["M","?","?","?","?","R","E","R","T","E","R","?","?","$","R","BOSS","M","?","M","$","?","R","E","?","T","R","M","R","M","M","R","BOSS","M","$","M","M","M","R","E","?","T","E","M","?","$","M","R","BOSS"],"build_version":"2019-01-10","purchased_purges":1,"victory":true,"max_hp_per_floor":[70,70,70,70,70,70,70,70,70,70,70,70,70,70,70,70,70,70,70,70,70,75,75,75,75,75,75,75,75,75,75,75,75,75,75,75,75,75,75,75,75,75,75,75,75,75,75,75,75,75],"card_choices":[{"not_picked":["Acrobatics","Blade Dance"],"picked":"Dagger Spray","floor":1},{"not_picked":["Riddle With Holes","Poisoned Stab"],"picked":"Dodge and Roll+1","floor":7},{"not_picked":["Reflex+1","Masterful Stab"],"picked":"PiercingWail+1","floor":10},{"not_picked":["Corpse Explosion+1","Dagger Throw"],"picked":"Footwork","floor":13},{"not_picked":["Night Terror+1","Bullet Time+1"],"picked":"Tools of the Trade","floor":16},{"not_picked":["Sucker Punch+1","Crippling Poison+1"],"picked":"Backflip+1","floor":18},{"not_picked":["Blade Dance+1","Acrobatics+1"],"picked":"Underhanded Strike","floor":20},{"not_picked":["Night Terror+1","Tools of the Trade"],"picked":"Quick Slash","floor":24},{"not_picked":["Acrobatics+1","Backflip+1"],"picked":"Predator","floor":28},{"not_picked":["Slice","Sucker Punch","Expertise+1"],"picked":"SKIP","floor":30},{"not_picked":["Masterful Stab+1","Slice"],"picked":"Well Laid Plans+1","floor":31},{"not_picked":["Wraith Form v2","Tools of the Trade"],"picked":"After Image","floor":33},{"not_picked":["Bane","Quick Slash","Sucker Punch"],"picked":"SKIP","floor":35},{"not_picked":["Dagger Throw","Heel Hook","Sucker Punch"],"picked":"SKIP","floor":37},{"not_picked":["Backflip+1","Poisoned Stab+1"],"picked":"Skewer+1","floor":38},{"not_picked":["Distraction+1","Flying Knee+1"],"picked":"All Out Attack+1","floor":39},{"not_picked":["Glass Knife","Caltrops+1"],"picked":"Malaise+1","floor":41},{"not_picked":["Quick Slash","PiercingWail+1"],"picked":"Dodge and Roll+1","floor":44},{"not_picked":["Bane","Flying Knee+1"],"picked":"Infinite Blades+1","floor":45},{"not_picked":["Prepared+1","Catalyst+1","Quick Slash+1"],"picked":"SKIP","floor":48}],"player_experience":6723,"relics_obtained":[{"floor":7,"key":"Calipers"},{"floor":9,"key":"Bird Faced Urn"},{"floor":10,"key":"Oddly Smooth Stone"},{"floor":12,"key":"FossilizedHelix"},{"floor":24,"key":"Vajra"},{"floor":26,"key":"Thread and Needle"},{"floor":41,"key":"Lantern"},{"floor":43,"key":"War Paint"},{"floor":44,"key":"Juzu Bracelet"}],"event_choices":[{"damage_healed":0,"gold_gain":0,"player_choice":"Ignored","damage_taken":0,"max_hp_gain":0,"max_hp_loss":0,"event_name":"Shining Light","floor":2,"gold_loss":0},{"damage_healed":0,"gold_gain":75,"player_choice":"Gather Gold","damage_taken":11,"max_hp_gain":0,"max_hp_loss":0,"event_name":"World of Goop","floor":3,"gold_loss":0},{"damage_healed":0,"gold_gain":0,"player_choice":"Success","damage_taken":7,"relics_obtained":["Toxic Egg 2"],"max_hp_gain":0,"max_hp_loss":0,"event_name":"Scrap Ooze","floor":4,"gold_loss":0},{"damage_healed":0,"gold_gain":0,"player_choice":"Ignored","damage_taken":0,"max_hp_gain":0,"max_hp_loss":0,"event_name":"Liars Game","floor":5,"gold_loss":0},{"damage_healed":0,"gold_gain":0,"cards_transformed":["Strike_G","Strike_G"],"player_choice":"Became Test Subject","damage_taken":0,"max_hp_gain":0,"max_hp_loss":0,"event_name":"Drug Dealer","floor":19,"gold_loss":0,"cards_obtained":["Skewer","Masterful Stab"]},{"damage_healed":0,"gold_gain":0,"player_choice":"Shed Blood","damage_taken":18,"max_hp_gain":5,"max_hp_loss":0,"event_name":"Forgotten Altar","floor":22,"gold_loss":0},{"cards_removed":["Underhanded Strike"],"damage_healed":0,"gold_gain":0,"player_choice":"Removed Attack","damage_taken":0,"max_hp_gain":0,"max_hp_loss":0,"event_name":"Falling","floor":42,"gold_loss":0},{"damage_healed":0,"gold_gain":0,"player_choice":"Memory 1","damage_taken":0,"max_hp_gain":0,"max_hp_loss":0,"event_name":"SensoryStone","floor":46,"gold_loss":0}],"is_beta":false,"boss_relics":[{"not_picked":["Fusion Hammer","Tiny House"],"picked":"Sozu"},{"not_picked":["Velvet Choker","Calling Bell"],"picked":"WristBlade"}],"items_purged_floors":[47],"is_endless":false,"potions_floor_spawned":[28,30,37,38,41,44,48],"ascension_level":0}