{"gold_per_floor":[114,125,125,125,38,38,54,68,92,108,24,54,54,74,74,74],"floor_reached":16,"playtime":295,"items_purged":[],"score":189,"play_id":"8126db54-10ab-4380-8521-18acb813ac62","local_time":"20190110233542","is_ascension_mode":true,"campfire_choices":[{"data":"Trip","floor":13,"key":"SMITH"},{"data":"Immolate","floor":15,"key":"SMITH"}],"neow_cost":"NONE","seed_source_timestamp":18033000459329,"circlet_count":0,"master_deck":["AscendersBane","Strike_R+1","Strike_R","Strike_R","Strike_R+1","Defend_R","Defend_R","Defend_R","Defend_R","Bash","Trip+1","Ghostly Armor","Clothesline","Whirlwind","Anger","Iron Wave","Immolate+1","Inflame","Dropkick"],"relics":["Burning Blood","Red Skull","Regal Pillow"],"potions_floor_usage":[12],"damage_taken":[{"damage":12,"enemies":"Small Slimes","floor":1,"turns":5},{"damage":0,"enemies":"Cultist","floor":2,"turns":3},{"damage":7,"enemies":"Jaw Worm","floor":7,"turns":3},{"damage":6,"enemies":"Looter","floor":8,"turns":2},{"damage":3,"enemies":"Blue Slaver","floor":10,"turns":4},{"damage":16,"enemies":"Gremlin Nob","floor":12,"turns":3},{"damage":1,"enemies":"2 Fungi Beasts","floor":14,"turns":2},{"damage":43,"enemies":"The Guardian","floor":16,"turns":8}],"seed_played":"-5879070832059562502","potions_obtained":[{"floor":10,"key":"FearPotion"},{"floor":12,"key":"EssenceOfSteel"},{"floor":14,"key":"Strength Potion"}],"is_trial":false,"path_per_floor":["M","M","?","?","$","?","M","M","T","M","$","E","R","M","R","B"],"character_chosen":"IRONCLAD","items_purchased":["Whirlwind","Inflame"],"campfire_rested":0,"item_purchase_floors":[5,11],"current_hp_per_floor":[62,68,45,45,45,45,44,44,44,47,47,37,37,42,42,0],"gold":74,"neow_bonus":"RANDOM_COLORLESS","is_prod":false,"is_daily":false,"chose_seed":false,"campfire_upgraded":2,"win_rate":0,"timestamp":1547163342,"path_taken":["M","M","?","?","$","?","M","M","T","?","$","E","R","M","R","BOSS"],"build_version":"2019-01-03v4","purchased_purges":0,"victory":false,"max_hp_per_floor":[75,75,75,75,75,75,75,75,75,75,75,75,75,75,75,75],"card_choices":[{"not_picked":["Havoc","Burning Pact"],"picked":"Ghostly Armor","floor":1},{"not_picked":["Headbutt","Heavy Blade"],"picked":"Clothesline","floor":2},{"not_picked":["Pommel Strike","Perfected Strike"],"picked":"Anger","floor":7},{"not_picked":["Clothesline","Rage"],"picked":"Iron Wave","floor":8},{"not_picked":["Warcry","Power Through"],"picked":"Immolate","floor":10},{"not_picked":["Fiend Fire","Whirlwind"],"picked":"Dropkick","floor":12},{"not_picked":["Perfected Strike","Body Slam","Armaments"],"picked":"SKIP","floor":14}],"player_experience":364968,"relics_obtained":[{"floor":9,"key":"Red Skull"},{"floor":12,"key":"Regal Pillow"}],"event_choices":[{"damage_healed":0,"gold_gain":0,"player_choice":"Entered Light","damage_taken":23,"max_hp_gain":0,"max_hp_loss":0,"event_name":"Shining Light","floor":3,"gold_loss":0,"cards_upgraded":["Strike_R","Strike_R"]},{"cards_removed":["Strike_R"],"damage_healed":0,"gold_gain":0,"player_choice":"Forget","damage_taken":0,"max_hp_gain":0,"max_hp_loss":0,"event_name":"Living Wall","floor":4,"gold_loss":0},{"damage_healed":0,"gold_gain":0,"player_choice":"Ignored","damage_taken":0,"max_hp_gain":0,"max_hp_loss":0,"event_name":"WeMeetAgain","floor":6,"gold_loss":0}],"is_beta":false,"boss_relics":[],"items_purged_floors":[],"is_endless":false,"potions_floor_spawned":[10,12,14],"killed_by":"The Guardian","ascension_level":17}