{"gold_per_floor":[17,17,36,47,47,47,64,64,91,91,124,136,164,182,182,277,277,290,215,215,15,29,29,60,71,71,71,71,0,32,32,32,137,137,149,149,149,161,61,61,75,75,75,89,89,114,214,7,7,7,7,7,7,38,38],"floor_reached":56,"playtime":2470,"items_purged":["Strike_G","Envenom","Finisher+1"],"score":1276,"play_id":"7194b0f6-e3a8-4c61-8393-b794af26f9d3","local_time":"20190101223312","is_ascension_mode":false,"campfire_choices":[{"data":"Deadly Poison","floor":6,"key":"SMITH"},{"data":"Deadly Poison","floor":10,"key":"SMITH"},{"floor":15,"key":"REST"},{"data":"Crippling Poison","floor":23,"key":"SMITH"},{"data":"Doppelganger","floor":28,"key":"SMITH"},{"data":"Noxious Fumes","floor":32,"key":"SMITH"},{"data":"After Image","floor":40,"key":"SMITH"},{"data":"Blur","floor":42,"key":"SMITH"},{"data":"Reflex","floor":45,"key":"SMITH"},{"floor":49,"key":"RECALL"},{"data":"Caltrops","floor":52,"key":"SMITH"}],"neow_cost":"NO_GOLD","seed_source_timestamp":18516050688158,"circlet_count":0,"master_deck":["Survivor","Neutralize","Escape Plan","Deadly Poison+1","Deadly Poison+1","Doppelganger+1","Blur+1","Crippling Poison+1","Burst","Noxious Fumes+1","Backflip","Well Laid Plans","After Image+1","A Thousand Cuts","Tools of the Trade","Reflex+1","Acrobatics+1","Dark Shackles","Backflip","Tactician+1","Adrenaline","Caltrops+1","Escape Plan+1"],"relics":["Ring of the Snake","Bronze Scales","Bag of Preparation","Turnip","Ginger","Sozu","PreservedInsect","Molten Egg 2","Darkstone Periapt","Pandora\u0027s Box","Bottled Flame","Happy Flower"],"potions_floor_usage":[4,11,13,13,30],"damage_taken":[{"damage":3,"enemies":"Small Slimes","floor":1,"turns":4},{"damage":0,"enemies":"Jaw Worm","floor":3,"turns":5},{"damage":0,"enemies":"2 Louse","floor":4,"turns":2},{"damage":10,"enemies":"Large Slime","floor":7,"turns":8},{"damage":12,"enemies":"Gremlin Nob","floor":11,"turns":4},{"damage":5,"enemies":"Blue Slaver","floor":12,"turns":3},{"damage":28,"enemies":"3 Sentries","floor":13,"turns":13},{"damage":8,"enemies":"Lots of Slimes","floor":14,"turns":3},{"damage":6,"enemies":"Hexaghost","floor":16,"turns":7},{"damage":5,"enemies":"3 Byrds","floor":18,"turns":4},{"damage":0,"enemies":"Spheric Guardian","floor":22,"turns":2},{"damage":7,"enemies":"Book of Stabbing","floor":24,"turns":5},{"damage":0,"enemies":"Centurion and Healer","floor":25,"turns":5},{"damage":6,"enemies":"Slavers","floor":30,"turns":3},{"damage":8,"enemies":"Collector","floor":33,"turns":7},{"damage":0,"enemies":"Orb Walker","floor":35,"turns":4},{"damage":1,"enemies":"3 Darklings","floor":38,"turns":6},{"damage":0,"enemies":"Sphere and 2 Shapes","floor":41,"turns":4},{"damage":1,"enemies":"Transient","floor":44,"turns":5},{"damage":0,"enemies":"Giant Head","floor":46,"turns":6},{"damage":18,"enemies":"Donu and Deca","floor":50,"turns":7},{"damage":8,"enemies":"Shield and Spear","floor":54,"turns":5},{"damage":53,"enemies":"The Heart","floor":55,"turns":9}],"seed_played":"-1657279737324506572","potions_obtained":[{"floor":3,"key":"Explosive Potion"},{"floor":4,"key":"Swift Potion"},{"floor":7,"key":"GhostInAJar"},{"floor":12,"key":"Regen Potion"},{"floor":14,"key":"Block Potion"}],"is_trial":false,"path_per_floor":["M","?","M","M","?","R","M","?","T","R","E","M","E","M","R","B",null,"M","?","?","$","M","R","E","M","T","?","R","$","E","?","R","B",null,"M","?","?","M","$","R","M","R","T","M","R","E","?","$","R","B",null,"R","$","E","B",null],"character_chosen":"THE_SILENT","items_purchased":["Noxious Fumes","Backflip","Well Laid Plans","Caltrops"],"campfire_rested":1,"item_purchase_floors":[21,21,29,48],"current_hp_per_floor":[67,72,72,72,72,72,62,55,55,55,43,38,25,17,39,33,75,70,70,70,70,70,70,63,63,63,63,63,63,57,57,57,49,75,75,75,75,74,74,74,74,74,74,73,73,73,73,73,73,55,75,75,75,67,14],"gold":38,"neow_bonus":"REMOVE_TWO","is_prod":false,"is_daily":false,"chose_seed":false,"campfire_upgraded":9,"win_rate":0,"timestamp":1546381992,"path_taken":["M","?","M","M","?","R","M","?","T","R","E","M","E","M","R","BOSS","M","?","?","$","?","R","E","M","T","?","R","$","E","?","R","BOSS","M","?","?","M","$","R","M","R","T","?","R","E","?","$","R","BOSS","R","$","E","BOSS"],"build_version":"2018-12-20","purchased_purges":3,"victory":true,"max_hp_per_floor":[70,75,75,75,75,75,75,75,75,75,75,75,75,75,75,75,75,75,75,75,75,75,75,75,75,75,75,75,75,75,75,75,75,75,75,75,75,75,75,75,75,75,75,75,75,75,75,75,75,75,75,75,75,75,75],"card_choices":[{"not_picked":["Backflip","Flying Knee"],"picked":"Escape Plan","floor":1},{"not_picked":["Quick Slash","Expertise","Acrobatics"],"picked":"SKIP","floor":3},{"not_picked":["Quick Slash","Deflect"],"picked":"Deadly Poison","floor":4},{"not_picked":["Blade Dance","Crippling Poison"],"picked":"Deadly Poison","floor":7},{"not_picked":["Blade Dance","Dagger Throw"],"picked":"Doppelganger","floor":11},{"not_picked":["Eviscerate","Slice"],"picked":"Blur","floor":12},{"not_picked":["Prepared","Calculated Gamble"],"picked":"Crippling Poison","floor":13},{"not_picked":["Underhanded Strike","Infinite Blades","Acrobatics"],"picked":"SKIP","floor":14},{"not_picked":["A Thousand Cuts","Storm of Steel"],"picked":"Burst","floor":16},{"not_picked":["Underhanded Strike","Skewer","Blade Dance+1"],"picked":"SKIP","floor":18},{"not_picked":["Dagger Spray","Blade Dance","PiercingWail"],"picked":"SKIP","floor":22},{"not_picked":["Envenom","Distraction+1","Deflect"],"picked":"SKIP","floor":24},{"not_picked":["Deflect","Poisoned Stab","Blade Dance"],"picked":"SKIP","floor":25},{"not_picked":["Terror","Poisoned Stab+1","Sucker Punch+1"],"picked":"SKIP","floor":30},{"not_picked":["Phantasmal Killer","Burst"],"picked":"After Image","floor":33},{"not_picked":["Prepared","Reflex+1"],"picked":"Acrobatics+1","floor":35},{"not_picked":["Secret Technique","Trip"],"picked":"Dark Shackles","floor":36},{"not_picked":["Backstab+1","Deadly Poison+1"],"picked":"Backflip","floor":38},{"not_picked":["Underhanded Strike+1","Dodge and Roll","Cloak And Dagger+1"],"picked":"SKIP","floor":41},{"not_picked":["Noxious Fumes+1","Concentrate+1"],"picked":"Tactician+1","floor":44},{"not_picked":["Backstab+1","Blur+1"],"picked":"Adrenaline","floor":46},{"not_picked":["Prepared+1","PiercingWail+1"],"picked":"Escape Plan+1","floor":54}],"player_experience":336006,"relics_obtained":[{"floor":9,"key":"Bag of Preparation"},{"floor":11,"key":"Turnip"},{"floor":13,"key":"Ginger"},{"floor":24,"key":"PreservedInsect"},{"floor":26,"key":"Molten Egg 2"},{"floor":30,"key":"Darkstone Periapt"},{"floor":46,"key":"Bottled Flame"},{"floor":54,"key":"Happy Flower"}],"event_choices":[{"damage_healed":0,"gold_gain":0,"player_choice":"Donut","damage_taken":0,"max_hp_gain":5,"max_hp_loss":0,"event_name":"Big Fish","floor":2,"gold_loss":0},{"damage_healed":0,"gold_gain":0,"player_choice":"Ignored","damage_taken":0,"max_hp_gain":0,"max_hp_loss":0,"event_name":"Liars Game","floor":5,"gold_loss":0},{"damage_healed":0,"gold_gain":0,"player_choice":"Success","damage_taken":7,"relics_obtained":["Bronze Scales"],"max_hp_gain":0,"max_hp_loss":0,"event_name":"Scrap Ooze","floor":8,"gold_loss":0},{"cards_removed":["Strike_G"],"damage_healed":0,"gold_gain":0,"player_choice":"Gave Gold","damage_taken":0,"max_hp_gain":0,"max_hp_loss":0,"event_name":"Beggar","floor":19,"gold_loss":75},{"cards_removed":["Strike_G"],"damage_healed":0,"gold_gain":0,"player_choice":"Offered Basic","damage_taken":0,"max_hp_gain":0,"max_hp_loss":0,"event_name":"Bonfire Elementals","floor":20,"gold_loss":0},{"damage_healed":0,"gold_gain":0,"player_choice":"Ignored","damage_taken":0,"max_hp_gain":0,"max_hp_loss":0,"event_name":"Ghosts","floor":27,"gold_loss":0},{"damage_healed":0,"gold_gain":0,"player_choice":"Ignored","damage_taken":0,"max_hp_gain":0,"max_hp_loss":0,"event_name":"Cursed Tome","floor":31,"gold_loss":0},{"damage_healed":0,"gold_gain":0,"player_choice":"Memory 1","damage_taken":0,"max_hp_gain":0,"max_hp_loss":0,"event_name":"SensoryStone","floor":36,"gold_loss":0},{"damage_healed":0,"gold_gain":0,"player_choice":"0 cards matched","damage_taken":0,"max_hp_gain":0,"max_hp_loss":0,"event_name":"Match and Keep!","floor":37,"gold_loss":0,"cards_obtained":[]},{"damage_healed":0,"gold_gain":100,"player_choice":"Pray","damage_taken":0,"max_hp_gain":0,"max_hp_loss":0,"event_name":"Golden Shrine","floor":47,"gold_loss":0}],"is_beta":false,"boss_relics":[{"not_picked":["Eternal Feather","Fusion Hammer"],"picked":"Sozu"},{"not_picked":["Cursed Key","Calling Bell"],"picked":"Pandora\u0027s Box"}],"items_purged_floors":[21,39,48],"is_endless":false,"potions_floor_spawned":[3,4,7,12,14,24,25,33,35,46],"ascension_level":0}