{"gold_per_floor":[111,76,49,49,63,63,87,128,128,141,141,141,36,36,36,36],"floor_reached":16,"playtime":1076,"items_purged":[],"score":120,"play_id":"800e9969-a96c-4590-be5e-fc0ac31044a6","local_time":"20180824215832","is_ascension_mode":true,"campfire_choices":[{"floor":6,"key":"REST"},{"floor":12,"key":"REST"},{"data":"Prepared","floor":15,"key":"SMITH"}],"neow_cost":"PERCENT_DAMAGE","seed_source_timestamp":245829675390125,"circlet_count":0,"master_deck":["Defend_G","Defend_G","Defend_G","Defend_G","Defend_G","Strike_G","Strike_G","Strike_G","Strike_G","Strike_G","Survivor","Neutralize","Blur","Flying Knee","Calculated Gamble","Eviscerate","Tactician","Underhanded Strike","Acrobatics","Prepared+1"],"relics":["Ring of the Snake","Nunchaku","Golden Idol","Mummified Hand","Ornamental Fan"],"potions_floor_usage":[8,8,11,16],"damage_taken":[{"damage":1,"enemies":"Small Slimes","floor":1,"turns":4},{"damage":0,"enemies":"Jaw Worm","floor":5,"turns":4},{"damage":1,"enemies":"Cultist","floor":7,"turns":4},{"damage":63,"enemies":"Lagavulin","floor":8,"turns":15},{"damage":1,"enemies":"Looter","floor":10,"turns":5},{"damage":0,"enemies":"2 Fungi Beasts","floor":11,"turns":1},{"damage":52,"enemies":"Slime Boss","floor":16,"turns":9}],"seed_played":"5190037405292733138","potions_obtained":[{"floor":7,"key":"SkillPotion"},{"floor":8,"key":"SmokeBomb"},{"floor":10,"key":"AttackPotion"}],"is_trial":false,"path_per_floor":["M","?","$","?","M","R","M","E","T","M","M","R","$","?","R"],"character_chosen":"THE_SILENT","items_purchased":["Flying Knee","Acrobatics","Prepared"],"campfire_rested":2,"item_purchase_floors":[3,13,13],"current_hp_per_floor":[48,65,65,48,48,69,68,5,5,4,4,25,25,48,48,0],"gold":36,"neow_bonus":"ONE_RARE_RELIC","is_prod":false,"is_daily":false,"chose_seed":false,"campfire_upgraded":1,"win_rate":0,"timestamp":1535165912,"path_taken":["M","?","?","?","M","R","M","E","T","?","M","R","$","?","R","BOSS"],"build_version":"2018-08-23v2","purchased_purges":0,"victory":false,"max_hp_per_floor":[70,70,70,70,70,70,70,70,70,70,70,70,70,70,70,70],"card_choices":[{"not_picked":["Deadly Poison","Backflip"],"picked":"Blur","floor":1},{"not_picked":["Tactician","Backflip"],"picked":"Calculated Gamble","floor":5},{"not_picked":["Dagger Throw","Bouncing Flask"],"picked":"Eviscerate","floor":7},{"not_picked":["Unload","Accuracy"],"picked":"Tactician","floor":8},{"not_picked":["Endless Agony","Dagger Spray"],"picked":"Underhanded Strike","floor":10}],"player_experience":218388,"relics_obtained":[{"floor":8,"key":"Mummified Hand"},{"floor":9,"key":"Ornamental Fan"}],"event_choices":[{"event_name":"The Cleric","player_choice":"Healed","floor":2,"damage_taken":0},{"event_name":"Golden Idol","player_choice":"Take Damage","floor":4,"damage_taken":0},{"event_name":"Big Fish","player_choice":"Banana","floor":14,"damage_taken":0}],"is_beta":false,"boss_relics":[],"items_purged_floors":[],"is_endless":false,"potions_floor_spawned":[7,8,10],"killed_by":"Slime Boss","ascension_level":4}