{"gold_per_floor":[119,119,69,69,69,102,116,116,116,131,131,161,176,194,194,292,292,306,3,3],"floor_reached":20,"playtime":2003,"items_purged":[],"score":279,"play_id":"5892db72-edd5-4f90-9147-f457b08c716c","local_time":"20190110234106","is_ascension_mode":true,"campfire_choices":[{"data":"Clothesline","floor":8,"key":"SMITH"},{"data":"Evolve","floor":11,"key":"SMITH"},{"data":"Bash","floor":15,"key":"SMITH"}],"neow_cost":"NONE","seed_source_timestamp":20707665038247,"circlet_count":0,"master_deck":["Bash+1","Clothesline+1","Evolve+1","Dropkick","Inflame","Inflame","Barricade","Heavy Blade","Searing Blow","Seeing Red","Wild Strike","Limit Break","Entrench","Shockwave","Warcry","Immolate"],"relics":["Burning Blood","NeowsBlessing","Bag of Marbles","Bag of Preparation","Kunai","Letter Opener","Pear","Pandora\u0027s Box","Ice Cream"],"potions_floor_usage":[12,14,16,20],"damage_taken":[{"damage":0,"enemies":"2 Louse","floor":1,"turns":1},{"damage":0,"enemies":"Lagavulin","floor":6,"turns":1},{"damage":0,"enemies":"Small Slimes","floor":7,"turns":1},{"damage":2,"enemies":"Jaw Worm","floor":10,"turns":6},{"damage":13,"enemies":"Gremlin Nob","floor":12,"turns":4},{"damage":12,"enemies":"Exordium Wildlife","floor":13,"turns":3},{"damage":3,"enemies":"Large Slime","floor":14,"turns":6},{"damage":43,"enemies":"Hexaghost","floor":16,"turns":8},{"damage":12,"enemies":"Chosen","floor":18,"turns":3},{"damage":36,"enemies":"Colosseum Slavers","floor":20,"turns":3},{"damage":43,"enemies":"Colosseum Nobs","floor":20,"turns":4}],"seed_played":"-5961678368100596945","potions_obtained":[{"floor":1,"key":"Explosive Potion"},{"floor":10,"key":"Poison Potion"},{"floor":13,"key":"Energy Potion"},{"floor":18,"key":"Weak Potion"}],"is_trial":false,"path_per_floor":["M","?","?","?","$","E","M","R","T","M","R","E","M","M","R","B",null,"M","$","?"],"character_chosen":"IRONCLAD","items_purchased":["Ice Cream"],"campfire_rested":0,"item_purchase_floors":[19],"current_hp_per_floor":[78,78,78,53,53,59,65,65,65,69,69,72,66,69,69,32,76,70,70,0],"gold":3,"neow_bonus":"THREE_ENEMY_KILL","is_prod":false,"is_daily":false,"chose_seed":false,"campfire_upgraded":3,"win_rate":0,"timestamp":1547192466,"path_taken":["M","?","?","?","$","E","?","R","T","M","R","E","M","M","R","BOSS","M","$","?"],"build_version":"2019-01-10","purchased_purges":0,"victory":false,"max_hp_per_floor":[80,80,80,80,80,80,80,80,80,80,80,90,90,90,90,90,90,90,90,90],"card_choices":[{"not_picked":["Blood for Blood","Perfected Strike"],"picked":"Clothesline","floor":1},{"not_picked":["Anger","Twin Strike","Wild Strike"],"picked":"SKIP","floor":6},{"not_picked":["Cleave","True Grit"],"picked":"Evolve","floor":7},{"not_picked":["Pommel Strike","Rampage","Burning Pact"],"picked":"SKIP","floor":10},{"not_picked":["Headbutt","Twin Strike"],"picked":"Dropkick","floor":12},{"not_picked":["Pommel Strike","Havoc"],"picked":"Inflame","floor":13},{"not_picked":["True Grit","Shrug It Off"],"picked":"Inflame","floor":14},{"not_picked":["Juggernaut","Bludgeon"],"picked":"Barricade","floor":16},{"not_picked":["Clothesline","Cleave+1","Body Slam"],"picked":"SKIP","floor":18}],"player_experience":272392,"relics_obtained":[{"floor":6,"key":"Kunai"},{"floor":9,"key":"Letter Opener"},{"floor":12,"key":"Pear"}],"event_choices":[{"damage_healed":0,"gold_gain":0,"player_choice":"Box","damage_taken":0,"relics_obtained":["Bag of Marbles"],"max_hp_gain":0,"max_hp_loss":0,"event_name":"Big Fish","floor":2,"gold_loss":0,"cards_obtained":["Regret"]},{"cards_removed":["Regret"],"damage_healed":0,"gold_gain":0,"player_choice":"Card Removal","damage_taken":0,"max_hp_gain":0,"max_hp_loss":0,"event_name":"The Cleric","floor":3,"gold_loss":50},{"damage_healed":0,"gold_gain":0,"player_choice":"Success","damage_taken":25,"relics_obtained":["Bag of Preparation"],"max_hp_gain":0,"max_hp_loss":0,"event_name":"Scrap Ooze","floor":4,"gold_loss":0},{"damage_healed":0,"gold_gain":0,"player_choice":"Fight","damage_taken":0,"max_hp_gain":0,"max_hp_loss":0,"event_name":"Colosseum","floor":20,"gold_loss":0},{"damage_healed":0,"gold_gain":0,"player_choice":"Fought Nobs","damage_taken":0,"max_hp_gain":0,"max_hp_loss":0,"event_name":"Colosseum","floor":20,"gold_loss":0}],"is_beta":false,"boss_relics":[{"not_picked":["Empty Cage","Calling Bell"],"picked":"Pandora\u0027s Box"}],"items_purged_floors":[],"is_endless":false,"potions_floor_spawned":[1,10,13,18],"killed_by":"Colosseum Nobs","ascension_level":7}