{"gold_per_floor":[114,114,20,33,33,68,68,68,68,81,81,98,98,133,133,228,228,246,246,171,171,71,88,88,119,143,172,172,204,214,229,229,324,324,335,335,610,261,281,281],"floor_reached":40,"playtime":1489,"items_purged":["Strike_R","Anger","Regret"],"score":499,"play_id":"52b168e9-c7da-48e1-bdd6-61301a0c26dd","local_time":"20190203161808","is_ascension_mode":true,"campfire_choices":[{"data":"Bash","floor":8,"key":"SMITH"},{"data":"Searing Blow","floor":11,"key":"SMITH"},{"data":"Searing Blow+1","floor":13,"key":"SMITH"},{"data":"Searing Blow+2","floor":15,"key":"SMITH"},{"data":"Searing Blow+3","floor":24,"key":"SMITH"},{"data":"True Grit","floor":32,"key":"SMITH"}],"neow_cost":"NONE","seed_source_timestamp":619224779398730,"circlet_count":0,"master_deck":["Strike_R","Defend_R","Defend_R","Defend_R","Defend_R+1","Bash+1","Shrug It Off","Inflame","Pommel Strike","Metallicize","Ghostly Armor","Searing Blow+4","Reaper","Offering","Double Tap","True Grit+1","Burning Pact","Demon Form+1","Warcry+1","Limit Break","Shrug It Off+1","Jack Of All Trades","Apotheosis","Trip","Whirlwind"],"relics":["Black Blood","NeowsBlessing","CultistMask","Frozen Egg 2","Red Skull","Sundial","Mercury Hourglass","Runic Pyramid","Unceasing Top","Oddly Smooth Stone","Strawberry","PreservedInsect","Anchor"],"potions_floor_usage":[14,27,27,33,33,33,40],"damage_taken":[{"damage":0,"enemies":"Jaw Worm","floor":1,"turns":1},{"damage":0,"enemies":"Cultist","floor":4,"turns":1},{"damage":0,"enemies":"3 Sentries","floor":6,"turns":1},{"damage":6,"enemies":"2 Louse","floor":10,"turns":3},{"damage":9,"enemies":"Exordium Wildlife","floor":12,"turns":5},{"damage":25,"enemies":"Gremlin Nob","floor":14,"turns":4},{"damage":15,"enemies":"Slime Boss","floor":16,"turns":8},{"damage":18,"enemies":"3 Byrds","floor":18,"turns":5},{"damage":16,"enemies":"2 Thieves","floor":23,"turns":3},{"damage":61,"enemies":"Book of Stabbing","floor":25,"turns":6},{"damage":29,"enemies":"Gremlin Leader","floor":27,"turns":3},{"damage":43,"enemies":"Slavers","floor":29,"turns":5},{"damage":12,"enemies":"Snecko","floor":30,"turns":3},{"damage":32,"enemies":"Shelled Parasite and Fungi","floor":31,"turns":4},{"damage":72,"enemies":"Collector","floor":33,"turns":6},{"damage":29,"enemies":"3 Darklings","floor":35,"turns":4},{"damage":26,"enemies":"3 Shapes","floor":39,"turns":3},{"damage":73,"enemies":"Reptomancer","floor":40,"turns":3}],"seed_played":"3393401727874177974","potions_obtained":[{"floor":10,"key":"Strength Potion"},{"floor":12,"key":"SkillPotion"},{"floor":14,"key":"Weak Potion"},{"floor":25,"key":"EssenceOfSteel"},{"floor":29,"key":"SteroidPotion"},{"floor":30,"key":"Explosive Potion"},{"floor":39,"key":"LiquidBronze"}],"is_trial":false,"path_per_floor":["M","?","$","M","?","E","T","R","T","M","R","M","R","E","R","B",null,"M","?","$","?","$","M","R","E","T","E","?","E","M","M","R","B",null,"M","?","?","$","M","E"],"character_chosen":"IRONCLAD","items_purchased":["Inflame","Pommel Strike","Whirlwind","Anchor"],"campfire_rested":0,"item_purchase_floors":[3,3,38,38],"current_hp_per_floor":[80,80,80,80,64,70,70,70,70,70,70,67,67,48,48,66,80,74,74,74,74,74,70,70,24,24,56,56,57,51,35,35,32,87,68,58,58,58,66,0],"gold":281,"neow_bonus":"THREE_ENEMY_KILL","is_prod":false,"is_daily":false,"chose_seed":false,"campfire_upgraded":6,"win_rate":0,"timestamp":1549178288,"path_taken":["M","?","$","?","?","E","?","R","T","M","R","M","R","E","R","BOSS","M","?","$","?","$","M","R","E","T","E","?","E","?","M","R","BOSS","M","?","?","$","?","E"],"build_version":"2019-01-23","purchased_purges":3,"victory":false,"max_hp_per_floor":[80,80,80,80,80,80,80,80,80,80,80,80,80,80,80,80,80,80,80,80,80,80,80,80,80,80,87,87,87,87,87,87,87,87,87,87,87,87,87,87],"card_choices":[{"not_picked":["Battle Trance","Armaments"],"picked":"Shrug It Off","floor":1},{"not_picked":["Burning Pact","Searing Blow"],"picked":"Metallicize","floor":4},{"not_picked":["Warcry","Power Through"],"picked":"Ghostly Armor","floor":6},{"not_picked":["Perfected Strike","Disarm"],"picked":"Searing Blow","floor":10},{"not_picked":["Havoc","Shrug It Off"],"picked":"Reaper","floor":12},{"not_picked":["Body Slam","Wild Strike","Reckless Charge"],"picked":"SKIP","floor":14},{"not_picked":["Barricade+1","Immolate"],"picked":"Offering","floor":16},{"not_picked":["Flex","Bloodletting","Clothesline"],"picked":"SKIP","floor":18},{"not_picked":["Power Through+1","Intimidate","Cleave"],"picked":"SKIP","floor":23},{"not_picked":["Bloodletting","Sentinel"],"picked":"True Grit","floor":25},{"not_picked":["Fiend Fire","Clash+1","Perfected Strike"],"picked":"SKIP","floor":27},{"not_picked":["Rage","Clothesline"],"picked":"Demon Form+1","floor":29},{"not_picked":["Anger","Fire Breathing+1"],"picked":"Warcry+1","floor":30},{"not_picked":["Wild Strike","Havoc","Flex"],"picked":"SKIP","floor":31},{"not_picked":["Wild Strike","Havoc","Flex"],"picked":"SKIP","floor":31},{"not_picked":["Exhume","Demon Form+1"],"picked":"Limit Break","floor":33},{"not_picked":["Corruption+1","Second Wind"],"picked":"Shrug It Off+1","floor":35},{"not_picked":["Impatience","PanicButton"],"picked":"Jack Of All Trades","floor":36},{"not_picked":["Panacea","Dark Shackles"],"picked":"Apotheosis","floor":36},{"not_picked":["Apotheosis","Impatience"],"picked":"Trip","floor":36},{"not_picked":["Iron Wave","Feel No Pain+1","Battle Trance"],"picked":"SKIP","floor":39}],"player_experience":63997,"relics_obtained":[{"floor":6,"key":"Frozen Egg 2"},{"floor":7,"key":"Red Skull"},{"floor":9,"key":"Sundial"},{"floor":14,"key":"Mercury Hourglass"},{"floor":25,"key":"Unceasing Top"},{"floor":26,"key":"Oddly Smooth Stone"},{"floor":27,"key":"Strawberry"},{"floor":29,"key":"PreservedInsect"}],"event_choices":[{"damage_healed":0,"gold_gain":0,"player_choice":"Trade","damage_taken":0,"relics_obtained":["CultistMask"],"max_hp_gain":0,"max_hp_loss":0,"event_name":"FaceTrader","floor":2,"gold_loss":0},{"damage_healed":0,"gold_gain":0,"player_choice":"Entered Light","damage_taken":16,"max_hp_gain":0,"max_hp_loss":0,"event_name":"Shining Light","floor":5,"gold_loss":0,"cards_upgraded":["Defend_R","Strike_R"]},{"cards_removed":["Strike_R"],"damage_healed":0,"gold_gain":0,"player_choice":"Elegance","damage_taken":0,"max_hp_gain":0,"max_hp_loss":0,"event_name":"Back to Basics","floor":19,"gold_loss":0},{"damage_healed":0,"gold_gain":0,"cards_transformed":["Strike_R","Strike_R"],"player_choice":"Became Test Subject","damage_taken":0,"max_hp_gain":0,"max_hp_loss":0,"event_name":"Drug Dealer","floor":21,"gold_loss":0,"cards_obtained":["Anger","Double Tap"]},{"damage_healed":0,"gold_gain":0,"player_choice":"1 cards matched","damage_taken":0,"max_hp_gain":0,"max_hp_loss":0,"event_name":"Match and Keep!","floor":28,"gold_loss":0,"cards_obtained":["Burning Pact"]},{"damage_healed":0,"gold_gain":0,"player_choice":"Memory 3","damage_taken":10,"max_hp_gain":0,"max_hp_loss":0,"event_name":"SensoryStone","floor":36,"gold_loss":0},{"damage_healed":0,"gold_gain":275,"player_choice":"Desecrate","damage_taken":0,"max_hp_gain":0,"max_hp_loss":0,"event_name":"Golden Shrine","floor":37,"gold_loss":0,"cards_obtained":["Regret"]}],"is_beta":false,"boss_relics":[{"not_picked":["Tiny House","Busted Crown"],"picked":"Runic Pyramid"},{"not_picked":["Runic Cube","Astrolabe"],"picked":"Black Blood"}],"items_purged_floors":[20,22,38],"is_endless":false,"potions_floor_spawned":[10,12,14,25,29,30,31,39],"killed_by":"Reptomancer","ascension_level":1}