{"gold_per_floor":[113,113,113,113,129,129,99,116,116,130,130,147,158,175,175,270,270,284,302,322,322,340,340,352,352,376,376,391,391,78,98,98,201,201,215,215,215,232,4,37,37,37,37,50,69,69,88,88],"floor_reached":48,"playtime":4194,"items_purged":["Strike_B"],"score":558,"play_id":"c0ec2fe1-e2f5-4a42-9fb8-9686b42faecd","local_time":"20190201124045","is_ascension_mode":true,"campfire_choices":[{"data":"Zap","floor":6.0,"key":"SMITH"},{"data":"Redo","floor":11.0,"key":"SMITH"},{"data":"Chaos","floor":15.0,"key":"SMITH"},{"data":"Defragment","floor":23.0,"key":"SMITH"},{"data":"Capacitor","floor":25.0,"key":"SMITH"},{"data":"Electrodynamics","floor":27.0,"key":"SMITH"},{"data":"Redo","floor":32.0,"key":"SMITH"},{"floor":42,"key":"REST"}],"neow_cost":"PERCENT_DAMAGE","seed_source_timestamp":80582563920423,"circlet_count":0,"master_deck":["Strike_B","Strike_B","Defend_B+1","Defend_B","Defend_B","Defend_B","Zap+1","Dualcast","Conserve Battery","Redo+1","Chaos+1","Rebound","Defragment+1","Seek","Conserve Battery","Electrodynamics+1","Tempest","Undo","Redo+1","Good Instincts","Conserve Battery+1","Capacitor+1","Defragment","Capacitor","Multi-Cast+1","Go for the Eyes","Defragment","Buffer","Sunder+1","Turbo","Loop","Skim+1","Tempest+1","Dark Shackles","Mayhem","Secret Technique","Scrape","Panacea","BootSequence+1","Barrage+1","Steam+1","Rainbow"],"special_seed":0,"relics":["Cracked Core","Turnip","Orichalcum","Mummified Hand","Eternal Feather","Bag of Preparation","Orrery","War Paint","Mango","Nunchaku"],"potions_floor_usage":[40,48],"damage_taken":[{"damage":2.0,"enemies":"2 Louse","floor":1.0,"turns":2.0},{"damage":1.0,"enemies":"Jaw Worm","floor":5.0,"turns":3.0},{"damage":1.0,"enemies":"Cultist","floor":8.0,"turns":3.0},{"damage":2.0,"enemies":"Exordium Wildlife","floor":10.0,"turns":3.0},{"damage":3.0,"enemies":"Red Slaver","floor":12.0,"turns":3.0},{"damage":3.0,"enemies":"Looter","floor":13.0,"turns":3.0},{"damage":0.0,"enemies":"3 Louse","floor":14.0,"turns":2.0},{"damage":0.0,"enemies":"Slime Boss","floor":16.0,"turns":11.0},{"damage":6.0,"enemies":"3 Byrds","floor":18.0,"turns":2.0},{"damage":17.0,"enemies":"Shell Parasite","floor":19.0,"turns":3.0},{"damage":2.0,"enemies":"Centurion and Healer","floor":20.0,"turns":4.0},{"damage":9.0,"enemies":"Snake Plant","floor":22.0,"turns":3.0},{"damage":3.0,"enemies":"Sentry and Sphere","floor":24.0,"turns":4.0},{"damage":6.0,"enemies":"Chosen and Byrds","floor":28.0,"turns":4.0},{"damage":9.0,"enemies":"Colosseum Slavers","floor":29.0,"turns":4.0},{"damage":0.0,"enemies":"Snake Plant","floor":31.0,"turns":3.0},{"damage":46.0,"enemies":"Champ","floor":33.0,"turns":12.0},{"damage":9,"enemies":"3 Shapes","floor":35,"turns":4},{"damage":0,"enemies":"Orb Walker","floor":38,"turns":4},{"damage":55,"enemies":"Nemesis","floor":40,"turns":7},{"damage":0,"enemies":"Maw","floor":44,"turns":7},{"damage":0,"enemies":"Transient","floor":45,"turns":5},{"damage":27,"enemies":"Sphere and 2 Shapes","floor":47,"turns":4},{"damage":37,"enemies":"Reptomancer","floor":48,"turns":3}],"seed_played":"-8738282702368387209","potions_obtained":[{"floor":5.0,"key":"EssenceOfSteel"},{"floor":7.0,"key":"EssenceOfSteel"},{"floor":7.0,"key":"Fire Potion"},{"floor":10.0,"key":"Regen Potion"},{"floor":16.0,"key":"LiquidBronze"},{"floor":18.0,"key":"SteroidPotion"},{"floor":22.0,"key":"LiquidBronze"},{"floor":24.0,"key":"Weak Potion"},{"floor":31.0,"key":"Energy Potion"},{"floor":40,"key":"Ancient Potion"}],"is_trial":false,"path_per_floor":["?","T","?","?","M","?","M","?","?","?","M","$"],"character_chosen":"DEFECT","items_purchased":["Capacitor","Multi-Cast","Go for the Eyes","Panacea","War Paint"],"campfire_rested":1,"item_purchase_floors":[30,30,30,39,39],"current_hp_per_floor":[52,27,27,52,51,51,51,50,50,48,48,50,47,47,47,47,75,69,52,50,50,41,53,50,62,62,74,68,59,59,59,74,28,75,66,66,56,56,56,15,15,62,62,62,62,62,35,0],"gold":88,"neow_bonus":"ONE_RARE_RELIC","is_prod":false,"is_daily":false,"chose_seed":false,"campfire_upgraded":7,"win_rate":0,"timestamp":1549021245,"path_taken":["M","?","?","?","M","R","?","M","T","?","R","M","M","M","R","BOSS","M","M","M","?","?","R","M","R","T","R","M","?","$","M","R","BOSS","M","?","?","?","$","E","?","R","T","M","M","$","M","E"],"build_version":"2019-01-23","purchased_purges":1,"victory":false,"max_hp_per_floor":[75,75,75,75,75,75,75,75,75,75,75,75,75,75,75,75,75,75,75,75,75,75,75,75,75,75,75,75,75,75,75,75,75,75,75,75,75,75,75,89,89,89,89,89,89,89,89,89],"card_choices":[{"not_picked":["Beam Cell","Darkness"],"picked":"Conserve Battery","floor":1.0},{"not_picked":["Go for the Eyes","Compile Driver"],"picked":"Redo","floor":5.0},{"not_picked":["Barrage","Sweeping Beam"],"picked":"Chaos","floor":8.0},{"not_picked":["Heatsinks","Reprogram"],"picked":"Rebound","floor":10.0},{"not_picked":["Aggregate","Sunder"],"picked":"Defragment","floor":12.0},{"not_picked":["Beam Cell","Cold Snap"],"picked":"Seek","floor":13.0},{"not_picked":["Gash","Beam Cell"],"picked":"Conserve Battery","floor":14.0},{"not_picked":["Hyperbeam","All For One"],"picked":"Electrodynamics","floor":16.0},{"not_picked":["Consume+1","Recycle"],"picked":"Tempest","floor":18.0},{"not_picked":["Ball Lightning","Blizzard","Streamline+1"],"picked":"SKIP","floor":19.0},{"not_picked":["Ball Lightning","Redo"],"picked":"Undo","floor":20.0},{"not_picked":["Ball Lightning","Hologram"],"picked":"Conserve Battery+1","floor":22.0},{"not_picked":["Cold Snap","Lockon"],"picked":"Capacitor","floor":24.0},{"not_picked":["Compile Driver+1","Fission"],"picked":"Defragment","floor":28.0},{"not_picked":["Steam","Barrage+1"],"picked":"Defragment","floor":31.0},{"not_picked":["Rainbow","Core Surge"],"picked":"Buffer","floor":33.0},{"not_picked":["Steam","Barrage"],"picked":"Sunder+1","floor":34},{"not_picked":["Streamline","Coolheaded+1"],"picked":"Turbo","floor":34},{"not_picked":["Go for the Eyes+1","Hologram"],"picked":"Loop","floor":34},{"not_picked":["Barrage","Blizzard"],"picked":"Skim+1","floor":34},{"not_picked":["Beam Cell","Chill+1"],"picked":"Tempest+1","floor":35},{"not_picked":["Violence","Forethought"],"picked":"Dark Shackles","floor":37},{"not_picked":["Impatience","HandOfGreed"],"picked":"Mayhem","floor":37},{"not_picked":["Trip","Chrysalis"],"picked":"Secret Technique","floor":37},{"not_picked":["Ball Lightning","Beam Cell"],"picked":"Scrape","floor":38},{"not_picked":["Steam Power","Tempest+1"],"picked":"BootSequence+1","floor":40},{"not_picked":["Hello World+1","Stack+1"],"picked":"Barrage+1","floor":44},{"not_picked":["Steam Power+1","Go for the Eyes+1"],"picked":"Steam+1","floor":45},{"not_picked":["Reprogram","Barrage+1"],"picked":"Rainbow","floor":47}],"player_experience":115636,"relics_obtained":[{"floor":9.0,"key":"Mummified Hand"},{"floor":26.0,"key":"Bag of Preparation"},{"floor":40,"key":"Mango"},{"floor":43,"key":"Nunchaku"}],"event_choices":[{"damage_healed":0.0,"max_hp_gain":0.0,"max_hp_loss":0.0,"gold_gain":0.0,"event_name":"Scrap Ooze","player_choice":"Success","floor":2.0,"gold_loss":0.0,"damage_taken":25.0,"relics_obtained":["Orichalcum"]},{"damage_healed":25.0,"max_hp_gain":0.0,"max_hp_loss":0.0,"gold_gain":0.0,"event_name":"Big Fish","player_choice":"Banana","floor":4.0,"gold_loss":0.0,"damage_taken":0.0},{"damage_healed":0.0,"max_hp_gain":0.0,"max_hp_loss":0.0,"gold_gain":0.0,"event_name":"The Woman in Blue","player_choice":"Bought 2 Potions","floor":7.0,"gold_loss":0.0,"damage_taken":0.0},{"damage_healed":0.0,"max_hp_gain":0.0,"max_hp_loss":0.0,"gold_gain":0.0,"event_name":"Match and Keep!","player_choice":"2 cards matched","floor":21.0,"gold_loss":0.0,"damage_taken":0.0,"cards_obtained":["Redo","Good Instincts"]},{"damage_healed":0.0,"max_hp_gain":0.0,"max_hp_loss":0.0,"gold_gain":0.0,"event_name":"Colosseum","player_choice":"Fight","floor":29.0,"gold_loss":0.0,"damage_taken":0.0},{"damage_healed":0.0,"max_hp_gain":0.0,"max_hp_loss":0.0,"gold_gain":0.0,"event_name":"Colosseum","player_choice":"Fled From Nobs","floor":29.0,"gold_loss":0.0,"damage_taken":0.0},{"cards_removed":["Strike_B"],"damage_healed":0,"gold_gain":0,"player_choice":"Removed Attack","damage_taken":0,"max_hp_gain":0,"max_hp_loss":0,"event_name":"Falling","floor":36,"gold_loss":0},{"damage_healed":0,"gold_gain":0,"player_choice":"Memory 3","damage_taken":10,"max_hp_gain":0,"max_hp_loss":0,"event_name":"SensoryStone","floor":37,"gold_loss":0}],"is_beta":false,"boss_relics":[{"not_picked":["Snecko Eye","FrozenCore"],"picked":"Eternal Feather"},{"not_picked":["Pandora\u0027s Box","Tiny House"],"picked":"Orrery"}],"items_purged_floors":[30],"is_endless":false,"potions_floor_spawned":[5,10,16,18,22,24,29,31,40],"killed_by":"Reptomancer","ascension_level":1}