{"gold_per_floor":[114,129,144,171,198,210,222,234,246,273,300,327,354,381,393,505,517,544,571,598,625,652,694,706,748,815,842,869,896,5,20,20,120,120,135,150,150,165,165,165,180,180,180,182,197,212,0,0,0,0],"floor_reached":51,"playtime":8091,"items_purged":["Undo","Auto Shields"],"score":820,"play_id":"7630ef1e-cb36-4236-a66a-a6fcb93e76de","local_time":"20180801034524","daily_mods":["Insanity","Night Terrors","Vintage"],"is_ascension_mode":false,"campfire_choices":[{"data":"Self Repair","floor":6,"key":"SMITH"},{"data":"Fission","floor":8,"key":"SMITH"},{"data":"Defragment","floor":15,"key":"SMITH"},{"floor":24,"key":"REST"},{"data":"Double Energy","floor":32,"key":"SMITH"},{"data":"Panache","floor":40,"key":"SMITH"},{"floor":49,"key":"REST"}],"neow_cost":"","seed_source_timestamp":1197582176862090,"circlet_count":0,"master_deck":["All For One","BootSequence","Coolheaded+1","Gash","Fission+1","Zap","Doom and Gloom","Double Energy+1","Rip and Tear","Sunder","Blizzard+1","Echo Form","Turbo","Defend_B","Genetic Algorithm","Lockon","Hello World","Melter","White Noise","Dualcast","Doom and Gloom","Rainbow","Static Discharge","Lockon","Rainbow","Machine Learning","Strike_B+1","Compile Driver","Aggregate","Defragment+1","Loop","Rebound","Multi-Cast","Rip and Tear","Rainbow","Ball Lightning","Ball Lightning","Static Discharge","Hello World","Storm","Self Repair+1","Heatsinks","Blizzard","Conserve Battery","Rainbow","Compile Driver","Dualcast+1","Cold Snap","Fission+1","Reprogram+1","Cold Snap+1","Ball Lightning","Darkness+1","Enlightenment+1","Hologram+1","Aggregate+1","Secret Weapon+1","Jack Of All Trades+1","Amplify+1","Seek+1","Panache+1","Master of Strategy+1","Master of Strategy+1","Master of Strategy+1","Aggregate+1","Coolheaded+1","Madness+1","Madness+1"],"special_seed":17744,"relics":["Cracked Core","Matryoshka","Nunchaku","MawBank","Dream Catcher","Shuriken","Strawberry","Ornamental Fan","The Courier","Question Card","Bronze Scales","Potion Belt","Pear","Toxic Egg 2","White Beast Statue","Smiling Mask","Lantern","War Paint","Whetstone","Regal Pillow","Blood Vial","Happy Flower","Symbiotic Virus","Tiny Chest","Bottled Lightning","Bag of Preparation","DataDisk","Mercury Hourglass","Juzu Bracelet","Centennial Puzzle","Runic Dome","Vajra","Ancient Tea Set","Pantograph","Pen Nib","Orichalcum","Incense Burner","Art of War","Letter Opener","Oddly Smooth Stone"],"potions_floor_usage":[16,16,16,20,21,21,22,23,23,23,25,33,33,33,41,50,50,50,50],"damage_taken":[{"damage":2,"enemies":"Small Slimes","floor":1,"turns":4},{"damage":1,"enemies":"Jaw Worm","floor":2,"turns":3},{"damage":0,"enemies":"Cultist","floor":3,"turns":3},{"damage":0,"enemies":"Lots of Slimes","floor":4,"turns":2},{"damage":10,"enemies":"Looter","floor":5,"turns":3},{"damage":0,"enemies":"Exordium Wildlife","floor":10,"turns":2},{"damage":7,"enemies":"Exordium Thugs","floor":11,"turns":4},{"damage":8,"enemies":"Looter","floor":12,"turns":4},{"damage":0,"enemies":"2 Fungi Beasts","floor":13,"turns":2},{"damage":16,"enemies":"Exordium Wildlife","floor":14,"turns":3},{"damage":36,"enemies":"The Guardian","floor":16,"turns":7},{"damage":22,"enemies":"Shell Parasite","floor":18,"turns":4},{"damage":15,"enemies":"2 Thieves","floor":19,"turns":3},{"damage":23,"enemies":"Snake Plant","floor":20,"turns":3},{"damage":14,"enemies":"Cultist and Chosen","floor":21,"turns":6},{"damage":34,"enemies":"3 Cultists","floor":22,"turns":5},{"damage":19,"enemies":"Book of Stabbing","floor":23,"turns":4},{"damage":13,"enemies":"Gremlin Leader","floor":25,"turns":8},{"damage":5,"enemies":"Chosen and Byrds","floor":27,"turns":4},{"damage":9,"enemies":"Snake Plant","floor":28,"turns":3},{"damage":2,"enemies":"Snecko","floor":29,"turns":5},{"damage":1,"enemies":"Centurion and Healer","floor":31,"turns":4},{"damage":9,"enemies":"Champ","floor":33,"turns":7},{"damage":2,"enemies":"3 Darklings","floor":35,"turns":3},{"damage":9,"enemies":"Orb Walker","floor":36,"turns":3},{"damage":0,"enemies":"Flame Bruiser 2 Orb","floor":38,"turns":4},{"damage":6,"enemies":"Transient","floor":41,"turns":5},{"damage":32,"floor":44,"turns":3},{"damage":0,"enemies":"Maw","floor":45,"turns":4},{"damage":4,"enemies":"3 Darklings","floor":46,"turns":3},{"damage":2,"enemies":"Donu and Deca","floor":50,"turns":5}],"seed_played":"6799586838915861178","potions_obtained":[{"floor":3,"key":"SkillPotion"},{"floor":10,"key":"Explosive Potion"},{"floor":11,"key":"GamblersBrew"},{"floor":13,"key":"Explosive Potion"},{"floor":14,"key":"Fire Potion"},{"floor":18,"key":"Dexterity Potion"},{"floor":19,"key":"FearPotion"},{"floor":20,"key":"Energy Potion"},{"floor":21,"key":"Energy Potion"},{"floor":22,"key":"Poison Potion"},{"floor":23,"key":"Fire Potion"},{"floor":25,"key":"Regen Potion"},{"floor":27,"key":"LiquidBronze"},{"floor":28,"key":"FearPotion"},{"floor":29,"key":"SpeedPotion"},{"floor":31,"key":"Poison Potion"},{"floor":33,"key":"Energy Potion"},{"floor":35,"key":"Fire Potion"},{"floor":36,"key":"SmokeBomb"},{"floor":38,"key":"Energy Potion"},{"floor":41,"key":"SpeedPotion"},{"floor":44,"key":"EssenceOfSteel"},{"floor":45,"key":"FearPotion"}],"is_trial":false,"path_per_floor":["M","M","M","M","M","R","?","R","T","M","M","M","M","M","R","B",null,"M","M","M","M","M","E","R","E","T","M","M","M","$","M","R","B",null,"M","M","?","M","?","R","M","?","T","?","M","M","$","?","R","B"],"character_chosen":"DEFECT","items_purchased":["Darkness+1","Enlightenment+1","Mercury Hourglass","Hologram+1","Aggregate+1","Secret Weapon+1","Jack Of All Trades+1","Amplify+1","Oddly Smooth Stone","Coolheaded+1"],"campfire_rested":2,"item_purchase_floors":[30,30,30,30,30,30,30,30,47,47],"current_hp_per_floor":[75,74,74,74,64,64,69,69,76,76,87,79,79,73,73,47,97,85,80,57,53,26,7,92,79,79,76,79,79,79,90,90,83,92,92,92,82,92,92,92,92,92,92,60,72,70,70,58,87,85],"gold":0,"neow_bonus":"","is_prod":false,"is_daily":true,"chose_seed":false,"campfire_upgraded":5,"win_rate":0,"timestamp":1533113124,"path_taken":["M","M","M","M","M","R","?","R","T","M","M","M","M","M","R","BOSS","M","M","M","M","M","E","R","E","T","M","M","M","$","M","R","BOSS","M","M","?","M","?","R","M","?","T","?","M","M","$","?","R","BOSS"],"build_version":"2018-07-26","purchased_purges":2,"victory":true,"max_hp_per_floor":[75,75,75,75,75,75,80,80,87,87,87,87,87,97,97,97,97,97,97,97,97,97,97,92,92,92,92,92,92,92,92,92,92,92,92,92,92,92,92,92,92,92,92,92,92,92,92,92,87,87],"card_choices":[{"not_picked":["Multi-Cast","Biased Cognition","Electrodynamics"],"picked":"Fission","floor":16},{"not_picked":["Echo Form","Beam Cell","Blizzard"],"picked":"Reprogram+1","floor":23},{"not_picked":["Stack+1","Storm","Chaos+1"],"picked":"Cold Snap+1","floor":24},{"not_picked":["FTL+1","Blizzard+1","Go for the Eyes"],"picked":"Ball Lightning","floor":25},{"not_picked":["Multi-Cast+1","Creative AI","All For One"],"picked":"Seek+1","floor":33},{"not_picked":["Panacea+1","Trip+1","Dramatic Entrance"],"picked":"Panache","floor":37},{"not_picked":["Flash of Steel","Deep Breath+1","Blind+1"],"picked":"Master of Strategy+1","floor":37},{"not_picked":["Magnetism","Deep Breath+1","Bandage Up+1"],"picked":"Master of Strategy+1","floor":37},{"not_picked":["Beam Cell","Stack+1","Coolheaded+1"],"picked":"Aggregate+1","floor":44}],"player_experience":56823,"relics_obtained":[{"floor":1,"key":"Matryoshka"},{"floor":2,"key":"Nunchaku"},{"floor":3,"key":"MawBank"},{"floor":4,"key":"Dream Catcher"},{"floor":5,"key":"Shuriken"},{"floor":9,"key":"Strawberry"},{"floor":9,"key":"Ornamental Fan"},{"floor":10,"key":"The Courier"},{"floor":11,"key":"Question Card"},{"floor":12,"key":"Bronze Scales"},{"floor":13,"key":"Potion Belt"},{"floor":14,"key":"Pear"},{"floor":16,"key":"Toxic Egg 2"},{"floor":18,"key":"Smiling Mask"},{"floor":19,"key":"Lantern"},{"floor":20,"key":"War Paint"},{"floor":21,"key":"Whetstone"},{"floor":22,"key":"Regal Pillow"},{"floor":23,"key":"Blood Vial"},{"floor":25,"key":"Happy Flower"},{"floor":26,"key":"Symbiotic Virus"},{"floor":26,"key":"Tiny Chest"},{"floor":27,"key":"Bottled Lightning"},{"floor":28,"key":"Bag of Preparation"},{"floor":29,"key":"DataDisk"},{"floor":31,"key":"Juzu Bracelet"},{"floor":33,"key":"Centennial Puzzle"},{"floor":35,"key":"Vajra"},{"floor":36,"key":"Ancient Tea Set"},{"floor":38,"key":"Pantograph"},{"floor":41,"key":"Pen Nib"},{"floor":43,"key":"Orichalcum"},{"floor":44,"key":"Incense Burner"},{"floor":45,"key":"Art of War"},{"floor":46,"key":"Letter Opener"}],"event_choices":[{"event_name":"Big Fish","player_choice":"Donut","floor":7,"damage_taken":0},{"event_name":"SensoryStone","player_choice":"Memory 3","floor":37,"damage_taken":0},{"event_name":"Duplicator","player_choice":"One dupe","floor":39,"damage_taken":0},{"event_name":"Tomb of Lord Red Mask","player_choice":"Ignored","floor":42,"damage_taken":0},{"event_name":"Mysterious Sphere","player_choice":"Fight","floor":44,"damage_taken":0},{"event_name":"Winding Halls","player_choice":"Embrace Madness","floor":48,"damage_taken":0}],"is_beta":false,"boss_relics":[{"not_picked":["Empty Cage","Black Star"],"picked":"White Beast Statue"},{"not_picked":["Fusion Hammer","Sozu"],"picked":"Runic Dome"}],"items_purged_floors":[30,47],"is_endless":false,"potions_floor_spawned":[3,10,11,13,14,18,19,20,21,22,23,25,27,28,29,31,33,35,36,38,41,44,45,46],"ascension_level":0}