{"gold_per_floor":[14,14,24,42,42,68,68,95,95,95],"floor_reached":10,"playtime":241,"items_purged":[],"score":144,"play_id":"d50e5c89-f6e1-4338-b20e-c145bd62324d","local_time":"20190114205816","is_ascension_mode":true,"campfire_choices":[{"data":"Noxious Fumes","floor":7,"key":"SMITH"}],"neow_cost":"NO_GOLD","seed_source_timestamp":9699137982122,"circlet_count":0,"master_deck":["AscendersBane","Defend_G","Defend_G","Defend_G","Defend_G","Defend_G","Strike_G","Strike_G","Survivor","Neutralize","Noxious Fumes+1","Skewer","Crippling Poison","Escape Plan","Caltrops"],"relics":["Ring of the Snake","Bottled Tornado","Gremlin Horn","Toxic Egg 2"],"potions_floor_usage":[8],"damage_taken":[{"damage":4,"enemies":"Jaw Worm","floor":1,"turns":5},{"damage":4,"enemies":"Small Slimes","floor":3,"turns":4},{"damage":0,"enemies":"Cultist","floor":4,"turns":3},{"damage":12,"enemies":"Lagavulin","floor":6,"turns":9},{"damage":24,"enemies":"Gremlin Nob","floor":8,"turns":5},{"damage":9,"enemies":"Large Slime","floor":10,"turns":2}],"seed_played":"-3147387026120787066","potions_obtained":[{"floor":1,"key":"SpeedPotion"}],"is_trial":false,"path_per_floor":["M","?","M","M","?","E","R","E","T","M"],"character_chosen":"THE_SILENT","items_purchased":[],"campfire_rested":0,"item_purchase_floors":[],"current_hp_per_floor":[55,55,51,51,44,32,32,8,8,0],"gold":95,"neow_bonus":"TRANSFORM_TWO_CARDS","is_prod":false,"is_daily":false,"chose_seed":false,"campfire_upgraded":1,"win_rate":0,"timestamp":1547499496,"path_taken":["M","?","M","M","?","E","R","E","T","M"],"build_version":"2019-01-10","purchased_purges":0,"victory":false,"max_hp_per_floor":[66,66,66,66,66,66,66,66,66,66],"card_choices":[{"not_picked":["Bane","Blade Dance"],"picked":"Crippling Poison","floor":1},{"not_picked":["Setup","Well Laid Plans"],"picked":"Escape Plan","floor":3},{"not_picked":["Prepared","Choke","Expertise"],"picked":"SKIP","floor":4},{"not_picked":["Expertise","Skewer","Riddle With Holes"],"picked":"SKIP","floor":6},{"not_picked":["Predator","PiercingWail"],"picked":"Caltrops","floor":8}],"player_experience":390786,"relics_obtained":[{"floor":6,"key":"Bottled Tornado"},{"floor":8,"key":"Gremlin Horn"},{"floor":9,"key":"Toxic Egg 2"}],"event_choices":[{"damage_healed":0,"gold_gain":0,"player_choice":"Ignored","damage_taken":0,"max_hp_gain":0,"max_hp_loss":0,"event_name":"Golden Idol","floor":2,"gold_loss":0},{"cards_removed":["Strike_G"],"damage_healed":0,"gold_gain":0,"player_choice":"Card Removal","damage_taken":7,"max_hp_gain":0,"max_hp_loss":0,"event_name":"Golden Wing","floor":5,"gold_loss":0}],"is_beta":false,"boss_relics":[],"items_purged_floors":[],"is_endless":false,"potions_floor_spawned":[1],"killed_by":"Large Slime","ascension_level":18}