{"gold_per_floor":[113,188,34,44,60,60,88,88,135,135,135,145,66,21,21,21],"floor_reached":16,"playtime":314,"items_purged":["Strike_R"],"score":167,"play_id":"1c376473-e80e-45a0-be69-abf45b2ccd6d","local_time":"20181212230734","is_ascension_mode":true,"campfire_choices":[{"data":"Warcry","floor":6,"key":"SMITH"},{"floor":10,"key":"REST"},{"data":"True Grit","floor":15,"key":"SMITH"}],"neow_cost":"NONE","seed_source_timestamp":16987586749310,"circlet_count":0,"master_deck":["AscendersBane","Strike_R+1","Strike_R","Strike_R","Strike_R","Defend_R","Defend_R","Defend_R","Defend_R","Bash","Cleave","Dropkick","Thunderclap+1","Warcry+1","Bloodletting","Feel No Pain","Rupture","True Grit+1"],"relics":["Runic Cube","Boot","Whetstone"],"potions_floor_usage":[5],"damage_taken":[{"damage":5,"enemies":"Small Slimes","floor":1,"turns":6},{"damage":4,"enemies":"2 Louse","floor":4,"turns":2},{"damage":1,"enemies":"Cultist","floor":5,"turns":3},{"damage":20,"enemies":"Gremlin Nob","floor":7,"turns":4},{"damage":5,"enemies":"2 Fungi Beasts","floor":12,"turns":3},{"damage":52,"enemies":"Hexaghost","floor":16,"turns":9}],"seed_played":"-1692774298137541152","potions_obtained":[{"floor":4,"key":"GamblersBrew"},{"floor":12,"key":"FearPotion"}],"is_trial":false,"path_per_floor":["M","?","$","M","M","R","E","?","T","R","?","M","$","$","R","B"],"character_chosen":"IRONCLAD","items_purchased":["Dropkick","Rupture","True Grit"],"campfire_rested":1,"item_purchase_floors":[3,13,14],"current_hp_per_floor":[63,52,52,48,47,47,27,27,27,49,54,49,49,49,49,0],"gold":21,"neow_bonus":"BOSS_RELIC","is_prod":false,"is_daily":false,"chose_seed":false,"campfire_upgraded":2,"win_rate":0,"timestamp":1544656054,"path_taken":["M","?","$","M","M","R","E","?","T","R","?","M","?","$","R","BOSS"],"build_version":"2018-12-06","purchased_purges":1,"victory":false,"max_hp_per_floor":[75,75,75,75,75,75,75,75,75,75,80,80,80,80,80,80],"card_choices":[{"not_picked":["Iron Wave","Clothesline"],"picked":"Cleave","floor":1},{"not_picked":["True Grit","Intimidate"],"picked":"Thunderclap","floor":4},{"not_picked":["Pommel Strike","Body Slam"],"picked":"Warcry","floor":5},{"not_picked":["Flex","Bludgeon"],"picked":"Bloodletting","floor":7},{"not_picked":["Twin Strike","Headbutt"],"picked":"Feel No Pain","floor":12}],"player_experience":261624,"relics_obtained":[{"floor":7,"key":"Boot"},{"floor":9,"key":"Whetstone"}],"event_choices":[{"damage_healed":0,"gold_gain":75,"player_choice":"Gather Gold","damage_taken":11,"max_hp_gain":0,"max_hp_loss":0,"event_name":"World of Goop","floor":2,"gold_loss":0},{"damage_healed":0,"gold_gain":0,"player_choice":"Searched \u00270\u0027 times","damage_taken":0,"max_hp_gain":0,"max_hp_loss":0,"event_name":"Dead Adventurer","floor":8,"gold_loss":0},{"damage_healed":0,"gold_gain":0,"player_choice":"Donut","damage_taken":0,"max_hp_gain":5,"max_hp_loss":0,"event_name":"Big Fish","floor":11,"gold_loss":0}],"is_beta":false,"boss_relics":[],"items_purged_floors":[3],"is_endless":false,"potions_floor_spawned":[4,12],"killed_by":"Hexaghost","ascension_level":14}