{"gold_per_floor":[211,286,306,316,149,183,183,183,183,183,283,294,305,333,333,436,436,446,446,371,389,304,304,320,350,373,197,197,221,221,240,240,336,336,346,360,94,113,40,73,73,88,88,88,88,88,42,58,58,58],"floor_reached":51,"playtime":1742,"items_purged":["Strike_B","Strike_B+1","Zap"],"score":1360,"play_id":"7508b8ca-77f9-4e75-801d-5e38f4bf3c1b","local_time":"20181102222207","is_ascension_mode":true,"campfire_choices":[{"floor":7,"key":"REST"},{"data":"Coolheaded","floor":10,"key":"SMITH"},{"data":"Hologram","floor":15,"key":"SMITH"},{"data":"Buffer","floor":23,"key":"SMITH"},{"floor":28,"key":"REST"},{"floor":32,"key":"REST"},{"data":"Seek","floor":45,"key":"SMITH"},{"data":"Gash","floor":49,"key":"SMITH"}],"neow_cost":"NONE","seed_source_timestamp":6005133546146,"circlet_count":0,"master_deck":["AscendersBane","Defend_B+1","Defend_B+1","Defend_B+1","Defend_B+1","Dualcast+1","White Noise+1","Gash+1","Coolheaded+1","Flash of Steel+1","FTL+1","All For One+1","Go for the Eyes+1","Gash+1","Hologram+1","Buffer+1","White Noise+1","Buffer+1","FTL+1","Coolheaded+1","Scrape+1","White Noise+1","Fission+1","Gash+1","Gash+1","Glacier+1","Seek+1","Skim+1","Defragment+1","Gash+1","Gash+1"],"relics":["FrozenCore","Prayer Wheel","Gremlin Horn","Strawberry","Nuclear Battery","Art of War","Ornamental Fan","Boot","Blood Vial","Question Card","Bottled Lightning","Mark of the Bloom"],"potions_floor_usage":[5,6,13,35,50],"damage_taken":[{"damage":2,"enemies":"Jaw Worm","floor":1,"turns":3},{"damage":5,"enemies":"Cultist","floor":3,"turns":4},{"damage":7,"enemies":"2 Louse","floor":4,"turns":3},{"damage":18,"enemies":"3 Sentries","floor":6,"turns":5},{"damage":3,"enemies":"Looter","floor":12,"turns":4},{"damage":2,"enemies":"Red Slaver","floor":13,"turns":3},{"damage":11,"enemies":"Lagavulin","floor":14,"turns":4},{"damage":40,"enemies":"Hexaghost","floor":16,"turns":10},{"damage":12,"enemies":"3 Byrds","floor":18,"turns":3},{"damage":11,"enemies":"2 Thieves","floor":21,"turns":4},{"damage":0,"enemies":"Centurion and Healer","floor":24,"turns":6},{"damage":32,"enemies":"Book of Stabbing","floor":25,"turns":6},{"damage":4,"enemies":"Shelled Parasite and Fungi","floor":31,"turns":2},{"damage":0,"enemies":"Collector","floor":33,"turns":10},{"damage":9,"enemies":"3 Darklings","floor":35,"turns":5},{"damage":12,"enemies":"Orb Walker","floor":36,"turns":4},{"damage":22,"enemies":"4 Shapes","floor":38,"turns":4},{"damage":0,"enemies":"Reptomancer","floor":40,"turns":3},{"damage":0,"enemies":"Transient","floor":42,"turns":5},{"damage":0,"enemies":"3 Darklings","floor":48,"turns":2},{"damage":0,"enemies":"Awakened One","floor":50,"turns":8}],"seed_played":"-4183944840668037038","potions_obtained":[{"floor":1,"key":"AttackPotion"},{"floor":4,"key":"Fruit Juice"},{"floor":6,"key":"GamblersBrew"},{"floor":25,"key":"FocusPotion"},{"floor":31,"key":"FearPotion"},{"floor":33,"key":"SkillPotion"},{"floor":38,"key":"Ancient Potion"},{"floor":40,"key":"Block Potion"}],"is_trial":false,"path_per_floor":["M","?","M","M","$","E","R","?","T","R","?","M","M","E","R","B",null,"M","?","?","M","?","R","M","E","T","$","R","T","?","M","R","B",null,"M","M","$","M","$","E","?","M","T","?","R","?","$","M","R","B",null],"character_chosen":"DEFECT","items_purchased":["Flash of Steel","Scrape","Glacier","FTL","Skim","Gash"],"campfire_rested":3,"item_purchase_floors":[5,27,37,37,39,47],"current_hp_per_floor":[66,59,54,47,52,34,58,58,58,58,58,55,53,49,49,9,68,56,56,56,45,45,45,45,13,13,13,39,39,39,37,63,65,82,75,65,65,45,45,47,47,49,49,49,49,49,49,49,49,49],"gold":58,"neow_bonus":"HUNDRED_GOLD","is_prod":false,"is_daily":false,"chose_seed":false,"campfire_upgraded":5,"win_rate":0,"timestamp":1541197327,"path_taken":["M","?","?","M","$","E","R","?","T","R","?","M","?","E","R","BOSS","M","?","?","M","?","R","M","E","T","$","R","?","?","M","R","BOSS","M","M","$","M","$","E","?","M","T","?","R","?","?","M","R","BOSS"],"build_version":"2018-11-01","purchased_purges":3,"victory":true,"max_hp_per_floor":[75,75,75,75,80,80,80,80,80,80,80,80,80,87,87,87,87,87,87,87,87,87,87,87,87,87,87,87,87,87,87,87,87,87,87,87,87,87,87,87,87,87,87,87,87,87,87,87,87,87],"card_choices":[{"not_picked":["Lockon","BootSequence"],"picked":"White Noise","floor":1},{"not_picked":["Barrage","Go for the Eyes"],"picked":"Gash","floor":3},{"not_picked":["Hello World","Ball Lightning"],"picked":"Coolheaded","floor":4},{"not_picked":["Double Energy","Aggregate"],"picked":"FTL","floor":6},{"not_picked":["Self Repair","Redo"],"picked":"All For One","floor":12},{"not_picked":["Turbo","Loop"],"picked":"Go for the Eyes","floor":12},{"not_picked":["Coolheaded","Hologram"],"picked":"Gash","floor":13},{"not_picked":["Turbo","Cold Snap","Beam Cell"],"picked":"SKIP","floor":13},{"not_picked":["White Noise","Leap"],"picked":"Hologram","floor":14},{"not_picked":["Biased Cognition","Meteor Strike"],"picked":"Buffer","floor":16},{"not_picked":["Streamline","Sweeping Beam"],"picked":"White Noise","floor":18},{"not_picked":["Redo","Barrage+1"],"picked":"Buffer","floor":18},{"not_picked":["Ball Lightning","Compile Driver"],"picked":"FTL","floor":21},{"not_picked":["Blizzard","Conserve Battery","Stack"],"picked":"SKIP","floor":21},{"not_picked":["Machine Learning","Rip and Tear"],"picked":"Coolheaded","floor":24},{"not_picked":["Aggregate","Sunder+1","Sweeping Beam"],"picked":"SKIP","floor":24},{"not_picked":["Conserve Battery","Lockon","Undo"],"picked":"SKIP","floor":25},{"not_picked":["Stack","Cold Snap+1"],"picked":"White Noise+1","floor":31},{"not_picked":["Stack","Ball Lightning","Reinforced Body"],"picked":"SKIP","floor":31},{"not_picked":["Buffer","Creative AI"],"picked":"Fission","floor":33},{"not_picked":["Darkness","Rebound"],"picked":"Gash","floor":35},{"not_picked":["Stack","Leap","Hologram"],"picked":"SKIP","floor":35},{"not_picked":["Turbo","Hello World"],"picked":"Gash+1","floor":36},{"not_picked":["Sweeping Beam","Compile Driver+1","Hologram+1"],"picked":"SKIP","floor":36},{"not_picked":["Consume","Gash"],"picked":"Seek","floor":38},{"not_picked":["Heatsinks","Ball Lightning","Double Energy"],"picked":"SKIP","floor":38},{"not_picked":["Storm","Steam"],"picked":"Defragment+1","floor":40},{"not_picked":["Glacier+1","Stack","Static Discharge"],"picked":"Gash+1","floor":42},{"not_picked":["Coolheaded","Conserve Battery","Hello World","Chill"],"picked":"SKIP","floor":42},{"not_picked":["Conserve Battery","Leap","Coolheaded","Barrage"],"picked":"SKIP","floor":48},{"not_picked":["Beam Cell","Stack","Chaos","Redo"],"picked":"SKIP","floor":48}],"player_experience":101996,"relics_obtained":[{"floor":6,"key":"Prayer Wheel"},{"floor":9,"key":"Gremlin Horn"},{"floor":14,"key":"Strawberry"},{"floor":25,"key":"Ornamental Fan"},{"floor":26,"key":"Boot"},{"floor":29,"key":"Blood Vial"},{"floor":40,"key":"Question Card"},{"floor":43,"key":"Bottled Lightning"}],"event_choices":[{"damage_healed":0,"gold_gain":75,"player_choice":"Touch","damage_taken":7,"max_hp_gain":0,"max_hp_loss":0,"event_name":"FaceTrader","floor":2,"gold_loss":0},{"cards_removed":["Strike_B"],"damage_healed":0,"gold_gain":0,"player_choice":"Forget","damage_taken":0,"max_hp_gain":0,"max_hp_loss":0,"event_name":"Living Wall","floor":8,"gold_loss":0},{"damage_healed":0,"gold_gain":100,"player_choice":"Pray","damage_taken":0,"max_hp_gain":0,"max_hp_loss":0,"event_name":"Golden Shrine","floor":11,"gold_loss":0},{"damage_healed":0,"gold_gain":0,"player_choice":"Simplicity","damage_taken":0,"max_hp_gain":0,"max_hp_loss":0,"event_name":"Back to Basics","floor":19,"gold_loss":0,"cards_upgraded":["Strike_B","Strike_B","Defend_B","Defend_B","Defend_B","Defend_B"]},{"cards_removed":["Strike_B"],"damage_healed":0,"gold_gain":0,"player_choice":"Gave Gold","damage_taken":0,"max_hp_gain":0,"max_hp_loss":0,"event_name":"Beggar","floor":20,"gold_loss":75},{"damage_healed":0,"gold_gain":0,"player_choice":"Obtained Relic","damage_taken":0,"relics_obtained":["Art of War"],"max_hp_gain":0,"max_hp_loss":0,"event_name":"Addict","floor":22,"gold_loss":85},{"damage_healed":0,"gold_gain":0,"player_choice":"Ignored","damage_taken":0,"max_hp_gain":0,"max_hp_loss":0,"event_name":"Ghosts","floor":30,"gold_loss":0},{"cards_removed":["FTL"],"damage_healed":0,"gold_gain":0,"player_choice":"Removed Attack","damage_taken":0,"max_hp_gain":0,"max_hp_loss":0,"event_name":"Falling","floor":41,"gold_loss":0},{"damage_healed":0,"gold_gain":0,"player_choice":"Memory 1","damage_taken":0,"max_hp_gain":0,"max_hp_loss":0,"event_name":"SensoryStone","floor":44,"gold_loss":0},{"damage_healed":0,"gold_gain":0,"player_choice":"Upgrade","damage_taken":0,"relics_obtained":["Mark of the Bloom"],"max_hp_gain":0,"max_hp_loss":0,"event_name":"MindBloom","floor":46,"gold_loss":0,"cards_upgraded":["Dualcast","White Noise","Gash","Flash of Steel","FTL","All For One","Go for the Eyes","Gash","White Noise","Buffer","FTL","Coolheaded","Scrape","Fission","Gash","Glacier","Skim"]}],"is_beta":false,"boss_relics":[{"not_picked":["Ectoplasm","Orrery"],"picked":"Nuclear Battery"},{"not_picked":["Busted Crown","Velvet Choker"],"picked":"FrozenCore"}],"items_purged_floors":[5,27,37],"is_endless":false,"potions_floor_spawned":[1,4,6,25,31,33,38,40],"ascension_level":12}