{"gold_per_floor":[119,44,44,67,92,127,127,127,150,171,191,209,209,109,109,238,238,258,277,277,118,118,118],"floor_reached":23,"playtime":604,"items_purged":["Strike_B","Parasite","Strike_B"],"score":220,"play_id":"08df662a-4a14-411b-86bc-2cdc7ed555bb","local_time":"20180921235336","is_ascension_mode":true,"campfire_choices":[{"data":"Beam Cell","floor":7,"key":"SMITH"},{"data":"Hologram","floor":13,"key":"SMITH"},{"data":"Zap","floor":15,"key":"SMITH"}],"neow_cost":"NONE","seed_source_timestamp":21808955065144,"circlet_count":0,"master_deck":["Strike_B","Strike_B","Defend_B+1","Defend_B","Defend_B","Defend_B","Zap+1","Dualcast+1","Beam Cell+1","Gash","Cold Snap","Hologram+1","Fission","Gash","Glacier"],"relics":["Cracked Core","Strawberry","Golden Idol","War Paint","Anchor","Runic Pyramid"],"potions_floor_usage":[18],"damage_taken":[{"damage":2,"enemies":"Jaw Worm","floor":1,"turns":3},{"damage":4,"enemies":"Small Slimes","floor":4,"turns":3},{"damage":0,"enemies":"2 Louse","floor":5,"turns":2},{"damage":20,"enemies":"Lagavulin","floor":6,"turns":7},{"damage":0,"enemies":"Exordium Wildlife","floor":10,"turns":3},{"damage":0,"enemies":"Blue Slaver","floor":11,"turns":2},{"damage":0,"enemies":"Looter","floor":12,"turns":2},{"damage":30,"enemies":"The Guardian","floor":16,"turns":10},{"damage":8,"enemies":"3 Byrds","floor":18,"turns":6},{"damage":14,"enemies":"Spheric Guardian","floor":19,"turns":6},{"damage":51,"enemies":"Gremlin Leader","floor":23,"turns":7}],"seed_played":"9180550332560092881","potions_obtained":[{"floor":4,"key":"LiquidBronze"},{"floor":6,"key":"FearPotion"},{"floor":11,"key":"GamblersBrew"}],"is_trial":false,"path_per_floor":["M","$","?","M","M","E","R","?","T","M","M","M","R","$","R","B",null,"M","M","?","$","?"],"character_chosen":"DEFECT","items_purchased":["Glacier"],"campfire_rested":0,"item_purchase_floors":[21],"current_hp_per_floor":[80,80,76,72,72,52,52,71,71,71,71,71,71,71,71,41,73,65,51,51,51,51,0],"gold":118,"neow_bonus":"RANDOM_COMMON_RELIC","is_prod":false,"is_daily":false,"chose_seed":false,"campfire_upgraded":3,"win_rate":0,"timestamp":1537570416,"path_taken":["M","$","?","M","M","E","R","?","T","M","?","M","R","?","R","BOSS","M","M","?","$","?","E"],"build_version":"2018-09-20","purchased_purges":3,"victory":false,"max_hp_per_floor":[82,82,76,76,76,76,76,76,76,76,76,76,76,73,73,73,73,73,73,73,73,73,73],"card_choices":[{"not_picked":["Redo","Undo"],"picked":"Beam Cell","floor":1},{"not_picked":["Go for the Eyes","Sweeping Beam"],"picked":"Gash","floor":4},{"not_picked":["Static Discharge","Streamline","Steam"],"picked":"SKIP","floor":5},{"not_picked":["Redo","Steam","Aggregate"],"picked":"SKIP","floor":6},{"not_picked":["Machine Learning","Chill"],"picked":"Cold Snap","floor":10},{"not_picked":["Stack","Sweeping Beam","Coolheaded"],"picked":"SKIP","floor":11},{"not_picked":["Coolheaded","Streamline"],"picked":"Hologram","floor":12},{"not_picked":["Buffer","Hyperbeam"],"picked":"Fission","floor":16},{"not_picked":["Leap","Storm","Coolheaded"],"picked":"SKIP","floor":18},{"not_picked":["Beam Cell","Streamline","Compile Driver"],"picked":"SKIP","floor":19}],"player_experience":37500,"relics_obtained":[{"floor":6,"key":"War Paint"},{"floor":9,"key":"Anchor"}],"event_choices":[{"event_name":"Golden Idol","player_choice":"Lose Max HP","floor":3,"damage_taken":0},{"event_name":"Mushrooms","player_choice":"Healed and dodged fight","floor":8,"damage_taken":0},{"event_name":"The Library","player_choice":"Read","floor":20,"damage_taken":0},{"event_name":"Ghosts","player_choice":"Ignored","floor":22,"damage_taken":0}],"is_beta":false,"boss_relics":[{"not_picked":["Calling Bell","Busted Crown"],"picked":"Runic Pyramid"}],"items_purged_floors":[2,14,21],"is_endless":false,"potions_floor_spawned":[4,6,11],"killed_by":"Gremlin Leader","ascension_level":3}