{"gold_per_floor":[113,113,188,30,40,40,74,74,144,179,197,214,33,33,33,138,138,153,19,29,29,41,41,57,17,17,17,37,13,31,45,45,45],"floor_reached":33,"playtime":1384,"items_purged":["Strike_G","Strike_G"],"score":386,"play_id":"bd46add9-83a4-450c-abee-0be1e650bcbb","local_time":"20181201181953","is_ascension_mode":true,"campfire_choices":[{"data":"Cloak And Dagger","floor":6,"key":"SMITH"},{"floor":8,"key":"REST"},{"floor":15,"key":"REST"},{"data":"Adrenaline","floor":23,"key":"SMITH"},{"floor":27,"key":"REST"},{"floor":32,"key":"REST"}],"neow_cost":"NONE","seed_source_timestamp":781248108980,"circlet_count":0,"master_deck":["AscendersBane","Defend_G","Defend_G","Defend_G","Defend_G","Defend_G","Strike_G","Strike_G","Strike_G","Survivor","Neutralize+1","Dagger Throw","Trip","Cloak And Dagger+1","Escape Plan","Die Die Die","Leg Sweep","Accuracy","Adrenaline+1","Footwork","Finesse","Dagger Spray+1","Caltrops","Accuracy+1","Backflip","A Thousand Cuts","Well Laid Plans","PiercingWail"],"relics":["Ring of the Snake","Centennial Puzzle","Dodecahedron","Happy Flower","Philosopher\u0027s Stone","Prayer Wheel"],"potions_floor_usage":[18,33,33],"damage_taken":[{"damage":6,"enemies":"2 Louse","floor":1,"turns":3},{"damage":0,"enemies":"Jaw Worm","floor":5,"turns":2},{"damage":41,"enemies":"Gremlin Nob","floor":7,"turns":5},{"damage":9,"enemies":"Lagavulin","floor":10,"turns":7},{"damage":0,"enemies":"Cultist","floor":11,"turns":3},{"damage":0,"enemies":"Blue Slaver","floor":12,"turns":3},{"damage":21,"enemies":"The Guardian","floor":16,"turns":14},{"damage":7,"enemies":"3 Byrds","floor":18,"turns":6},{"damage":4,"enemies":"Spheric Guardian","floor":20,"turns":6},{"damage":10,"enemies":"Colosseum Slavers","floor":21,"turns":5},{"damage":18,"enemies":"3 Cultists","floor":22,"turns":7},{"damage":11,"enemies":"Shelled Parasite and Fungi","floor":24,"turns":3},{"damage":2,"enemies":"Snake Plant","floor":28,"turns":5},{"damage":3,"enemies":"Chosen and Byrds","floor":30,"turns":4},{"damage":18,"enemies":"Shelled Parasite and Fungi","floor":31,"turns":5},{"damage":37,"enemies":"Collector","floor":33,"turns":6}],"seed_played":"7103546047163361549","potions_obtained":[{"floor":5,"key":"Dexterity Potion"},{"floor":11,"key":"Swift Potion"},{"floor":12,"key":"Ancient Potion"},{"floor":22,"key":"Swift Potion"},{"floor":25,"key":"SkillPotion"}],"is_trial":false,"path_per_floor":["M","?","?","$","M","R","E","R","T","E","M","M","$","?","R","B",null,"M","$","M","?","M","R","M","?","T","R","M","$","M","M","R","B"],"character_chosen":"THE_SILENT","items_purchased":["Trip","Accuracy","Footwork","Finesse","Backflip"],"campfire_rested":4,"item_purchase_floors":[4,13,19,19,29],"current_hp_per_floor":[57,57,46,46,46,46,5,26,26,17,17,17,17,40,61,40,63,56,56,52,42,24,24,13,13,13,34,32,32,29,11,32,0],"gold":45,"neow_bonus":"UPGRADE_CARD","is_prod":false,"is_daily":false,"chose_seed":false,"campfire_upgraded":2,"win_rate":0,"timestamp":1543688393,"path_taken":["M","?","?","$","M","R","E","R","T","E","M","M","$","?","R","BOSS","M","$","M","?","M","R","M","?","T","R","M","$","M","M","R","BOSS"],"build_version":"2018-11-15","purchased_purges":2,"victory":false,"max_hp_per_floor":[70,70,70,70,70,70,70,70,70,70,70,70,70,70,70,70,70,70,70,70,70,70,70,70,70,70,70,70,70,70,70,70,70],"card_choices":[{"not_picked":["Underhanded Strike","Distraction"],"picked":"Dagger Throw","floor":1},{"not_picked":["Quick Slash","Underhanded Strike"],"picked":"Cloak And Dagger","floor":5},{"not_picked":["Distraction","Deadly Poison","Reflex"],"picked":"SKIP","floor":7},{"not_picked":["PiercingWail","Quick Slash"],"picked":"Escape Plan","floor":10},{"not_picked":["Catalyst","Concentrate"],"picked":"Die Die Die","floor":11},{"not_picked":["Quick Slash","Predator"],"picked":"Leg Sweep","floor":12},{"not_picked":["Glass Knife","Bullet Time"],"picked":"Adrenaline","floor":16},{"not_picked":["Quick Slash","Riddle With Holes","Flechettes"],"picked":"SKIP","floor":18},{"not_picked":["Dagger Throw","Calculated Gamble","Outmaneuver"],"picked":"SKIP","floor":20},{"not_picked":["Flying Knee+1","Deadly Poison"],"picked":"Dagger Spray+1","floor":22},{"not_picked":["Underhanded Strike","Prepared"],"picked":"Caltrops","floor":24},{"not_picked":["Underhanded Strike","Heel Hook"],"picked":"Accuracy+1","floor":28},{"not_picked":["Catalyst","Dodge and Roll","Bane"],"picked":"SKIP","floor":28},{"not_picked":["Endless Agony","Slice"],"picked":"A Thousand Cuts","floor":30},{"not_picked":["Setup","Outmaneuver"],"picked":"Well Laid Plans","floor":30},{"not_picked":["Prepared+1","Flying Knee+1"],"picked":"PiercingWail","floor":31},{"not_picked":["Dagger Throw","Wraith Form v2","Slice+1"],"picked":"SKIP","floor":31}],"player_experience":231512,"relics_obtained":[{"floor":7,"key":"Centennial Puzzle"},{"floor":9,"key":"Dodecahedron"},{"floor":10,"key":"Happy Flower"},{"floor":26,"key":"Prayer Wheel"}],"event_choices":[{"damage_healed":0,"gold_gain":0,"player_choice":"Ignored","damage_taken":0,"max_hp_gain":0,"max_hp_loss":0,"event_name":"Liars Game","floor":2,"gold_loss":0},{"damage_healed":0,"gold_gain":75,"player_choice":"Gather Gold","damage_taken":11,"max_hp_gain":0,"max_hp_loss":0,"event_name":"World of Goop","floor":3,"gold_loss":0},{"damage_healed":23,"gold_gain":0,"player_choice":"Banana","damage_taken":0,"max_hp_gain":0,"max_hp_loss":0,"event_name":"Big Fish","floor":14,"gold_loss":0},{"damage_healed":0,"gold_gain":0,"player_choice":"Fight","damage_taken":0,"max_hp_gain":0,"max_hp_loss":0,"event_name":"Colosseum","floor":21,"gold_loss":0},{"damage_healed":0,"gold_gain":0,"player_choice":"Fled From Nobs","damage_taken":0,"max_hp_gain":0,"max_hp_loss":0,"event_name":"Colosseum","floor":21,"gold_loss":0},{"damage_healed":0,"gold_gain":0,"player_choice":"Bought 3 Potions","damage_taken":0,"max_hp_gain":0,"max_hp_loss":0,"event_name":"The Woman in Blue","floor":25,"gold_loss":0}],"is_beta":false,"boss_relics":[{"not_picked":["Coffee Dripper","Ectoplasm"],"picked":"Philosopher\u0027s Stone"}],"items_purged_floors":[4,13],"is_endless":false,"potions_floor_spawned":[5,11,12,22,24,28],"killed_by":"Collector","ascension_level":10}