{"gold_per_floor":[19,119,1,1,1,1,18,18,71,104,123,174,190,208,208,280,280,292,134,134,154,154,154,173,173,173,98,129,4,4,16,16,87,87,100,100,100,100,116,141,21,35,35,35,35,35,35,50,50,50],"floor_reached":51,"playtime":2092,"items_purged":["Strike_G","Strike_G","Defend_G","Defend_G"],"score":1261,"play_id":"db7caf68-0bea-440c-85b0-f64381dc2664","local_time":"20190114201753","is_ascension_mode":true,"campfire_choices":[{"data":"Deadly Poison","floor":6.0,"key":"SMITH"},{"data":"Well Laid Plans","floor":15.0,"key":"SMITH"},{"data":"Neutralize","floor":23.0,"key":"SMITH"},{"floor":25.0,"key":"REST"},{"floor":30.0,"key":"REST"},{"floor":32.0,"key":"REST"},{"data":"Noxious Fumes","floor":44,"key":"SMITH"},{"data":"Bouncing Flask","floor":46,"key":"SMITH"},{"data":"Deadly Poison","floor":49,"key":"SMITH"}],"neow_cost":"NO_GOLD","seed_source_timestamp":0,"circlet_count":0,"master_deck":["AscendersBane","Defend_G","Defend_G","Defend_G","Survivor","Neutralize+1","Deadly Poison+1","Well Laid Plans+1","Calculated Gamble","Backflip","Caltrops","Backstab","After Image","Escape Plan","Sucker Punch","Noxious Fumes+1","Bouncing Flask+1","PiercingWail","Backflip","Footwork","Adrenaline","Dash+1","Bouncing Flask+1","Poisoned Stab+1","Deadly Poison+1"],"special_seed":0,"relics":["Ring of the Snake","Thread and Needle","Blood Vial","Paper Crane","Anchor","Sozu","Molten Egg 2","Ancient Tea Set","Eternal Feather","The Courier","Mercury Hourglass"],"potions_floor_usage":[],"damage_taken":[{"damage":3.0,"enemies":"Small Slimes","floor":1.0,"turns":5.0},{"damage":0.0,"enemies":"Cultist","floor":7.0,"turns":4.0},{"damage":14.0,"enemies":"Lagavulin","floor":10.0,"turns":7.0},{"damage":5.0,"enemies":"2 Louse","floor":11.0,"turns":3.0},{"damage":0.0,"enemies":"Looter","floor":13.0,"turns":4.0},{"damage":0.0,"enemies":"3 Louse","floor":14.0,"turns":5.0},{"damage":12.0,"enemies":"The Guardian","floor":16.0,"turns":11.0},{"damage":0.0,"enemies":"3 Byrds","floor":18.0,"turns":3.0},{"damage":0.0,"enemies":"Shell Parasite","floor":21.0,"turns":5.0},{"damage":54.0,"enemies":"Cultist and Chosen","floor":24.0,"turns":7.0},{"damage":26.0,"enemies":"Gremlin Leader","floor":28.0,"turns":7.0},{"damage":0.0,"enemies":"Shelled Parasite and Fungi","floor":31.0,"turns":5.0},{"damage":4.0,"enemies":"Champ","floor":33.0,"turns":12.0},{"damage":0,"enemies":"3 Darklings","floor":35,"turns":12},{"damage":0,"enemies":"3 Shapes","floor":39,"turns":7},{"damage":19,"enemies":"Nemesis","floor":40,"turns":9},{"damage":0,"enemies":"Spire Growth","floor":42,"turns":6},{"damage":0,"enemies":"Transient","floor":48,"turns":6},{"damage":20,"enemies":"Time Eater","floor":50,"turns":12}],"seed_played":"1495835545609740288","potions_obtained":[{"floor":1.0,"key":"GamblersBrew"},{"floor":11.0,"key":"Swift Potion"},{"floor":13.0,"key":"SkillPotion"},{"floor":14.0,"key":"Block Potion"}],"is_trial":false,"path_per_floor":["M","?","$","?","?","R","M","?","T","E","M","T","M","M","R","B",null,"M","$","?","M","?","R","M","R","T","?","E","$","R","M","R","B",null,"M","?","?","?","M","E","$","M","T","R","$","R","$","M","R","B",null],"character_chosen":"THE_SILENT","items_purchased":["Well Laid Plans","Sucker Punch"],"campfire_rested":3,"item_purchase_floors":[3,19],"current_hp_per_floor":[56,56,56,49,49,49,49,49,49,37,34,34,36,38,38,28,57,59,59,59,61,61,61,9,28,28,28,4,4,23,25,44,42,60,62,62,62,62,63,44,44,46,46,58,58,63,63,63,63,43],"gold":50,"neow_bonus":"ONE_RARE_RELIC","is_prod":false,"is_daily":false,"chose_seed":false,"campfire_upgraded":6,"win_rate":0,"timestamp":1547497073,"path_taken":["M","?","?","?","?","R","M","?","T","E","?","?","?","M","R","BOSS","M","$","?","M","?","R","M","R","T","?","E","$","R","M","R","BOSS","M","?","?","?","M","E","?","M","T","R","$","R","$","M","R","BOSS"],"build_version":"2019-01-10","purchased_purges":4,"victory":true,"max_hp_per_floor":[66,66,66,66,66,66,66,66,66,66,66,66,66,66,66,66,66,66,66,66,66,66,66,66,66,66,66,66,66,66,66,66,66,66,66,66,66,63,63,63,63,63,63,63,63,63,63,63,63,63],"card_choices":[{"not_picked":["Sucker Punch","Distraction"],"picked":"Deadly Poison","floor":1.0},{"not_picked":["Well Laid Plans","Outmaneuver","Underhanded Strike"],"picked":"SKIP","floor":7.0},{"not_picked":["Dash","Prepared"],"picked":"Calculated Gamble","floor":10.0},{"not_picked":["Sucker Punch","Bouncing Flask"],"picked":"Backflip","floor":11.0},{"not_picked":["Tactician","Predator"],"picked":"Caltrops","floor":13.0},{"not_picked":["Backflip","Blur"],"picked":"Backstab","floor":14.0},{"not_picked":["Tools of the Trade","Doppelganger"],"picked":"After Image","floor":16.0},{"not_picked":["Prepared","Bane"],"picked":"Escape Plan","floor":18.0},{"not_picked":["Slice+1","PiercingWail"],"picked":"Bouncing Flask","floor":21.0},{"not_picked":["Dagger Spray","Flying Knee+1"],"picked":"PiercingWail","floor":24.0},{"not_picked":["Dodge and Roll","Terror"],"picked":"Backflip","floor":28.0},{"not_picked":["Noxious Fumes","Dagger Spray+1"],"picked":"Footwork","floor":31.0},{"not_picked":["Glass Knife+1","Envenom"],"picked":"Adrenaline","floor":33.0},{"not_picked":["Reflex+1","Finisher+1","Dash+1"],"picked":"SKIP","floor":35},{"not_picked":["Reflex+1","Finisher+1"],"picked":"Dash+1","floor":35},{"not_picked":["Dagger Spray+1","Dagger Throw+1","Cloak And Dagger"],"picked":"SKIP","floor":39},{"not_picked":["Distraction+1","Bane+1"],"picked":"Bouncing Flask+1","floor":40},{"not_picked":["Deflect","Outmaneuver"],"picked":"Poisoned Stab+1","floor":42},{"not_picked":["Cloak And Dagger","Deadly Poison","Sucker Punch+1"],"picked":"SKIP","floor":48},{"not_picked":["Cloak And Dagger","Sucker Punch+1"],"picked":"Deadly Poison","floor":48}],"player_experience":386581,"relics_obtained":[{"floor":9.0,"key":"Blood Vial"},{"floor":10.0,"key":"Paper Crane"},{"floor":12.0,"key":"Anchor"},{"floor":26.0,"key":"Molten Egg 2"},{"floor":28.0,"key":"Ancient Tea Set"},{"floor":40,"key":"The Courier"},{"floor":43,"key":"Mercury Hourglass"}],"event_choices":[{"damage_healed":0.0,"max_hp_gain":0.0,"max_hp_loss":0.0,"gold_gain":100.0,"event_name":"Wheel of Change","player_choice":"Gold","floor":2.0,"gold_loss":0.0,"damage_taken":0.0},{"cards_removed":["Strike_G"],"damage_healed":0.0,"max_hp_gain":0.0,"max_hp_loss":0.0,"gold_gain":0.0,"event_name":"Golden Wing","player_choice":"Card Removal","floor":4.0,"gold_loss":0.0,"damage_taken":7.0},{"damage_healed":0.0,"max_hp_gain":0.0,"max_hp_loss":0.0,"gold_gain":0.0,"event_name":"The Cleric","player_choice":"Leave","floor":5.0,"gold_loss":0.0,"damage_taken":0.0},{"damage_healed":0.0,"max_hp_gain":0.0,"max_hp_loss":0.0,"gold_gain":0.0,"event_name":"Liars Game","player_choice":"Ignored","floor":8.0,"gold_loss":0.0,"damage_taken":0.0},{"damage_healed":0.0,"max_hp_gain":0.0,"max_hp_loss":0.0,"gold_gain":0.0,"cards_transformed":["Strike_G","Strike_G"],"event_name":"Drug Dealer","player_choice":"Became Test Subject","floor":20.0,"gold_loss":0.0,"damage_taken":0.0,"cards_obtained":["Venomology","Noxious Fumes"]},{"damage_healed":0.0,"max_hp_gain":0.0,"max_hp_loss":0.0,"gold_gain":0.0,"event_name":"Ghosts","player_choice":"Ignored","floor":22.0,"gold_loss":0.0,"damage_taken":0.0},{"cards_removed":["Venomology"],"damage_healed":0.0,"max_hp_gain":0.0,"max_hp_loss":0.0,"gold_gain":0.0,"event_name":"Beggar","player_choice":"Gave Gold","floor":27.0,"gold_loss":75.0,"damage_taken":0.0},{"damage_healed":0,"gold_gain":0,"player_choice":"Ignored","damage_taken":0,"max_hp_gain":0,"max_hp_loss":0,"event_name":"Tomb of Lord Red Mask","floor":36,"gold_loss":0},{"damage_healed":0,"gold_gain":0,"player_choice":"Memory 1","damage_taken":0,"max_hp_gain":0,"max_hp_loss":0,"event_name":"SensoryStone","floor":37,"gold_loss":0},{"damage_healed":0,"gold_gain":0,"player_choice":"Max HP","damage_taken":0,"max_hp_gain":0,"max_hp_loss":3,"event_name":"Winding Halls","floor":38,"gold_loss":0}],"is_beta":false,"boss_relics":[{"not_picked":["Pandora\u0027s Box","Ring of the Serpent"],"picked":"Sozu"},{"not_picked":["Lizard Tail","Fusion Hammer"],"picked":"Eternal Feather"}],"items_purged_floors":[3,19,29,41],"is_endless":false,"potions_floor_spawned":[1,11,13,14,18,28,31,39,40,48],"ascension_level":17}