{"gold_per_floor":[118,68,84,98,273,300,300,125,171,171,171,198,198,208,208,304,304,320,334,202,402,420,420,453,36,36,66,66,90,104,136,136,232,232,252,269,269,369,369,402,402,402,425,441,441,453,453,132,132,132],"floor_reached":51,"playtime":4942,"items_purged":["Doubt"],"score":825,"play_id":"16b55408-e4da-4854-a301-bafc40cda7e5","local_time":"20190130214646","is_ascension_mode":true,"campfire_choices":[{"data":"Shockwave","floor":7.0,"key":"SMITH"},{"floor":11.0,"key":"REST"},{"floor":15.0,"key":"REST"},{"data":"Disarm","floor":23.0,"key":"SMITH"},{"floor":32.0,"key":"REST"},{"data":"True Grit","floor":41.0,"key":"SMITH"},{"data":"True Grit","floor":45,"key":"SMITH"},{"floor":49,"key":"REST"}],"neow_cost":"NONE","seed_source_timestamp":0,"circlet_count":0,"master_deck":["Strike_R+1","Defend_R+1","Defend_R+1","Defend_R+1","Defend_R+1","Bash+1","Anger","Shockwave+1","Combust","Heavy Blade+1","Disarm+1","Sword Boomerang","Heavy Blade+1","Pommel Strike+1","Offering","Havoc+1","Blood for Blood+1","Limit Break+1","Rupture","Whirlwind+1","Inflame","Shrug It Off","Iron Wave+1","Seeing Red","Spot Weakness+1","Shrug It Off","Clothesline+1","True Grit+1","True Grit+1","Battle Trance","Reaper+1","Power Through+1","Seeing Red+1","Flash of Steel+1","Blood for Blood+1"],"special_seed":0,"relics":["Burning Blood","Red Skull","Bag of Marbles","Molten Egg 2","Astrolabe","Potion Belt","Vajra","Pantograph","War Paint","Regal Pillow","Anchor","Black Star","Shovel","Dream Catcher","PreservedInsect","Bag of Preparation","Frozen Eye"],"potions_floor_usage":[46,50,50,50,50,50],"damage_taken":[{"damage":1.0,"enemies":"Jaw Worm","floor":1.0,"turns":3.0},{"damage":2.0,"enemies":"2 Louse","floor":3.0,"turns":3.0},{"damage":5.0,"enemies":"Small Slimes","floor":4.0,"turns":3.0},{"damage":39.0,"enemies":"3 Sentries","floor":6.0,"turns":5.0},{"damage":23.0,"enemies":"Lagavulin","floor":12.0,"turns":5.0},{"damage":6.0,"enemies":"Gremlin Gang","floor":14.0,"turns":3.0},{"damage":25.0,"enemies":"Hexaghost","floor":16.0,"turns":8.0},{"damage":18.0,"enemies":"Shell Parasite","floor":18.0,"turns":3.0},{"damage":22.0,"enemies":"3 Byrds","floor":19.0,"turns":5.0},{"damage":10.0,"enemies":"Snecko","floor":22.0,"turns":4.0},{"damage":35.0,"enemies":"Gremlin Leader","floor":24.0,"turns":4.0},{"damage":2.0,"enemies":"Book of Stabbing","floor":27.0,"turns":3.0},{"damage":9.0,"enemies":"Snake Plant","floor":30.0,"turns":3.0},{"damage":19.0,"enemies":"Gremlin Leader","floor":31.0,"turns":5.0},{"damage":47.0,"enemies":"Automaton","floor":33.0,"turns":5.0},{"damage":6.0,"enemies":"Orb Walker","floor":35.0,"turns":3.0},{"damage":17.0,"enemies":"3 Darklings","floor":36.0,"turns":2.0},{"damage":0.0,"enemies":"Mind Bloom Boss Battle","floor":38.0,"turns":4.0},{"damage":29.0,"enemies":"Nemesis","floor":40.0,"turns":7.0},{"damage":0,"enemies":"Transient","floor":44,"turns":5},{"damage":23,"enemies":"Sphere and 2 Shapes","floor":46,"turns":4},{"damage":48,"enemies":"Time Eater","floor":50,"turns":8}],"seed_played":"-7064442442102857324","potions_obtained":[{"floor":4.0,"key":"AttackPotion"},{"floor":6.0,"key":"SpeedPotion"},{"floor":16.0,"key":"SpeedPotion"},{"floor":18.0,"key":"Ancient Potion"},{"floor":22.0,"key":"Regen Potion"},{"floor":27.0,"key":"Explosive Potion"},{"floor":31.0,"key":"Fire Potion"},{"floor":36.0,"key":"PowerPotion"},{"floor":38.0,"key":"Block Potion"},{"floor":46,"key":"Swift Potion"}],"is_trial":false,"path_per_floor":["M","?","M","M","?","E","R","$","T","?","R","E","?","M","R","B",null,"M","M","$","?","M","R","E","$","T","E","?","T","M","E","R","B",null,"M","M","?","?","?","E","R","?","T","M","R","M","?","$","R","B",null],"character_chosen":"IRONCLAD","items_purchased":["Disarm","Sword Boomerang","Inflame","Shrug It Off","Spot Weakness","Shrug It Off","Clothesline+1","Vajra","BloodPotion","AttackPotion","Frozen Eye","Blood for Blood+1","Regen Potion"],"campfire_rested":4,"item_purchase_floors":[8,8,20,20,25,25,25,25,25,25,48,48,48],"current_hp_per_floor":[80,80,80,80,80,47,47,47,47,31,55,38,38,38,62,43,80,68,52,52,52,48,48,19,19,19,40,40,40,37,24,63,39,80,80,69,69,80,76,53,53,53,53,59,59,42,42,42,76,43],"gold":132,"neow_bonus":"UPGRADE_CARD","is_prod":false,"is_daily":false,"chose_seed":false,"campfire_upgraded":4,"win_rate":0,"timestamp":1548913606,"path_taken":["M","?","M","M","?","E","R","$","T","?","R","E","?","M","R","BOSS","M","?","$","?","?","R","E","$","T","E","?","?","M","E","R","BOSS","M","M","?","?","?","E","R","?","T","M","R","?","?","$","R","BOSS"],"build_version":"2019-01-23","purchased_purges":1,"victory":true,"max_hp_per_floor":[80,80,80,80,80,80,80,80,80,80,80,80,80,80,80,80,80,80,80,80,80,80,80,80,80,80,80,80,80,80,80,80,80,80,80,80,80,80,76,76,76,76,76,76,76,76,76,76,76,76],"card_choices":[{"not_picked":["Havoc","True Grit"],"picked":"Anger","floor":1.0},{"not_picked":["Infernal Blade","Iron Wave"],"picked":"Shockwave","floor":3.0},{"not_picked":["Clash","Perfected Strike"],"picked":"Combust","floor":4.0},{"not_picked":["Cleave","Dual Wield"],"picked":"Heavy Blade","floor":6.0},{"not_picked":["Entrench","Warcry"],"picked":"Heavy Blade","floor":12.0},{"not_picked":["Carnage+1","Searing Blow+1"],"picked":"Pommel Strike+1","floor":14.0},{"not_picked":["Berserk","Bludgeon+1"],"picked":"Offering","floor":16.0},{"not_picked":["Fire Breathing","Second Wind"],"picked":"Rupture","floor":18.0},{"not_picked":["Twin Strike+1","Perfected Strike+1"],"picked":"Whirlwind+1","floor":19.0},{"not_picked":["Wild Strike+1","Shockwave"],"picked":"Iron Wave+1","floor":22.0},{"not_picked":["Thunderclap+1","Sever Soul+1"],"picked":"Seeing Red","floor":24.0},{"not_picked":["Perfected Strike+1","Clash+1"],"picked":"True Grit","floor":27.0},{"not_picked":["Flex","Perfected Strike+1"],"picked":"True Grit","floor":30.0},{"not_picked":["Perfected Strike+1","Feel No Pain+1"],"picked":"Battle Trance","floor":31.0},{"not_picked":["Fiend Fire+1","Berserk"],"picked":"Reaper+1","floor":33.0},{"not_picked":["Armaments+1","Body Slam+1"],"picked":"Power Through+1","floor":35.0},{"not_picked":["Spot Weakness","Second Wind+1"],"picked":"Seeing Red+1","floor":36.0},{"not_picked":["Purity","The Bomb"],"picked":"Flash of Steel+1","floor":37.0},{"not_picked":["Barricade","Perfected Strike+1","Heavy Blade+1"],"picked":"SKIP","floor":40.0},{"not_picked":["True Grit","Heavy Blade+1","Warcry"],"picked":"SKIP","floor":44},{"not_picked":["True Grit","Heavy Blade+1","Warcry"],"picked":"SKIP","floor":44},{"not_picked":["Evolve","Rampage+1","Sentinel+1"],"picked":"SKIP","floor":46}],"player_experience":42107,"relics_obtained":[{"floor":6.0,"key":"Red Skull"},{"floor":9.0,"key":"Bag of Marbles"},{"floor":12.0,"key":"Molten Egg 2"},{"floor":24.0,"key":"Potion Belt"},{"floor":26.0,"key":"Pantograph"},{"floor":27.0,"key":"War Paint"},{"floor":29.0,"key":"Regal Pillow"},{"floor":31.0,"key":"Anchor"},{"floor":38.0,"key":"Shovel"},{"floor":40.0,"key":"Dream Catcher"},{"floor":40.0,"key":"PreservedInsect"},{"floor":43,"key":"Bag of Preparation"}],"event_choices":[{"cards_removed":["Strike_R"],"damage_healed":0.0,"max_hp_gain":0.0,"max_hp_loss":0.0,"gold_gain":0.0,"event_name":"The Cleric","player_choice":"Card Removal","floor":2.0,"gold_loss":50.0,"damage_taken":0.0},{"damage_healed":0.0,"max_hp_gain":0.0,"max_hp_loss":0.0,"gold_gain":175.0,"event_name":"Liars Game","player_choice":"AGREE","floor":5.0,"gold_loss":0.0,"damage_taken":0.0,"cards_obtained":["Doubt"]},{"damage_healed":0.0,"max_hp_gain":0.0,"max_hp_loss":0.0,"gold_gain":0.0,"event_name":"Shining Light","player_choice":"Entered Light","floor":10.0,"gold_loss":0.0,"damage_taken":16.0,"cards_upgraded":["Heavy Blade","Strike_R"]},{"damage_healed":0.0,"max_hp_gain":0.0,"max_hp_loss":0.0,"gold_gain":0.0,"cards_transformed":["Strike_R"],"event_name":"Transmorgrifier","player_choice":"Transformed","floor":13.0,"gold_loss":0.0,"damage_taken":0.0,"cards_obtained":["Sever Soul"]},{"damage_healed":0.0,"max_hp_gain":0.0,"max_hp_loss":0.0,"gold_gain":250.0,"event_name":"The Joust","player_choice":"Bet on Owner","floor":21.0,"gold_loss":50.0,"damage_taken":0.0},{"damage_healed":0.0,"max_hp_gain":0.0,"max_hp_loss":0.0,"gold_gain":0.0,"event_name":"Back to Basics","player_choice":"Simplicity","floor":28.0,"gold_loss":0.0,"damage_taken":0.0,"cards_upgraded":["Defend_R","Defend_R","Defend_R"]},{"damage_healed":0.0,"max_hp_gain":0.0,"max_hp_loss":0.0,"gold_gain":0.0,"event_name":"SensoryStone","player_choice":"Memory 1","floor":37.0,"gold_loss":0.0,"damage_taken":0.0},{"damage_healed":0.0,"max_hp_gain":0.0,"max_hp_loss":0.0,"gold_gain":0.0,"event_name":"MindBloom","player_choice":"Fight","floor":38.0,"gold_loss":0.0,"damage_taken":0.0},{"damage_healed":0.0,"max_hp_gain":0.0,"max_hp_loss":4.0,"gold_gain":0.0,"event_name":"Winding Halls","player_choice":"Max HP","floor":39.0,"gold_loss":0.0,"damage_taken":0.0},{"damage_healed":0.0,"max_hp_gain":0.0,"max_hp_loss":0.0,"gold_gain":0.0,"event_name":"The Woman in Blue","player_choice":"Bought 0 Potions","floor":42.0,"gold_loss":0.0,"damage_taken":0.0},{"damage_healed":0,"gold_gain":0,"player_choice":"Ignored","damage_taken":0,"max_hp_gain":0,"max_hp_loss":0,"event_name":"Tomb of Lord Red Mask","floor":47,"gold_loss":0}],"is_beta":false,"boss_relics":[{"not_picked":["Runic Pyramid","Eternal Feather"],"picked":"Astrolabe"},{"not_picked":["Runic Dome","Black Blood"],"picked":"Black Star"}],"items_purged_floors":[8],"is_endless":false,"potions_floor_spawned":[4,6,16,18,22,27,31,36,38,46],"ascension_level":1}