{"gold_per_floor":[119,119,139,139,157,192,206,206,206,232,244,244,244,258,258,363,363,363],"floor_reached":18,"playtime":1289,"items_purged":[],"score":300,"play_id":"57cbede9-1e0a-4cb2-913a-11eeac513342","local_time":"20190120202204","is_ascension_mode":true,"campfire_choices":[{"floor":8,"key":"REST"},{"floor":12,"key":"REST"},{"floor":15,"key":"REST"}],"neow_cost":"NONE","seed_source_timestamp":873481680659651,"circlet_count":0,"master_deck":["Strike_B","Strike_B","Strike_B","Defend_B","Defend_B","Defend_B","Defend_B","Zap","Dualcast","Defragment","Cold Snap","BootSequence","Buffer+1","Sunder","Beam Cell","Cold Snap","Hyperbeam"],"relics":["Fusion Hammer","Potion Belt","Pen Nib","Darkstone Periapt","Runic Dome"],"potions_floor_usage":[6,7],"damage_taken":[{"damage":0,"enemies":"2 Louse","floor":1,"turns":3},{"damage":0,"enemies":"Cultist","floor":3,"turns":3},{"damage":0,"enemies":"Small Slimes","floor":5,"turns":4},{"damage":41,"enemies":"Gremlin Nob","floor":6,"turns":5},{"damage":9,"enemies":"Gremlin Gang","floor":7,"turns":5},{"damage":6,"enemies":"3 Sentries","floor":10,"turns":10},{"damage":4,"enemies":"Lots of Slimes","floor":11,"turns":4},{"damage":0,"enemies":"3 Louse","floor":14,"turns":3},{"damage":0,"enemies":"The Guardian","floor":16,"turns":10},{"damage":4,"enemies":"3 Byrds","floor":18,"turns":3}],"seed_played":"-4456789371859760386","potions_obtained":[{"floor":3,"key":"Swift Potion"},{"floor":6,"key":"PowerPotion"},{"floor":11,"key":"SteroidPotion"},{"floor":16,"key":"Explosive Potion"}],"is_trial":false,"path_per_floor":["M","?","M","$","M","E","M","R","T","E","M","R","?","M","R","B",null,"M"],"character_chosen":"DEFECT","items_purchased":[],"campfire_rested":3,"item_purchase_floors":[],"current_hp_per_floor":[68,68,68,68,68,27,18,40,40,34,30,52,52,52,74,74,75,71],"gold":363,"neow_bonus":"BOSS_RELIC","is_prod":false,"is_daily":false,"chose_seed":false,"campfire_upgraded":0,"win_rate":0,"timestamp":1548044524,"path_taken":["M","?","?","$","M","E","M","R","T","E","M","R","?","?","R","BOSS","M"],"build_version":"2019-01-17v2","purchased_purges":0,"victory":false,"max_hp_per_floor":[75,75,75,75,75,75,75,75,75,75,75,75,75,75,75,75,75,75],"card_choices":[{"not_picked":["Compile Driver","Steam","Lockon"],"picked":"SKIP","floor":1},{"not_picked":["Steam","Hologram"],"picked":"Defragment","floor":3},{"not_picked":["Undo","Turbo"],"picked":"Cold Snap","floor":5},{"not_picked":["Darkness","Barrage"],"picked":"BootSequence","floor":6},{"not_picked":["Barrage","Beam Cell"],"picked":"Buffer","floor":7},{"not_picked":["Compile Driver","Barrage"],"picked":"Sunder","floor":10},{"not_picked":["Hologram","Stack"],"picked":"Beam Cell","floor":11},{"not_picked":["Barrage","Stack"],"picked":"Cold Snap","floor":14},{"not_picked":["Amplify","All For One"],"picked":"Hyperbeam","floor":16}],"player_experience":438986,"relics_obtained":[{"floor":6,"key":"Potion Belt"},{"floor":9,"key":"Pen Nib"},{"floor":10,"key":"Darkstone Periapt"}],"event_choices":[{"cards_removed":["Strike_B"],"damage_healed":0,"gold_gain":0,"player_choice":"Card Removal","damage_taken":0,"max_hp_gain":0,"max_hp_loss":0,"event_name":"Wheel of Change","floor":2,"gold_loss":0},{"damage_healed":0,"gold_gain":0,"player_choice":"Upgraded","damage_taken":0,"max_hp_gain":0,"max_hp_loss":0,"event_name":"Upgrade Shrine","floor":13,"gold_loss":0,"cards_upgraded":["Buffer"]}],"is_beta":false,"boss_relics":[{"not_picked":["Coffee Dripper","Runic Pyramid"],"picked":"Runic Dome"}],"items_purged_floors":[],"is_endless":false,"potions_floor_spawned":[3,6,11,16],"killed_by":"3 Byrds","ascension_level":7}