{"gold_per_floor":[413,426,426,442,456,456,476,502,529,529,529],"floor_reached":11,"playtime":662,"items_purged":[],"score":135,"play_id":"c3f6a4bf-6e3f-418e-97f0-6f066c2bf02b","local_time":"20190201035750","is_ascension_mode":true,"campfire_choices":[{"data":"Footwork","floor":6,"key":"SMITH"},{"data":"Neutralize","floor":10,"key":"SMITH"}],"neow_cost":"CURSE","seed_source_timestamp":1851846897316936,"circlet_count":0,"master_deck":["AscendersBane","Defend_G","Defend_G","Defend_G","Defend_G","Defend_G","Strike_G","Strike_G","Strike_G","Strike_G","Strike_G","Survivor","Neutralize+1","Parasite","Escape Plan","Footwork+1","Deadly Poison","Bullet Time","Poisoned Stab","Escape Plan"],"relics":["Ring of the Snake","Old Coin","NlothsMask","Ancient Tea Set"],"potions_floor_usage":[7,8,8],"damage_taken":[{"damage":8,"enemies":"2 Louse","floor":1,"turns":4},{"damage":2,"enemies":"Cultist","floor":2,"turns":5},{"damage":0,"enemies":"Small Slimes","floor":4,"turns":4},{"damage":0,"enemies":"2 Fungi Beasts","floor":5,"turns":4},{"damage":14,"enemies":"Lots of Slimes","floor":7,"turns":7},{"damage":19,"enemies":"3 Sentries","floor":8,"turns":11},{"damage":18,"enemies":"Large Slime","floor":11,"turns":1}],"seed_played":"6907603181181551536","potions_obtained":[{"floor":1,"key":"Poison Potion"},{"floor":5,"key":"Block Potion"},{"floor":7,"key":"Fire Potion"}],"is_trial":false,"path_per_floor":["M","M","?","M","M","R","M","E","T","R","M"],"character_chosen":"THE_SILENT","items_purchased":[],"campfire_rested":0,"item_purchase_floors":[],"current_hp_per_floor":[51,49,49,49,49,49,35,16,16,16,0],"gold":529,"neow_bonus":"ONE_RARE_RELIC","is_prod":false,"is_daily":false,"chose_seed":false,"campfire_upgraded":2,"win_rate":0,"timestamp":1549022270,"path_taken":["M","M","?","?","M","R","M","E","T","R","M"],"build_version":"2019-01-23","purchased_purges":0,"victory":false,"max_hp_per_floor":[66,66,66,66,66,66,66,66,66,66,66],"card_choices":[{"not_picked":["Bane","Sucker Punch"],"picked":"Escape Plan","floor":1},{"not_picked":["Cloak And Dagger","Concentrate"],"picked":"Footwork","floor":2},{"not_picked":["Outmaneuver","Dagger Throw"],"picked":"Deadly Poison","floor":4},{"not_picked":["Dodge and Roll","Heel Hook"],"picked":"Bullet Time","floor":5},{"not_picked":["Outmaneuver","Deadly Poison"],"picked":"Poisoned Stab","floor":7},{"not_picked":["Endless Agony","Heel Hook"],"picked":"Escape Plan","floor":8}],"player_experience":566627,"relics_obtained":[{"floor":8,"key":"Ancient Tea Set"}],"event_choices":[{"damage_healed":0,"gold_gain":0,"player_choice":"Trade","damage_taken":0,"relics_obtained":["NlothsMask"],"max_hp_gain":0,"max_hp_loss":0,"event_name":"FaceTrader","floor":3,"gold_loss":0}],"is_beta":false,"boss_relics":[],"items_purged_floors":[],"is_endless":false,"potions_floor_spawned":[1,5,7],"killed_by":"Large Slime","ascension_level":16}