{"gold_per_floor":[115,115,115,5,28,61,82,82,82,107,72,72,72,101,101,227,290,314,91,71,71,92,92,92,92,92,92,92],"floor_reached":28,"playtime":2125,"items_purged":["Strike_B","Strike_B"],"score":239,"play_id":"01c11de4-4ca3-4abf-81c4-3295c9d326c5","local_time":"20190130170935","is_ascension_mode":false,"campfire_choices":[{"data":"Dualcast","floor":8,"key":"SMITH"},{"data":"Redo","floor":12,"key":"SMITH"},{"data":"Chaos","floor":15,"key":"SMITH"},{"floor":23,"key":"REST"},{"floor":25,"key":"REST"},{"data":"Machine Learning","floor":27,"key":"SMITH"}],"neow_cost":"NONE","seed_source_timestamp":280121534489052,"circlet_count":0,"master_deck":["Strike_B","Strike_B","Defend_B","Defend_B","Defend_B","Defend_B+1","Zap+1","Dualcast+1","Aggregate","Chaos+1","Loop","Redo+1","Double Energy","Force Field+1","Machine Learning+1","Genetic Algorithm+1","Scrape+1","Chaos+1","Stack+1","Self Repair"],"relics":["Cracked Core","NeowsBlessing","Golden Idol","Shuriken","Toxic Egg 2","Odd Mushroom","Tiny House","MutagenicStrength","Ornamental Fan"],"potions_floor_usage":[16,16,16,18,20,22,28],"damage_taken":[{"damage":0,"enemies":"Jaw Worm","floor":1,"turns":1},{"damage":0,"enemies":"2 Louse","floor":5,"turns":1},{"damage":0,"enemies":"3 Sentries","floor":6,"turns":1},{"damage":15,"enemies":"Small Slimes","floor":7,"turns":3},{"damage":15,"enemies":"3 Louse","floor":10,"turns":3},{"damage":28,"enemies":"The Mushroom Lair","floor":14,"turns":4},{"damage":9,"enemies":"Slime Boss","floor":16,"turns":7},{"damage":26,"enemies":"Shell Parasite","floor":18,"turns":7},{"damage":31,"enemies":"2 Thieves","floor":20,"turns":5},{"damage":33,"enemies":"Shelled Parasite and Fungi","floor":22,"turns":7},{"damage":71,"enemies":"Slavers","floor":28,"turns":9}],"seed_played":"-1661823271385179275","potions_obtained":[{"floor":1,"key":"EssenceOfSteel"},{"floor":7,"key":"FocusPotion"},{"floor":10,"key":"Block Potion"},{"floor":16,"key":"Regen Potion"},{"floor":17,"key":"Regen Potion"},{"floor":20,"key":"Dexterity Potion"},{"floor":22,"key":"SpeedPotion"}],"is_trial":false,"path_per_floor":["?","?","M","?","?","?","?"],"character_chosen":"DEFECT","items_purchased":["Chaos","Chaos+1","Stack+1"],"campfire_rested":2,"item_purchase_floors":[4,19,19],"current_hp_per_floor":[75,57,57,57,57,57,42,42,42,27,45,45,70,42,42,33,80,66,66,49,49,16,40,40,64,64,64,0],"gold":92,"neow_bonus":"THREE_ENEMY_KILL","is_prod":false,"is_daily":false,"chose_seed":false,"campfire_upgraded":4,"win_rate":0.0,"timestamp":1548864575,"path_taken":["M","?","?","$","M","E","?","R","T","M","?","R","?","?","R","BOSS","M","$","M","$","M","R","?","R","T","R","E"],"build_version":"2019-01-23","purchased_purges":2,"victory":false,"max_hp_per_floor":[75,75,75,75,75,75,75,75,75,75,75,75,75,75,75,75,80,80,80,80,80,80,80,80,80,80,80,80],"card_choices":[{"not_picked":["Streamline","Redo"],"picked":"Aggregate","floor":1},{"not_picked":["Reinforced Body","Skim"],"picked":"Loop","floor":5},{"not_picked":["Coolheaded","Sweeping Beam"],"picked":"Redo","floor":6},{"not_picked":["Conserve Battery","Tempest"],"picked":"Double Energy","floor":7},{"not_picked":["Gash","Ball Lightning","Loop"],"picked":"SKIP","floor":10},{"not_picked":["Go for the Eyes","Aggregate+1"],"picked":"Force Field+1","floor":14},{"not_picked":["Multi-Cast+1","Biased Cognition"],"picked":"Machine Learning","floor":16},{"not_picked":["Compile Driver","White Noise+1"],"picked":"Genetic Algorithm+1","floor":17},{"not_picked":["BootSequence+1","Conserve Battery+1"],"picked":"Scrape+1","floor":18},{"not_picked":["Barrage","Leap+1","Cold Snap"],"picked":"SKIP","floor":20},{"not_picked":["Sweeping Beam","Barrage"],"picked":"Self Repair","floor":22}],"player_experience":35858,"relics_obtained":[{"floor":6,"key":"Shuriken"},{"floor":9,"key":"Toxic Egg 2"},{"floor":14,"key":"Odd Mushroom"},{"floor":26,"key":"Ornamental Fan"}],"event_choices":[{"damage_healed":0,"gold_gain":0,"player_choice":"Take Damage","damage_taken":18,"relics_obtained":["Golden Idol"],"max_hp_gain":0,"max_hp_loss":0,"event_name":"Golden Idol","floor":2,"gold_loss":0},{"damage_healed":0,"gold_gain":0,"player_choice":"Grow","damage_taken":0,"max_hp_gain":0,"max_hp_loss":0,"event_name":"Living Wall","floor":3,"gold_loss":0,"cards_upgraded":["Zap"]},{"damage_healed":18,"gold_gain":0,"player_choice":"Healed","damage_taken":0,"max_hp_gain":0,"max_hp_loss":0,"event_name":"The Cleric","floor":11,"gold_loss":35},{"damage_healed":25,"gold_gain":0,"player_choice":"Banana","damage_taken":0,"max_hp_gain":0,"max_hp_loss":0,"event_name":"Big Fish","floor":13,"gold_loss":0},{"damage_healed":0,"gold_gain":0,"player_choice":"Fought Mushrooms","damage_taken":0,"max_hp_gain":0,"max_hp_loss":0,"event_name":"Mushrooms","floor":14,"gold_loss":0},{"damage_healed":0,"gold_gain":0,"player_choice":"Inject Mutagens","damage_taken":0,"relics_obtained":["MutagenicStrength"],"max_hp_gain":0,"max_hp_loss":0,"event_name":"Drug Dealer","floor":24,"gold_loss":0}],"is_beta":false,"boss_relics":[{"not_picked":["Black Star","Orrery"],"picked":"Tiny House"}],"items_purged_floors":[4,19],"is_endless":false,"potions_floor_spawned":[1,7,10,16,20,22],"killed_by":"Slavers","ascension_level":0}