{"gold_per_floor":[118,132,143,160,175,207,207,207],"floor_reached":8,"playtime":959,"items_purged":[],"score":87,"play_id":"4a2e2bc6-0c7d-476b-b478-c98684b239cd","local_time":"20181228220232","is_ascension_mode":true,"campfire_choices":[],"neow_cost":"NONE","seed_source_timestamp":0,"circlet_count":0,"master_deck":["Defend_G","Defend_G","Defend_G","Defend_G","Defend_G","Strike_G","Strike_G","Strike_G","Strike_G","Survivor","Neutralize","Underhanded Strike","Deflect","Escape Plan","Deadly Poison","Acrobatics","Adrenaline+1"],"special_seed":0,"relics":["Ring of the Snake","Gambling Chip"],"potions_floor_usage":[6],"damage_taken":[{"damage":0.0,"enemies":"Cultist","floor":1.0,"turns":4.0},{"damage":0.0,"enemies":"2 Louse","floor":2.0,"turns":3.0},{"damage":0.0,"enemies":"Small Slimes","floor":3.0,"turns":4.0},{"damage":17.0,"enemies":"2 Fungi Beasts","floor":4.0,"turns":5.0},{"damage":4,"enemies":"Red Slaver","floor":5,"turns":6},{"damage":24,"enemies":"Lagavulin","floor":6,"turns":7},{"damage":32,"enemies":"Gremlin Nob","floor":8,"turns":3}],"seed_played":"-4464416166660381131","potions_obtained":[{"floor":3.0,"key":"Strength Potion"}],"is_trial":false,"path_per_floor":["M","M","M","M","M","M","E","?","E"],"character_chosen":"THE_SILENT","items_purchased":[],"campfire_rested":0,"item_purchase_floors":[],"current_hp_per_floor":[63,63,63,46,42,18,18,0],"gold":207,"neow_bonus":"TRANSFORM_CARD","is_prod":false,"is_daily":false,"chose_seed":false,"campfire_upgraded":0,"win_rate":0,"timestamp":1546063352,"path_taken":["M","M","?","M","M","E","?","E"],"build_version":"2018-12-20","purchased_purges":0,"victory":false,"max_hp_per_floor":[70,70,70,70,70,70,70,70],"card_choices":[{"not_picked":["Dagger Spray","Quick Slash"],"picked":"Deflect","floor":1.0},{"not_picked":["Bane","Dagger Throw"],"picked":"Escape Plan","floor":2.0},{"not_picked":["Blade Dance","Masterful Stab"],"picked":"Deadly Poison","floor":3.0},{"not_picked":["Underhanded Strike","Endless Agony","Riddle With Holes"],"picked":"SKIP","floor":4},{"not_picked":["Terror","Quick Slash"],"picked":"Acrobatics","floor":5},{"not_picked":["Malaise","Blur"],"picked":"Adrenaline","floor":6}],"player_experience":162218,"relics_obtained":[{"floor":6,"key":"Gambling Chip"}],"event_choices":[{"damage_healed":0,"gold_gain":0,"player_choice":"Grow","damage_taken":0,"max_hp_gain":0,"max_hp_loss":0,"event_name":"Living Wall","floor":7,"gold_loss":0,"cards_upgraded":["Adrenaline"]}],"is_beta":false,"boss_relics":[],"items_purged_floors":[],"is_endless":false,"potions_floor_spawned":[3],"killed_by":"Gremlin Nob","ascension_level":9}