{"gold_per_floor":[112,112,62,76,89,89,117,117,117,133,308,308,60,88,88,183,183,153,153,27,42,55,55,55],"floor_reached":24,"playtime":2020,"items_purged":["Defend_R","Doubt"],"score":255,"play_id":"8d05c90d-f226-4cc1-8053-a89c2a28307b","local_time":"20180821011439","is_ascension_mode":true,"campfire_choices":[{"floor":6,"key":"REST"},{"data":"Demon Form","floor":8,"key":"SMITH"},{"floor":12,"key":"REST"},{"floor":15,"key":"REST"},{"floor":23,"key":"REST"}],"neow_cost":"PERCENT_DAMAGE","seed_source_timestamp":1301660950169526,"circlet_count":0,"master_deck":["Strike_R","Strike_R","Strike_R","Strike_R","Defend_R","Defend_R","Defend_R","Bash","Demon Form+1","Perfected Strike","Sword Boomerang","Ghostly Armor","Heavy Blade","Headbutt","Sword Boomerang","Armaments","Pummel","Iron Wave","Metallicize","Feed","Flex","Twin Strike","Armaments","Sword Boomerang"],"relics":["Burning Blood","Du-Vu Doll","Question Card","Dream Catcher","Velvet Choker","Nilry\u0027s Codex"],"potions_floor_usage":[7,16,18,21],"damage_taken":[{"damage":18,"enemies":"Small Slimes","floor":1,"turns":5},{"damage":11,"enemies":"Jaw Worm","floor":4,"turns":4},{"damage":1,"enemies":"Cultist","floor":5,"turns":3},{"damage":45,"enemies":"3 Sentries","floor":7,"turns":7},{"damage":10,"enemies":"Exordium Wildlife","floor":10,"turns":3},{"damage":27,"enemies":"Gremlin Nob","floor":14,"turns":4},{"damage":45,"enemies":"Slime Boss","floor":16,"turns":7},{"damage":29,"enemies":"2 Thieves","floor":18,"turns":5},{"damage":8,"enemies":"Spheric Guardian","floor":21,"turns":3},{"damage":31,"enemies":"Cultist and Chosen","floor":22,"turns":5},{"damage":39,"enemies":"Shelled Parasite and Fungi","floor":24,"turns":4}],"seed_played":"8613269379125729283","potions_obtained":[{"floor":5,"key":"Regen Potion"},{"floor":7,"key":"SpeedPotion"},{"floor":14,"key":"SteroidPotion"},{"floor":16,"key":"EntropicBrew"},{"floor":18,"key":"Fire Potion"}],"is_trial":false,"path_per_floor":["M","?","?","M","M","R","E","R","T","M","?","R","$","E","R","B",null,"M","?","$","M","M","R"],"character_chosen":"IRONCLAD","items_purchased":["Sword Boomerang","Armaments","Pummel","Twin Strike"],"campfire_rested":4,"item_purchase_floors":[13,13,13,20],"current_hp_per_floor":[44,44,44,39,44,68,44,44,44,40,40,64,64,43,67,28,67,48,32,32,33,12,39,0],"gold":55,"neow_bonus":"THREE_RARE_CARDS","is_prod":false,"is_daily":false,"chose_seed":false,"campfire_upgraded":1,"win_rate":0,"timestamp":1534832079,"path_taken":["M","?","?","M","?","R","E","R","T","M","?","R","?","E","R","BOSS","M","?","$","M","M","R","M"],"build_version":"2018-08-16","purchased_purges":2,"victory":false,"max_hp_per_floor":[80,80,80,80,80,80,80,80,80,80,80,80,80,80,80,80,80,84,84,84,87,91,91,91],"card_choices":[{"not_picked":["Offering","Double Tap"],"picked":"Demon Form","floor":0},{"not_picked":["Clothesline","Rupture"],"picked":"Perfected Strike","floor":1},{"not_picked":["Pommel Strike","Wild Strike"],"picked":"Sword Boomerang","floor":4},{"not_picked":["Clothesline","Wild Strike"],"picked":"Ghostly Armor","floor":5},{"not_picked":["Cleave","Berserk"],"picked":"Heavy Blade","floor":7},{"not_picked":["Clash","Burning Pact","Havoc"],"picked":"Headbutt","floor":10},{"not_picked":["Warcry","Impervious","Rupture"],"picked":"Iron Wave","floor":14},{"not_picked":["Wild Strike","Armaments","Feel No Pain"],"picked":"Metallicize","floor":15},{"not_picked":["Fiend Fire","Double Tap","Dark Embrace"],"picked":"Feed","floor":16},{"not_picked":["Clothesline","Infernal Blade","Battle Trance"],"picked":"Flex","floor":18},{"not_picked":["Thunderclap","Perfected Strike","Warcry","Rampage+1"],"picked":"SKIP","floor":21},{"not_picked":["Dropkick+1","Clash","Clothesline"],"picked":"Armaments","floor":22},{"not_picked":["Warcry","Thunderclap","Immolate"],"picked":"Sword Boomerang","floor":23}],"player_experience":177587,"relics_obtained":[{"floor":7,"key":"Du-Vu Doll"},{"floor":9,"key":"Question Card"},{"floor":14,"key":"Dream Catcher"},{"floor":19,"key":"Nilry\u0027s Codex"}],"event_choices":[{"event_name":"Golden Wing","player_choice":"Ignored","floor":2,"damage_taken":0},{"event_name":"The Cleric","player_choice":"Card Removal","floor":3,"damage_taken":0},{"event_name":"Liars Game","player_choice":"agreed","floor":11,"damage_taken":0},{"event_name":"Cursed Tome","player_choice":"Obtained Book","floor":19,"damage_taken":0}],"is_beta":false,"boss_relics":[{"not_picked":["Runic Cube","Sozu"],"picked":"Velvet Choker"}],"items_purged_floors":[13,20],"is_endless":false,"potions_floor_spawned":[5,7,14,16,18],"killed_by":"Shelled Parasite and Fungi","ascension_level":5}