{"gold_per_floor":[119,139,139,139,64,64,87,120,144,158,158,185,200,163,163,267,267,284,54,153,32,48,48,60,60,87,87,98,111,111,61,61,61],"floor_reached":33,"playtime":734,"items_purged":["Strike_B","Strike_B","Strike_B","Defend_B"],"score":348,"play_id":"e035ebac-8e32-4dad-88f5-b538d4d0227d","local_time":"20181008012658","is_ascension_mode":true,"campfire_choices":[{"data":"Zap","floor":6,"key":"SMITH"},{"data":"Dualcast","floor":11,"key":"SMITH"},{"data":"Defragment","floor":15,"key":"SMITH"},{"data":"Bandage Up","floor":23,"key":"SMITH"},{"data":"Multi-Cast","floor":25,"key":"SMITH"},{"data":"Conserve Battery","floor":27,"key":"SMITH"},{"floor":32,"key":"REST"}],"neow_cost":"NONE","seed_source_timestamp":43042054082686,"circlet_count":0,"master_deck":["Defend_B","Defend_B","Defend_B","Zap+1","Dualcast+1","Sweeping Beam","Ball Lightning","Amplify","Defragment+1","Multi-Cast+1","White Noise","Conserve Battery+1","Cold Snap","Bandage Up+1","Conserve Battery","Cold Snap","BootSequence+1"],"relics":["Cracked Core","NeowsBlessing","Blood Vial","Letter Opener","Ancient Tea Set","Smiling Mask","Inserter","Omamori"],"potions_floor_usage":[18,18,29,29,29],"damage_taken":[{"damage":0,"enemies":"Jaw Worm","floor":1,"turns":1},{"damage":0,"enemies":"Cultist","floor":2,"turns":1},{"damage":0,"enemies":"Lagavulin","floor":8,"turns":1},{"damage":0,"enemies":"2 Louse","floor":10,"turns":2},{"damage":10,"enemies":"3 Sentries","floor":12,"turns":4},{"damage":2,"enemies":"Looter","floor":13,"turns":3},{"damage":27,"enemies":"The Guardian","floor":16,"turns":7},{"damage":28,"enemies":"Shell Parasite","floor":18,"turns":6},{"damage":7,"enemies":"3 Byrds","floor":22,"turns":5},{"damage":0,"enemies":"Cultist and Chosen","floor":24,"turns":3},{"damage":21,"enemies":"Shelled Parasite and Fungi","floor":28,"turns":6},{"damage":12,"enemies":"Snecko","floor":29,"turns":4},{"damage":85,"enemies":"Champ","floor":33,"turns":11}],"seed_played":"-1257099194973774031","potions_obtained":[{"floor":1,"key":"Energy Potion"},{"floor":4,"key":"Fire Potion"},{"floor":4,"key":"Weak Potion"},{"floor":22,"key":"Explosive Potion"},{"floor":28,"key":"SkillPotion"}],"is_trial":false,"path_per_floor":["M","M","?","?","$","R","T","E","T","M","R","E","M","?","R","B",null,"M","$","?","$","M","R","M","R","T","R","M","M","?","$","R"],"character_chosen":"DEFECT","items_purchased":["Conserve Battery","Cold Snap","Bandage Up","Conserve Battery","Cold Snap"],"campfire_rested":1,"item_purchase_floors":[19,19,19,21,21],"current_hp_per_floor":[75,75,75,75,75,75,75,75,75,75,75,65,65,65,65,40,66,40,40,40,40,39,39,47,47,47,47,34,30,30,30,52,0],"gold":61,"neow_bonus":"THREE_ENEMY_KILL","is_prod":false,"is_daily":false,"chose_seed":false,"campfire_upgraded":6,"win_rate":0,"timestamp":1538958418,"path_taken":["M","M","?","?","$","R","?","E","T","?","R","E","?","?","R","BOSS","M","$","?","?","M","R","M","R","T","R","?","M","?","$","R","BOSS"],"build_version":"2018-10-04v2","purchased_purges":4,"victory":false,"max_hp_per_floor":[75,75,75,75,75,75,75,75,75,75,75,75,75,75,75,75,75,75,75,75,75,75,75,75,75,75,75,75,75,75,75,75,75],"card_choices":[{"not_picked":["Lockon","Capacitor"],"picked":"Sweeping Beam","floor":1},{"not_picked":["Chaos","Conserve Battery"],"picked":"Ball Lightning","floor":2},{"not_picked":["Recycle","Sunder"],"picked":"Amplify","floor":8},{"not_picked":["Rebound","Consume","Leap"],"picked":"SKIP","floor":10},{"not_picked":["Streamline","Force Field"],"picked":"Defragment","floor":12},{"not_picked":["Beam Cell","Stack","Rebound"],"picked":"SKIP","floor":13},{"not_picked":["All For One","Creative AI"],"picked":"Multi-Cast","floor":16},{"not_picked":["Redo","Hologram"],"picked":"White Noise","floor":18},{"not_picked":["Beam Cell+1","Stack","Rebound"],"picked":"SKIP","floor":22},{"not_picked":["Rebound","Beam Cell","Steam"],"picked":"SKIP","floor":24},{"not_picked":["Cold Snap","Compile Driver+1","Barrage"],"picked":"SKIP","floor":28},{"not_picked":["Doom and Gloom","Sweeping Beam"],"picked":"BootSequence+1","floor":29}],"player_experience":64242,"relics_obtained":[{"floor":7,"key":"Blood Vial"},{"floor":8,"key":"Letter Opener"},{"floor":9,"key":"Ancient Tea Set"},{"floor":12,"key":"Smiling Mask"},{"floor":26,"key":"Omamori"}],"event_choices":[{"event_name":"Bonfire Elementals","player_choice":"BASIC","floor":3,"damage_taken":0},{"event_name":"The Lab","player_choice":"Got Potions","floor":4,"damage_taken":0},{"event_name":"World of Goop","player_choice":"Left","floor":14,"damage_taken":0},{"event_name":"Nest","player_choice":"Stole From Cult","floor":20,"damage_taken":0},{"event_name":"Ghosts","player_choice":"Ignored","floor":30,"damage_taken":0}],"is_beta":false,"boss_relics":[{"not_picked":["Runic Dome","Ectoplasm"],"picked":"Inserter"}],"items_purged_floors":[5,19,21,31],"is_endless":false,"potions_floor_spawned":[1,8,10,22,28],"killed_by":"Champ","ascension_level":5}