{"gold_per_floor":[138,149,149,149,162,162,162,162,162,197,197,209,220,245,245,349,349,364,364,112,112,125,125,145,145,196,196,206,206,218,243,255,362,374,397,409,469,492,215,215,227,245,245,114,145,145,156,0,0,0],"floor_reached":51,"playtime":9018,"items_purged":["Reflex","Prepared","Dagger Spray"],"score":746,"play_id":"f5cf41f0-c711-4692-b599-32cdf8e7ea0b","local_time":"20181217064427","is_ascension_mode":true,"campfire_choices":[{"data":"Forethought","floor":6,"key":"SMITH"},{"floor":8,"key":"REST"},{"floor":11,"key":"REST"},{"data":"Magnetism","floor":15,"key":"SMITH"},{"data":"Leg Sweep","floor":23,"key":"SMITH"},{"data":"Bouncing Flask","floor":25,"key":"SMITH"},{"data":"Distraction","floor":27,"key":"SMITH"},{"data":"Glass Knife","floor":30,"key":"SMITH"},{"data":"Dash","floor":32,"key":"SMITH"},{"floor":40,"key":"REST"},{"floor":49,"key":"REST"}],"neow_cost":"PERCENT_DAMAGE","seed_source_timestamp":1774241905593918,"circlet_count":0,"master_deck":["Survivor","Neutralize+1","Forethought+1","Magnetism+1","Blur","Bouncing Flask+1","Dash","Well Laid Plans+1","Cloak And Dagger","Wraith Form v2+1","Blur","Distraction+1","Riddle With Holes","Leg Sweep+1","Backstab","Glass Knife+1","Dash+1","Cloak And Dagger","Well Laid Plans+1","Heel Hook","Predator","Flying Knee+1","Dodge and Roll+1","Envenom+1","Madness","Madness","Footwork+1","Footwork+1","Parasite","Escape Plan+1","Escape Plan","Deadly Poison+1","Enlightenment"],"relics":["Ring of the Snake","Bronze Scales","Frozen Egg 2","Smiling Mask","Odd Mushroom","Pandora\u0027s Box","Enchiridion","Toolbox","Pen Nib","MawBank","Fusion Hammer","Tingsha","Bottled Lightning","Ornamental Fan","Red Mask"],"potions_floor_usage":[4,10,10,12,13,37,50],"damage_taken":[{"damage":0,"enemies":"Small Slimes","floor":1,"turns":5},{"damage":2,"enemies":"Cultist","floor":2,"turns":5},{"damage":3,"enemies":"Jaw Worm","floor":5,"turns":6},{"damage":40,"enemies":"Gremlin Nob","floor":10,"turns":7},{"damage":1,"enemies":"Looter","floor":12,"turns":4},{"damage":18,"enemies":"Exordium Thugs","floor":13,"turns":6},{"damage":4,"enemies":"The Mushroom Lair","floor":14,"turns":6},{"damage":1,"enemies":"Hexaghost","floor":16,"turns":10},{"damage":4,"enemies":"Shell Parasite","floor":18,"turns":7},{"damage":0,"enemies":"3 Byrds","floor":22,"turns":3},{"damage":0,"enemies":"Snake Plant","floor":24,"turns":4},{"damage":0,"enemies":"Chosen and Byrds","floor":28,"turns":5},{"damage":0,"enemies":"Centurion and Healer","floor":31,"turns":5},{"damage":1,"enemies":"Automaton","floor":33,"turns":13},{"damage":3,"enemies":"Orb Walker","floor":35,"turns":3},{"damage":22,"enemies":"2 Orb Walkers","floor":37,"turns":4},{"damage":8,"enemies":"3 Shapes","floor":38,"turns":4},{"damage":0,"enemies":"Writhing Mass","floor":41,"turns":7},{"damage":2,"enemies":"Spire Growth","floor":42,"turns":5},{"damage":0,"enemies":"Maw","floor":45,"turns":8},{"damage":0,"enemies":"3 Darklings","floor":47,"turns":5},{"damage":11,"enemies":"Awakened One","floor":50,"turns":14}],"seed_played":"-7590276105475252351","potions_obtained":[{"floor":4,"key":"Block Potion"},{"floor":4,"key":"SpeedPotion"},{"floor":4,"key":"Fruit Juice"},{"floor":5,"key":"Explosive Potion"},{"floor":10,"key":"Ancient Potion"},{"floor":13,"key":"Fruit Juice"},{"floor":28,"key":"Ancient Potion"},{"floor":31,"key":"GamblersBrew"},{"floor":35,"key":"Poison Potion"},{"floor":41,"key":"SkillPotion"}],"is_trial":false,"path_per_floor":["M","M","?","?","M","R","?","R","T","E","R","M","M","?","R","B",null,"M","?","$","?","M","R","M","R","T","R","M","T","R","M","R","B",null,"M","?","?","M","$","R","M","M","T","$","M","?","M","?","R","B",null],"character_chosen":"THE_SILENT","items_purchased":["Toolbox","Bottled Lightning","Escape Plan"],"campfire_rested":4,"item_purchase_floors":[20,39,44],"current_hp_per_floor":[49,47,33,38,35,35,28,50,50,10,32,31,18,14,14,13,63,59,43,43,43,43,43,43,43,43,43,43,43,43,43,43,42,71,68,58,36,28,28,52,52,50,50,50,50,50,50,50,74,63],"gold":0,"neow_bonus":"RANDOM_COLORLESS_2","is_prod":false,"is_daily":false,"chose_seed":false,"campfire_upgraded":7,"win_rate":0,"timestamp":1545057867,"path_taken":["M","M","?","?","?","R","?","R","T","E","R","M","M","?","R","BOSS","M","?","$","?","M","R","?","R","T","R","M","?","R","M","R","BOSS","M","?","?","M","$","R","M","M","T","$","M","?","M","?","R","BOSS"],"build_version":"2018-12-13","purchased_purges":3,"victory":true,"max_hp_per_floor":[70,70,70,75,75,75,75,75,75,75,75,75,80,80,80,80,80,80,80,80,80,80,80,80,80,80,80,80,80,80,80,80,80,80,80,80,80,80,80,80,80,80,80,80,80,80,80,80,80,80],"card_choices":[{"not_picked":["Underhanded Strike","Leg Sweep","Tactician"],"picked":"SKIP","floor":1},{"not_picked":["Sucker Punch","Prepared"],"picked":"Blur","floor":2},{"not_picked":["Bane","Underhanded Strike","Poisoned Stab"],"picked":"SKIP","floor":5},{"not_picked":["Slice","Wraith Form v2+1"],"picked":"Bouncing Flask","floor":10},{"not_picked":["Acrobatics","Outmaneuver"],"picked":"Dash","floor":12},{"not_picked":["Backstab","Footwork+1"],"picked":"Well Laid Plans+1","floor":13},{"not_picked":["Outmaneuver","Deflect"],"picked":"Cloak And Dagger","floor":14},{"not_picked":["Doppelganger","Storm of Steel"],"picked":"Wraith Form v2+1","floor":16},{"not_picked":["Acrobatics","Tactician"],"picked":"Cloak And Dagger","floor":18},{"not_picked":["Blade Dance","Deflect"],"picked":"Heel Hook","floor":22},{"not_picked":["Blade Dance","Deflect"],"picked":"Predator","floor":24},{"not_picked":["Quick Slash+1","Underhanded Strike"],"picked":"Flying Knee+1","floor":28},{"not_picked":["Bane","Predator"],"picked":"Dodge and Roll+1","floor":31},{"not_picked":["Grand Finale","Storm of Steel"],"picked":"Envenom+1","floor":33},{"not_picked":["Poisoned Stab+1","Prepared","Sucker Punch"],"picked":"SKIP","floor":35},{"not_picked":["Acrobatics","Caltrops+1"],"picked":"Footwork+1","floor":37},{"not_picked":["Backflip","Glass Knife"],"picked":"Footwork+1","floor":38},{"not_picked":["Heel Hook","Sucker Punch"],"picked":"Escape Plan+1","floor":41},{"not_picked":["Riddle With Holes","Poisoned Stab","Sucker Punch+1"],"picked":"SKIP","floor":42},{"not_picked":["PiercingWail+1","Blade Dance+1"],"picked":"Deadly Poison+1","floor":45},{"not_picked":["Purity","Metamorphosis"],"picked":"Enlightenment","floor":46},{"not_picked":["Predator","Deadly Poison","Quick Slash"],"picked":"SKIP","floor":47}],"player_experience":121780,"relics_obtained":[{"floor":9,"key":"Frozen Egg 2"},{"floor":10,"key":"Smiling Mask"},{"floor":14,"key":"Odd Mushroom"},{"floor":19,"key":"Enchiridion"},{"floor":26,"key":"Pen Nib"},{"floor":29,"key":"MawBank"},{"floor":37,"key":"Tingsha"},{"floor":43,"key":"Ornamental Fan"}],"event_choices":[{"damage_healed":0,"gold_gain":0,"player_choice":"Entered Light","damage_taken":14,"max_hp_gain":0,"max_hp_loss":0,"event_name":"Shining Light","floor":3,"gold_loss":0,"cards_upgraded":["Neutralize","Defend_G"]},{"damage_healed":0,"gold_gain":0,"player_choice":"Got Potions","damage_taken":0,"max_hp_gain":0,"max_hp_loss":0,"event_name":"Lab","floor":4,"gold_loss":0},{"damage_healed":0,"gold_gain":0,"player_choice":"Success","damage_taken":7,"relics_obtained":["Bronze Scales"],"max_hp_gain":0,"max_hp_loss":0,"event_name":"Scrap Ooze","floor":7,"gold_loss":0},{"damage_healed":0,"gold_gain":0,"player_choice":"Fought Mushrooms","damage_taken":0,"max_hp_gain":0,"max_hp_loss":0,"event_name":"Mushrooms","floor":14,"gold_loss":0},{"damage_healed":0,"gold_gain":0,"player_choice":"Obtained Book","damage_taken":16,"max_hp_gain":0,"max_hp_loss":0,"event_name":"Cursed Tome","floor":19,"gold_loss":0},{"damage_healed":0,"gold_gain":0,"player_choice":"Copied","damage_taken":0,"max_hp_gain":0,"max_hp_loss":0,"event_name":"Duplicator","floor":21,"gold_loss":0,"cards_obtained":["Well Laid Plans"]},{"damage_healed":0,"gold_gain":0,"player_choice":"Embrace Madness","damage_taken":10,"max_hp_gain":0,"max_hp_loss":0,"event_name":"Winding Halls","floor":36,"gold_loss":0,"cards_obtained":["Madness","Madness"]},{"damage_healed":0,"gold_gain":0,"player_choice":"Fight","damage_taken":0,"max_hp_gain":0,"max_hp_loss":0,"event_name":"Mysterious Sphere","floor":37,"gold_loss":0},{"damage_healed":0,"gold_gain":0,"player_choice":"Memory 1","damage_taken":0,"max_hp_gain":0,"max_hp_loss":0,"event_name":"SensoryStone","floor":46,"gold_loss":0},{"damage_healed":0,"gold_gain":0,"player_choice":"Paid","damage_taken":0,"relics_obtained":["Red Mask"],"max_hp_gain":0,"max_hp_loss":0,"event_name":"Tomb of Lord Red Mask","floor":48,"gold_loss":156}],"is_beta":false,"boss_relics":[{"not_picked":["Eternal Feather","Busted Crown"],"picked":"Pandora\u0027s Box"},{"not_picked":["Tiny House","Ring of the Serpent"],"picked":"Fusion Hammer"}],"items_purged_floors":[20,39,44],"is_endless":false,"potions_floor_spawned":[5,10,13,28,31,35,41,47],"ascension_level":5}