{"gold_per_floor":[15,15,25,41,53,53,68,68,93,168,11,11,11,111,111,185,185,195,195,195,209,290,290,307,317,343,343,361,26,26,37,37,37],"floor_reached":33,"playtime":660,"items_purged":["Defend_R","Strike_R"],"score":403,"play_id":"5a1d5314-c20b-4770-8b18-1960c4cd06d7","local_time":"20181220223441","is_ascension_mode":true,"campfire_choices":[{"data":"Shockwave","floor":6,"key":"SMITH"},{"data":"Clash","floor":8,"key":"SMITH"},{"data":"Rage","floor":12,"key":"SMITH"},{"data":"Clash","floor":15,"key":"SMITH"},{"floor":23,"key":"REST"},{"data":"J.A.X.","floor":27,"key":"SMITH"},{"data":"Mayhem","floor":32,"key":"SMITH"}],"neow_cost":"NO_GOLD","seed_source_timestamp":14158197867436,"circlet_count":0,"master_deck":["AscendersBane","Strike_R","Strike_R","Defend_R","Bash","Twin Strike+1","Shockwave+1","Clash+1","Clash+1","Rage+1","Impervious","Demon Form+1","Shrug It Off+1","Rupture+1","Pommel Strike+1","J.A.X.+1","Reaper","Mayhem+1","Clash"],"relics":["Burning Blood","Magic Flower","Bronze Scales","Astrolabe","Nilry\u0027s Codex","The Courier","Anchor"],"potions_floor_usage":[16,24,33],"damage_taken":[{"damage":8,"enemies":"2 Louse","floor":1,"turns":3},{"damage":0,"enemies":"Cultist","floor":3,"turns":2},{"damage":0,"enemies":"Small Slimes","floor":4,"turns":3},{"damage":17,"enemies":"3 Louse","floor":5,"turns":4},{"damage":6,"enemies":"Red Slaver","floor":7,"turns":4},{"damage":34,"enemies":"Hexaghost","floor":16,"turns":8},{"damage":27,"enemies":"Spheric Guardian","floor":18,"turns":5},{"damage":3,"enemies":"3 Byrds","floor":21,"turns":2},{"damage":16,"enemies":"Snecko","floor":24,"turns":4},{"damage":13,"enemies":"Centurion and Healer","floor":25,"turns":4},{"damage":21,"enemies":"Sentry and Sphere","floor":28,"turns":4},{"damage":8,"enemies":"3 Cultists","floor":31,"turns":4},{"damage":44,"enemies":"Collector","floor":33,"turns":2}],"seed_played":"4417758936531536150","potions_obtained":[{"floor":1,"key":"SpeedPotion"},{"floor":5,"key":"Poison Potion"},{"floor":21,"key":"Weak Potion"},{"floor":25,"key":"Dexterity Potion"},{"floor":31,"key":"PowerPotion"}],"is_trial":false,"path_per_floor":["M","?","M","M","M","R","M","R","T","?","$","R","?","?","R","B",null,"M","?","?","M","T","R","M","M","T","R","M","$","?","M","R","B"],"character_chosen":"IRONCLAD","items_purchased":["Rage","Reaper","Mayhem"],"campfire_rested":1,"item_purchase_floors":[11,29,29],"current_hp_per_floor":[69,69,75,75,67,67,70,70,70,59,59,59,59,59,59,34,65,47,47,31,37,37,59,52,48,48,48,36,36,36,37,37,0],"gold":37,"neow_bonus":"ONE_RARE_RELIC","is_prod":false,"is_daily":false,"chose_seed":false,"campfire_upgraded":6,"win_rate":0,"timestamp":1545345281,"path_taken":["M","?","M","M","M","R","?","R","T","?","$","R","?","?","R","BOSS","M","?","?","M","?","R","M","M","T","R","?","$","?","M","R","BOSS"],"build_version":"2018-12-13","purchased_purges":2,"victory":false,"max_hp_per_floor":[75,75,75,75,75,75,75,75,75,75,75,75,75,75,75,75,75,75,75,75,75,75,75,75,75,75,75,75,75,75,75,75,75],"card_choices":[{"not_picked":["Metallicize","Intimidate"],"picked":"Twin Strike","floor":1},{"not_picked":["Rupture","Wild Strike","Heavy Blade"],"picked":"SKIP","floor":3},{"not_picked":["Blood for Blood","Rage"],"picked":"Shockwave","floor":4},{"not_picked":["Dual Wield","Havoc"],"picked":"Clash","floor":5},{"not_picked":["Perfected Strike","True Grit"],"picked":"Clash","floor":7},{"not_picked":["Demon Form","Limit Break"],"picked":"Impervious","floor":16},{"not_picked":["Iron Wave","Reckless Charge"],"picked":"Pommel Strike+1","floor":18},{"not_picked":["Dual Wield","Clothesline","Corruption"],"picked":"SKIP","floor":21},{"not_picked":["Sword Boomerang","Bloodletting","Searing Blow"],"picked":"SKIP","floor":24},{"not_picked":["Spot Weakness+1","Rampage","Havoc"],"picked":"SKIP","floor":25},{"not_picked":["Armaments","Heavy Blade","Havoc"],"picked":"SKIP","floor":28},{"not_picked":["Dropkick","Warcry"],"picked":"Clash","floor":31}],"player_experience":287237,"relics_obtained":[{"floor":9,"key":"Bronze Scales"},{"floor":20,"key":"Nilry\u0027s Codex"},{"floor":22,"key":"The Courier"},{"floor":26,"key":"Anchor"}],"event_choices":[{"damage_healed":0,"gold_gain":0,"player_choice":"Forge","damage_taken":0,"max_hp_gain":0,"max_hp_loss":0,"event_name":"Accursed Blacksmith","floor":2,"gold_loss":0,"cards_upgraded":["Twin Strike"]},{"damage_healed":0,"gold_gain":75,"player_choice":"Gather Gold","damage_taken":11,"max_hp_gain":0,"max_hp_loss":0,"event_name":"World of Goop","floor":10,"gold_loss":0},{"damage_healed":0,"gold_gain":0,"player_choice":"Leave","damage_taken":0,"max_hp_gain":0,"max_hp_loss":0,"event_name":"The Cleric","floor":13,"gold_loss":0},{"damage_healed":0,"gold_gain":100,"player_choice":"Pray","damage_taken":0,"max_hp_gain":0,"max_hp_loss":0,"event_name":"Golden Shrine","floor":14,"gold_loss":0},{"damage_healed":0,"gold_gain":0,"player_choice":"Obtain J.A.X.","damage_taken":0,"max_hp_gain":0,"max_hp_loss":0,"event_name":"Drug Dealer","floor":19,"gold_loss":0,"cards_obtained":["J.A.X."]},{"damage_healed":0,"gold_gain":0,"player_choice":"Obtained Book","damage_taken":16,"max_hp_gain":0,"max_hp_loss":0,"event_name":"Cursed Tome","floor":20,"gold_loss":0},{"cards_removed":["Strike_R"],"damage_healed":0,"gold_gain":0,"player_choice":"Elegance","damage_taken":0,"max_hp_gain":0,"max_hp_loss":0,"event_name":"Back to Basics","floor":30,"gold_loss":0}],"is_beta":false,"boss_relics":[{"not_picked":["Fusion Hammer","Runic Pyramid"],"picked":"Astrolabe"}],"items_purged_floors":[11,29],"is_endless":false,"potions_floor_spawned":[1,5,7,21,25,28,31],"killed_by":"Collector","ascension_level":14}