{"gold_per_floor":[17,17,92,267,217,252,270,282,282,296,306,319,0,11,11,11],"floor_reached":16,"playtime":403,"items_purged":[],"score":104,"play_id":"81e74cfb-a71c-4689-a416-f67181463a95","local_time":"20180903012320","is_ascension_mode":false,"campfire_choices":[{"floor":15,"key":"REST"}],"neow_cost":"NO_GOLD","seed_source_timestamp":39365075361240,"circlet_count":0,"master_deck":["Strike_B","Strike_B","Strike_B","Strike_B","Defend_B","Defend_B","Defend_B","Defend_B","Zap","Dualcast","Amplify","Lockon","Storm","Leap","Glacier","Capacitor","Conserve Battery+1","Loop"],"relics":["Cracked Core","Mummified Hand","Toxic Egg 2","Frozen Egg 2"],"potions_floor_usage":[8,14,14,16],"damage_taken":[{"damage":1,"enemies":"Cultist","floor":1,"turns":4},{"damage":51,"enemies":"3 Sentries","floor":6,"turns":9},{"damage":6,"enemies":"Jaw Worm","floor":7,"turns":3},{"damage":2,"enemies":"2 Louse","floor":8,"turns":2},{"damage":0,"enemies":"Blue Slaver","floor":10,"turns":4},{"damage":0,"enemies":"Large Slime","floor":11,"turns":5},{"damage":0,"enemies":"3 Louse","floor":12,"turns":4},{"damage":1,"enemies":"Exordium Thugs","floor":14,"turns":6},{"damage":28,"enemies":"The Guardian","floor":16,"turns":6}],"seed_played":"3680794409431187228","potions_obtained":[{"floor":1,"key":"SpeedPotion"},{"floor":8,"key":"Block Potion"},{"floor":12,"key":"SpeedPotion"},{"floor":14,"key":"Fire Potion"}],"is_trial":false,"path_per_floor":["M","$","?","?","?","E","M","M","T","M","M","M","$","M","R"],"character_chosen":"DEFECT","items_purchased":["Loop","Frozen Egg 2"],"campfire_rested":1,"item_purchase_floors":[13,13],"current_hp_per_floor":[74,74,63,63,63,12,6,4,4,4,4,4,4,3,25,0],"gold":11,"neow_bonus":"THREE_RARE_CARDS","is_prod":false,"is_daily":false,"chose_seed":false,"campfire_upgraded":0,"win_rate":0,"timestamp":1535934200,"path_taken":["M","?","?","?","?","E","M","M","T","?","M","M","$","M","R","BOSS"],"build_version":"2018-08-30","purchased_purges":0,"victory":false,"max_hp_per_floor":[75,75,75,75,75,75,75,75,75,75,75,75,75,75,75,75],"card_choices":[{"not_picked":["Buffer","Seek"],"picked":"Amplify","floor":0},{"not_picked":["Hologram","Leap"],"picked":"Lockon","floor":1},{"not_picked":["Coolheaded","Fusion"],"picked":"Storm","floor":6},{"not_picked":["Blizzard","Beam Cell"],"picked":"Leap","floor":7},{"not_picked":["Leap","Gash"],"picked":"Glacier","floor":8},{"not_picked":["Stack+1","Loop"],"picked":"Capacitor","floor":10},{"not_picked":["Sunder","Fission+1"],"picked":"Conserve Battery+1","floor":11},{"not_picked":["Go for the Eyes","Ball Lightning","Leap+1"],"picked":"SKIP","floor":12},{"not_picked":["Coolheaded+1","Stack+1","Streamline"],"picked":"SKIP","floor":14}],"player_experience":12691,"relics_obtained":[{"floor":6,"key":"Mummified Hand"},{"floor":9,"key":"Toxic Egg 2"}],"event_choices":[{"event_name":"World of Goop","player_choice":"Gather Gold","floor":3,"damage_taken":0},{"event_name":"Liars Game","player_choice":"agreed","floor":4,"damage_taken":0},{"event_name":"The Cleric","player_choice":"Card Removal","floor":5,"damage_taken":0}],"is_beta":false,"boss_relics":[],"items_purged_floors":[],"is_endless":false,"potions_floor_spawned":[1,8,12,14],"killed_by":"The Guardian","ascension_level":0}