{"gold_per_floor":[115,290,29,40,55,83,83,33,33,33,49,124,124,140,140,140],"floor_reached":16,"playtime":1066,"items_purged":["Doubt"],"score":132,"play_id":"5c293f4a-b663-4dd9-8b48-b51e748fda47","local_time":"20190104145844","is_ascension_mode":true,"campfire_choices":[{"data":"Body Slam","floor":7,"key":"SMITH"},{"data":"Entrench","floor":10,"key":"SMITH"},{"data":"Offering","floor":15,"key":"SMITH"}],"neow_cost":"PERCENT_DAMAGE","seed_source_timestamp":3367058102868946,"circlet_count":0,"master_deck":["Strike_R","Strike_R","Strike_R","Strike_R","Strike_R","Defend_R","Defend_R","Defend_R","Defend_R","Bash","Offering+1","Entrench+1","Body Slam+1","Shrug It Off","Evolve"],"relics":["Burning Blood","PreservedInsect","Singing Bowl","Bottled Flame"],"potions_floor_usage":[6,13],"damage_taken":[{"damage":12,"enemies":"Small Slimes","floor":1,"turns":2},{"damage":4,"enemies":"2 Louse","floor":4,"turns":4},{"damage":14,"enemies":"Jaw Worm","floor":5,"turns":4},{"damage":26,"enemies":"Lagavulin","floor":6,"turns":6},{"damage":25,"enemies":"Large Slime","floor":11,"turns":8},{"damage":6,"enemies":"Gremlin Nob","floor":13,"turns":2},{"damage":9,"enemies":"3 Louse","floor":14,"turns":5},{"damage":12,"enemies":"The Guardian","floor":16,"turns":3}],"seed_played":"-8975727007301959803","potions_obtained":[{"floor":4,"key":"Regen Potion"},{"floor":11,"key":"SmokeBomb"},{"floor":14,"key":"Explosive Potion"}],"is_trial":false,"path_per_floor":["M","?","$","M","M","E","R","$","T","R","M","?","E","M","R","B"],"character_chosen":"IRONCLAD","items_purchased":["Entrench","PreservedInsect","Shrug It Off"],"campfire_rested":0,"item_purchase_floors":[3,3,8],"current_hp_per_floor":[50,50,50,52,44,41,41,41,41,41,24,13,13,10,10,0],"gold":140,"neow_bonus":"THREE_RARE_CARDS","is_prod":false,"is_daily":false,"chose_seed":false,"campfire_upgraded":3,"win_rate":0,"timestamp":1546642724,"path_taken":["M","?","$","M","M","E","R","$","T","R","M","?","E","M","R","BOSS"],"build_version":"2019-01-03v4","purchased_purges":1,"victory":false,"max_hp_per_floor":[80,80,80,80,80,82,82,82,82,82,84,84,84,84,84,84],"card_choices":[{"not_picked":["Fiend Fire","Juggernaut"],"picked":"Offering","floor":0},{"not_picked":["Wild Strike","Burning Pact","Perfected Strike"],"picked":"SKIP","floor":1},{"not_picked":["Combust","Thunderclap"],"picked":"Body Slam","floor":4},{"not_picked":["Clothesline","True Grit","Twin Strike"],"picked":"SKIP","floor":5},{"not_picked":["Burning Pact","Searing Blow","Hemokinesis"],"picked":"Singing Bowl","floor":6},{"not_picked":["Immolate","Armaments","Wild Strike"],"picked":"Singing Bowl","floor":11},{"not_picked":["Thunderclap","Clothesline"],"picked":"Evolve","floor":14}],"player_experience":203731,"relics_obtained":[{"floor":6,"key":"Singing Bowl"},{"floor":9,"key":"Bottled Flame"}],"event_choices":[{"damage_healed":0,"gold_gain":175,"player_choice":"AGREE","damage_taken":0,"max_hp_gain":0,"max_hp_loss":0,"event_name":"Liars Game","floor":2,"gold_loss":0,"cards_obtained":["Doubt"]},{"damage_healed":0,"gold_gain":75,"player_choice":"Gather Gold","damage_taken":11,"max_hp_gain":0,"max_hp_loss":0,"event_name":"World of Goop","floor":12,"gold_loss":0}],"is_beta":false,"boss_relics":[],"items_purged_floors":[3],"is_endless":false,"potions_floor_spawned":[4,11,14],"killed_by":"The Guardian","ascension_level":4}