{"gold_per_floor":[112,112,130,4,24,24,24,24,105,116,144,171,218,243,255,341,353,385,276,260,272],"floor_reached":21,"playtime":494,"items_purged":["Strike_G"],"score":353,"play_id":"a7555b2f-59c4-43ff-b689-1e86cded74ea","local_time":"20190113004241","is_ascension_mode":true,"campfire_choices":[{"data":"Poisoned Stab","floor":6,"key":"SMITH"},{"data":"Poisoned Stab","floor":8,"key":"SMITH"},{"data":"Sucker Punch","floor":15,"key":"SMITH"}],"neow_cost":"NONE","seed_source_timestamp":90046788774082,"circlet_count":0,"master_deck":["AscendersBane","Defend_G+1","Defend_G","Defend_G","Defend_G","Defend_G+1","Strike_G","Strike_G","Survivor","Neutralize","Poisoned Stab+1","Escape Plan","Poisoned Stab+1","Deadly Poison","PiercingWail+1","Sucker Punch+1","After Image","Poisoned Stab"],"relics":["Ring of the Snake","NeowsBlessing","FaceOfCleric","Toxic Egg 2","MawBank","Incense Burner","Empty Cage","War Paint"],"potions_floor_usage":[11,16,18],"damage_taken":[{"damage":0,"enemies":"2 Louse","floor":1,"turns":1},{"damage":0,"enemies":"Cultist","floor":3,"turns":1},{"damage":0,"enemies":"Small Slimes","floor":5,"turns":1},{"damage":2,"enemies":"Red Slaver","floor":10,"turns":3},{"damage":7,"enemies":"Gremlin Nob","floor":11,"turns":4},{"damage":2,"enemies":"Exordium Wildlife","floor":12,"turns":5},{"damage":26,"enemies":"Lagavulin","floor":13,"turns":6},{"damage":3,"enemies":"Looter","floor":14,"turns":3},{"damage":10,"enemies":"Hexaghost","floor":16,"turns":10},{"damage":33,"enemies":"3 Byrds","floor":18,"turns":7},{"damage":5,"enemies":"2 Thieves","floor":20,"turns":5},{"damage":33,"enemies":"Cultist and Chosen","floor":21,"turns":3}],"seed_played":"-5127764717042649612","potions_obtained":[{"floor":5,"key":"Energy Potion"},{"floor":10,"key":"EssenceOfSteel"},{"floor":12,"key":"Regen Potion"}],"is_trial":false,"path_per_floor":["M","?","M","$","M","R","$","R","T","M","E","M","E","M","R","B",null,"M","?","M","M"],"character_chosen":"THE_SILENT","items_purchased":["Poisoned Stab"],"campfire_rested":0,"item_purchase_floors":[4],"current_hp_per_floor":[59,59,60,60,61,61,61,61,61,60,54,53,28,26,26,32,64,32,32,28,0],"gold":272,"neow_bonus":"THREE_ENEMY_KILL","is_prod":false,"is_daily":false,"chose_seed":false,"campfire_upgraded":3,"win_rate":0,"timestamp":1547340161,"path_taken":["M","?","?","$","M","R","?","R","T","M","E","M","E","M","R","BOSS","M","?","M","M"],"build_version":"2019-01-10","purchased_purges":1,"victory":false,"max_hp_per_floor":[66,66,67,67,68,68,68,68,68,69,70,71,72,73,73,74,74,75,75,76,76],"card_choices":[{"not_picked":["Slice","Backflip"],"picked":"Poisoned Stab","floor":1},{"not_picked":["Tactician","Bane"],"picked":"Escape Plan","floor":3},{"not_picked":["Flechettes","Flying Knee"],"picked":"Deadly Poison","floor":5},{"not_picked":["Prepared+1","Riddle With Holes"],"picked":"PiercingWail+1","floor":10},{"not_picked":["Dagger Throw","Terror+1","Poisoned Stab"],"picked":"SKIP","floor":11},{"not_picked":["Dagger Throw","Sucker Punch","Masterful Stab"],"picked":"SKIP","floor":12},{"not_picked":["Slice","Predator","Grand Finale"],"picked":"SKIP","floor":13},{"not_picked":["Masterful Stab","Noxious Fumes"],"picked":"Sucker Punch","floor":14},{"not_picked":["Storm of Steel+1","Envenom"],"picked":"After Image","floor":16},{"not_picked":["Riddle With Holes","Blade Dance+1"],"picked":"Poisoned Stab","floor":18},{"not_picked":["Dagger Spray","Distraction+1","Quick Slash"],"picked":"SKIP","floor":20}],"player_experience":374823,"relics_obtained":[{"floor":9,"key":"Toxic Egg 2"},{"floor":11,"key":"MawBank"},{"floor":13,"key":"Incense Burner"}],"event_choices":[{"damage_healed":0,"gold_gain":0,"player_choice":"Trade","damage_taken":0,"relics_obtained":["FaceOfCleric"],"max_hp_gain":0,"max_hp_loss":0,"event_name":"FaceTrader","floor":2,"gold_loss":0},{"damage_healed":0,"gold_gain":0,"player_choice":"Paid Gold","damage_taken":0,"relics_obtained":["War Paint"],"max_hp_gain":0,"max_hp_loss":0,"event_name":"WeMeetAgain","floor":19,"gold_loss":121}],"is_beta":false,"boss_relics":[{"not_picked":["Orrery","Calling Bell"],"picked":"Empty Cage"}],"items_purged_floors":[4],"is_endless":false,"potions_floor_spawned":[5,10,12,13],"killed_by":"Cultist and Chosen","ascension_level":17}