{"gold_per_floor":[15,15,27,45,57,57,87,87,112,37,53,53,53,81,81,158,208,220,220,231,246,3,3,3],"floor_reached":24,"playtime":657,"items_purged":["Strike_R","Strike_R"],"score":363,"play_id":"68de8cf7-b186-4001-8c48-c8374f1d85fc","local_time":"20190112113442","is_ascension_mode":true,"campfire_choices":[{"data":"Barricade","floor":6,"key":"SMITH"},{"data":"Iron Wave","floor":8,"key":"SMITH"},{"data":"Body Slam","floor":15,"key":"SMITH"},{"floor":23,"key":"REST"}],"neow_cost":"NO_GOLD","seed_source_timestamp":42606096662499,"circlet_count":0,"master_deck":["AscendersBane","Strike_R+1","Defend_R","Defend_R","Defend_R","Defend_R","Bash","Barricade+1","Infernal Blade","Body Slam+1","Headbutt","Iron Wave+1","Body Slam","Ghostly Armor","Reckless Charge+1","Feel No Pain","Shrug It Off"],"relics":["Burning Blood","NlothsMask","Red Skull","Tiny House"],"potions_floor_usage":[14,16,16,18,20,20,20,21],"damage_taken":[{"damage":1,"enemies":"Cultist","floor":1,"turns":3},{"damage":8,"enemies":"2 Louse","floor":3,"turns":4},{"damage":4,"enemies":"Jaw Worm","floor":4,"turns":8},{"damage":18,"enemies":"3 Louse","floor":5,"turns":4},{"damage":8,"enemies":"Lots of Slimes","floor":11,"turns":4},{"damage":30,"enemies":"3 Sentries","floor":14,"turns":11},{"damage":11,"enemies":"Slime Boss","floor":16,"turns":8},{"damage":16,"enemies":"2 Thieves","floor":18,"turns":5},{"damage":41,"enemies":"Shell Parasite","floor":20,"turns":10},{"damage":75,"enemies":"Sentry and Sphere","floor":21,"turns":8},{"damage":46,"enemies":"Slavers","floor":24,"turns":2}],"seed_played":"3621503474555459432","potions_obtained":[{"floor":3,"key":"Dexterity Potion"},{"floor":4,"key":"SteroidPotion"},{"floor":14,"key":"PowerPotion"},{"floor":17,"key":"SkillPotion"},{"floor":18,"key":"Ancient Potion"},{"floor":19,"key":"Regen Potion"},{"floor":19,"key":"EntropicBrew"},{"floor":20,"key":"FairyPotion"}],"is_trial":false,"path_per_floor":["M","?","M","M","M","R","?","R","T","$","M","$","?","E","R","B",null,"M","?","M","M","$","R","E"],"character_chosen":"IRONCLAD","items_purchased":["Feel No Pain","Shrug It Off"],"campfire_rested":1,"item_purchase_floors":[22,22],"current_hp_per_floor":[73,73,71,73,61,61,61,61,61,61,59,59,59,35,35,30,69,59,59,76,7,7,31,0],"gold":3,"neow_bonus":"TRANSFORM_TWO_CARDS","is_prod":false,"is_daily":false,"chose_seed":false,"campfire_upgraded":3,"win_rate":0,"timestamp":1547292882,"path_taken":["M","?","M","?","M","R","?","R","T","$","M","$","?","E","R","BOSS","M","?","M","M","$","R","E"],"build_version":"2019-01-10","purchased_purges":2,"victory":false,"max_hp_per_floor":[75,75,75,75,75,75,75,75,75,75,75,75,75,75,75,75,80,80,80,80,80,80,80,80],"card_choices":[{"not_picked":["Cleave","Infernal Blade"],"picked":"Body Slam","floor":1},{"not_picked":["Cleave","Anger"],"picked":"Headbutt","floor":3},{"not_picked":["Inflame","Corruption"],"picked":"Iron Wave","floor":4},{"not_picked":["Flex","Headbutt","Seeing Red"],"picked":"SKIP","floor":5},{"not_picked":["Rampage","Second Wind","Clothesline"],"picked":"SKIP","floor":11},{"not_picked":["Dark Embrace","Hemokinesis","Heavy Blade"],"picked":"SKIP","floor":14},{"not_picked":["Clothesline","Flex"],"picked":"Body Slam","floor":17},{"not_picked":["Iron Wave","Uppercut"],"picked":"Ghostly Armor","floor":18},{"not_picked":["Thunderclap","Perfected Strike","Wild Strike"],"picked":"SKIP","floor":20},{"not_picked":["Pommel Strike","Carnage"],"picked":"Reckless Charge+1","floor":21}],"player_experience":367873,"relics_obtained":[{"floor":14,"key":"Red Skull"}],"event_choices":[{"damage_healed":0,"gold_gain":0,"player_choice":"Trade","damage_taken":0,"relics_obtained":["NlothsMask"],"max_hp_gain":0,"max_hp_loss":0,"event_name":"FaceTrader","floor":2,"gold_loss":0},{"damage_healed":0,"gold_gain":30,"player_choice":"Searched \u00271\u0027 times","damage_taken":0,"max_hp_gain":0,"max_hp_loss":0,"event_name":"Dead Adventurer","floor":7,"gold_loss":0},{"damage_healed":0,"gold_gain":0,"player_choice":"Ignored","damage_taken":0,"max_hp_gain":0,"max_hp_loss":0,"event_name":"Liars Game","floor":13,"gold_loss":0},{"damage_healed":0,"gold_gain":0,"player_choice":"Got Potions","damage_taken":0,"max_hp_gain":0,"max_hp_loss":0,"event_name":"Lab","floor":19,"gold_loss":0}],"is_beta":false,"boss_relics":[{"not_picked":["Runic Pyramid","Black Blood"],"picked":"Tiny House"}],"items_purged_floors":[10,22],"is_endless":false,"potions_floor_spawned":[3,4,14,18,20],"killed_by":"Slavers","ascension_level":17}