{"gold_per_floor":[119,130,141,151,165,165,191,191,191,206,29,29,58,73,73,178,178,188,188,202,215,10,10,40,40,63,63,63,80,90,121,121,226,226,238,338,13,13,33,33,68,68,68,102,102],"floor_reached":45,"playtime":5946,"items_purged":["Writhe","Strike_R"],"score":737,"play_id":"fa8e36d0-9c9c-4210-9f30-665e589b6ddc","local_time":"20190107193353","is_ascension_mode":true,"campfire_choices":[{"data":"Armaments","floor":6,"key":"SMITH"},{"data":"Anger","floor":8,"key":"SMITH"},{"data":"Body Slam","floor":15,"key":"SMITH"},{"data":"Entrench","floor":23,"key":"SMITH"},{"data":"Double Tap","floor":25,"key":"SMITH"},{"floor":27,"key":"REST"},{"data":"Exhume","floor":32,"key":"SMITH"},{"data":"Forethought","floor":40,"key":"SMITH"}],"neow_cost":"NONE","seed_source_timestamp":3637877251281922,"circlet_count":0,"master_deck":["Strike_R","Strike_R","Defend_R","Defend_R","Defend_R","Defend_R","Bash","Reaper","Armaments+1","Flame Barrier","Pommel Strike","Shrug It Off","Anger+1","Iron Wave","Body Slam+1","Double Tap+1","Entrench+1","Immolate","Shrug It Off","Pommel Strike+1","Warcry","Disarm","Pommel Strike+1","Exhume+1","Berserk","Pommel Strike+1","Forethought+1","Madness","Madness","Armaments+1"],"relics":["Burning Blood","Bag of Marbles","Torii","Happy Flower","The Courier","Philosopher\u0027s Stone","Charon\u0027s Ashes","Orichalcum","Darkstone Periapt","Bag of Preparation","Smiling Mask","Sozu","Mango","Gremlin Horn","Frozen Egg 2","Pen Nib"],"potions_floor_usage":[7,7,16,18,18,31,33,33,44],"damage_taken":[{"damage":9,"enemies":"Jaw Worm","floor":1,"turns":7},{"damage":0,"enemies":"2 Louse","floor":2,"turns":3},{"damage":5,"enemies":"Small Slimes","floor":3,"turns":3},{"damage":9,"enemies":"Red Slaver","floor":4,"turns":5},{"damage":11,"enemies":"Exordium Thugs","floor":5,"turns":9},{"damage":16,"enemies":"Gremlin Nob","floor":7,"turns":4},{"damage":0,"enemies":"Blue Slaver","floor":10,"turns":4},{"damage":28,"enemies":"Lagavulin","floor":13,"turns":7},{"damage":0,"enemies":"Large Slime","floor":14,"turns":4},{"damage":20,"enemies":"The Guardian","floor":16,"turns":11},{"damage":2,"enemies":"Chosen","floor":18,"turns":4},{"damage":21,"enemies":"Spheric Guardian","floor":20,"turns":6},{"damage":27,"enemies":"Centurion and Healer","floor":21,"turns":6},{"damage":38,"enemies":"Book of Stabbing","floor":24,"turns":5},{"damage":15,"enemies":"Snake Plant","floor":29,"turns":4},{"damage":0,"enemies":"3 Cultists","floor":30,"turns":3},{"damage":0,"enemies":"Slavers","floor":31,"turns":2},{"damage":39,"enemies":"Champ","floor":33,"turns":11},{"damage":0,"enemies":"3 Darklings","floor":35,"turns":2},{"damage":5,"enemies":"Mind Bloom Boss Battle","floor":36,"turns":7},{"damage":0,"enemies":"Orb Walker","floor":39,"turns":2},{"damage":32,"enemies":"Nemesis","floor":41,"turns":5},{"damage":63,"enemies":"Reptomancer","floor":44,"turns":7},{"damage":36,"enemies":"Spire Growth","floor":45,"turns":3}],"seed_played":"8690015811727400972","potions_obtained":[{"floor":3,"key":"GamblersBrew"},{"floor":4,"key":"FearPotion"},{"floor":5,"key":"Explosive Potion"},{"floor":7,"key":"GamblersBrew"},{"floor":13,"key":"BloodPotion"},{"floor":16,"key":"Weak Potion"},{"floor":18,"key":"Ancient Potion"},{"floor":29,"key":"FearPotion"},{"floor":30,"key":"Block Potion"},{"floor":31,"key":"Weak Potion"}],"is_trial":false,"path_per_floor":["M","M","M","M","M","R","E","R","T","M","$","?","E","M","R","B",null,"M","?","M","M","$","R","E","R","T","R","?","M","M","E","R","B",null,"M","?","$","?","M","R","E","?","T","E","M"],"character_chosen":"IRONCLAD","items_purchased":["Happy Flower","Body Slam","Orichalcum","Disarm","Gremlin Horn","Forethought"],"campfire_rested":1,"item_purchase_floors":[11,11,22,22,37,37],"current_hp_per_floor":[69,80,80,77,79,79,69,69,69,80,80,80,58,68,68,59,75,79,79,64,47,47,47,15,15,15,39,39,39,54,60,60,31,68,74,89,89,77,91,91,66,66,66,22,0],"gold":102,"neow_bonus":"ONE_RANDOM_RARE_CARD","is_prod":false,"is_daily":false,"chose_seed":false,"campfire_upgraded":7,"win_rate":0,"timestamp":1546918433,"path_taken":["M","M","M","M","M","R","E","R","T","M","$","?","E","M","R","BOSS","M","?","M","M","$","R","E","R","T","R","?","M","M","E","R","BOSS","M","?","$","?","M","R","E","?","T","E","M"],"build_version":"2019-01-03v4","purchased_purges":2,"victory":false,"max_hp_per_floor":[80,80,80,80,80,80,80,80,80,80,80,80,80,80,80,80,80,80,80,80,80,80,80,80,80,80,80,80,80,80,80,80,80,80,80,94,94,94,94,94,94,94,94,94,94],"card_choices":[{"not_picked":["Burning Pact","Flex"],"picked":"Armaments","floor":1},{"not_picked":["True Grit","Sentinel"],"picked":"Flame Barrier","floor":2},{"not_picked":["Twin Strike","Sword Boomerang"],"picked":"Pommel Strike","floor":3},{"not_picked":["Battle Trance","Carnage"],"picked":"Shrug It Off","floor":4},{"not_picked":["Headbutt","Flex"],"picked":"Anger","floor":5},{"not_picked":["Heavy Blade","Bloodletting","Havoc"],"picked":"SKIP","floor":7},{"not_picked":["Perfected Strike","Thunderclap"],"picked":"Iron Wave","floor":10},{"not_picked":["Cleave","Entrench"],"picked":"Double Tap","floor":13},{"not_picked":["Searing Blow","Clothesline"],"picked":"Entrench","floor":14},{"not_picked":["Reaper","Juggernaut"],"picked":"Immolate","floor":16},{"not_picked":["Rage","True Grit"],"picked":"Shrug It Off","floor":18},{"not_picked":["Perfected Strike+1","Havoc"],"picked":"Pommel Strike+1","floor":20},{"not_picked":["Headbutt+1","Thunderclap+1"],"picked":"Warcry","floor":21},{"not_picked":["Havoc","True Grit","Second Wind"],"picked":"SKIP","floor":24},{"not_picked":["Infernal Blade","Dropkick"],"picked":"Pommel Strike+1","floor":29},{"not_picked":["Headbutt","Warcry+1"],"picked":"Exhume","floor":30},{"not_picked":["Battle Trance","Twin Strike","Cleave+1"],"picked":"SKIP","floor":31},{"not_picked":["Feed","Fiend Fire"],"picked":"Berserk","floor":33},{"not_picked":["Perfected Strike+1","Uppercut+1"],"picked":"Pommel Strike+1","floor":35},{"not_picked":["Wild Strike","Rampage+1","Thunderclap+1"],"picked":"SKIP","floor":39},{"not_picked":["Body Slam+1","Immolate","Sword Boomerang"],"picked":"SKIP","floor":41},{"not_picked":["Sever Soul+1","Flame Barrier"],"picked":"Armaments+1","floor":44}],"player_experience":230188,"relics_obtained":[{"floor":7,"key":"Bag of Marbles"},{"floor":9,"key":"Torii"},{"floor":13,"key":"The Courier"},{"floor":24,"key":"Darkstone Periapt"},{"floor":26,"key":"Bag of Preparation"},{"floor":31,"key":"Smiling Mask"},{"floor":36,"key":"Mango"},{"floor":41,"key":"Frozen Egg 2"},{"floor":44,"key":"Pen Nib"}],"event_choices":[{"damage_healed":0,"gold_gain":0,"player_choice":"Leave","damage_taken":0,"max_hp_gain":0,"max_hp_loss":0,"event_name":"The Cleric","floor":12,"gold_loss":0},{"damage_healed":0,"gold_gain":0,"player_choice":"Opened","damage_taken":0,"relics_obtained":["Charon\u0027s Ashes"],"max_hp_gain":0,"max_hp_loss":0,"event_name":"The Mausoleum","floor":19,"gold_loss":0,"cards_obtained":["Writhe"]},{"cards_removed":["Strike_R"],"damage_healed":0,"gold_gain":0,"player_choice":"Purged","damage_taken":0,"max_hp_gain":0,"max_hp_loss":0,"event_name":"Purifier","floor":28,"gold_loss":0},{"damage_healed":0,"gold_gain":0,"player_choice":"Fight","damage_taken":0,"max_hp_gain":0,"max_hp_loss":0,"event_name":"MindBloom","floor":36,"gold_loss":0},{"damage_healed":0,"gold_gain":0,"player_choice":"Embrace Madness","damage_taken":12,"max_hp_gain":0,"max_hp_loss":0,"event_name":"Winding Halls","floor":38,"gold_loss":0,"cards_obtained":["Madness","Madness"]},{"cards_removed":["Strike_R"],"damage_healed":0,"gold_gain":0,"player_choice":"Removed Attack","damage_taken":0,"max_hp_gain":0,"max_hp_loss":0,"event_name":"Falling","floor":42,"gold_loss":0}],"is_beta":false,"boss_relics":[{"not_picked":["Calling Bell","Empty Cage"],"picked":"Philosopher\u0027s Stone"},{"not_picked":["Pandora\u0027s Box","Runic Pyramid"],"picked":"Sozu"}],"items_purged_floors":[22,37],"is_endless":false,"potions_floor_spawned":[3,4,5,7,13,16,18,29,30,31,36,41,44],"killed_by":"Spire Growth","ascension_level":6}