{"gold_per_floor":[114,127,142,157,51,51,68,68,68,79,154,154,154,180,180,180],"floor_reached":16,"playtime":719,"items_purged":[],"score":189,"play_id":"56960121-aec1-4fbb-94a8-10ab69eac181","local_time":"20190118193551","is_ascension_mode":true,"campfire_choices":[{"data":"Magnetism","floor":6,"key":"SMITH"},{"data":"Bandage Up","floor":8,"key":"SMITH"},{"floor":13,"key":"REST"},{"floor":15,"key":"DIG"}],"neow_cost":"TEN_PERCENT_HP_LOSS","seed_source_timestamp":698478748090428,"circlet_count":0,"master_deck":["AscendersBane","Strike_R","Strike_R","Strike_R","Strike_R","Defend_R","Defend_R","Defend_R","Defend_R","Bash","Bandage Up+1","Magnetism+1","Flame Barrier","Disarm","Finesse","Impervious"],"relics":["Burning Blood","Shovel","Torii","Gambling Chip"],"potions_floor_usage":[14,16,16],"damage_taken":[{"damage":23,"enemies":"Jaw Worm","floor":1,"turns":6},{"damage":6,"enemies":"2 Louse","floor":2,"turns":5},{"damage":23,"enemies":"Cultist","floor":3,"turns":6},{"damage":8,"enemies":"2 Fungi Beasts","floor":4,"turns":5},{"damage":20,"enemies":"Blue Slaver","floor":7,"turns":7},{"damage":15,"enemies":"3 Louse","floor":10,"turns":7},{"damage":48,"enemies":"Gremlin Nob","floor":14,"turns":6},{"damage":15,"enemies":"The Guardian","floor":16,"turns":2}],"seed_played":"773569100386377901","potions_obtained":[{"floor":2,"key":"LiquidBronze"},{"floor":7,"key":"Block Potion"},{"floor":14,"key":"Dexterity Potion"}],"is_trial":false,"path_per_floor":["M","M","M","M","$","R","M","R","T","M","?","?","R","E","R","B"],"character_chosen":"IRONCLAD","items_purchased":["Finesse"],"campfire_rested":1,"item_purchase_floors":[5],"current_hp_per_floor":[55,59,46,48,48,48,38,38,38,35,24,24,44,8,8,0],"gold":180,"neow_bonus":"RANDOM_COLORLESS_2","is_prod":false,"is_daily":false,"chose_seed":false,"campfire_upgraded":2,"win_rate":0,"timestamp":1547868951,"path_taken":["M","M","M","M","$","R","M","R","T","M","?","?","R","E","R","BOSS"],"build_version":"2019-01-10","purchased_purges":0,"victory":false,"max_hp_per_floor":[68,68,68,68,68,68,68,68,68,68,68,68,68,68,68,68],"card_choices":[{"not_picked":["True Grit","Perfected Strike","Warcry"],"picked":"SKIP","floor":1},{"not_picked":["Intimidate","Warcry"],"picked":"Flame Barrier","floor":2},{"not_picked":["Intimidate","Searing Blow"],"picked":"Disarm","floor":3},{"not_picked":["Warcry","Twin Strike","Cleave"],"picked":"SKIP","floor":4},{"not_picked":["Heavy Blade","Rupture"],"picked":"Impervious","floor":7},{"not_picked":["Headbutt","Warcry","Wild Strike"],"picked":"SKIP","floor":10},{"not_picked":["Pommel Strike","Second Wind","Armaments"],"picked":"SKIP","floor":14}],"player_experience":383639,"relics_obtained":[{"floor":9,"key":"Shovel"},{"floor":14,"key":"Torii"},{"floor":15,"key":"Gambling Chip"}],"event_choices":[{"damage_healed":0,"gold_gain":75,"player_choice":"Gather Gold","damage_taken":11,"max_hp_gain":0,"max_hp_loss":0,"event_name":"World of Goop","floor":11,"gold_loss":0},{"cards_removed":["Strike_R"],"damage_healed":0,"gold_gain":0,"player_choice":"Purged","damage_taken":0,"max_hp_gain":0,"max_hp_loss":0,"event_name":"Purifier","floor":12,"gold_loss":0}],"is_beta":false,"boss_relics":[],"items_purged_floors":[],"is_endless":false,"potions_floor_spawned":[2,7,10,14],"killed_by":"The Guardian","ascension_level":17}