{"gold_per_floor":[116,116,116,66,66,93,93,111,111,13,13,32,32,58,58,162,162,178,7,7,18,37,37,65,65,65,78,1,1,11,31,31,129,129,143,143,66,86,86,99,132,132,132,152,163,163,179,189,189,189,189,189,22,54,54],"floor_reached":55,"playtime":1593,"items_purged":["Strike_G"],"score":732,"play_id":"9db92cd3-3476-4ebf-b8db-bea57de058f3","local_time":"20181230032354","is_ascension_mode":false,"campfire_choices":[{"data":"Envenom","floor":7,"key":"SMITH"},{"data":"Cloak And Dagger","floor":13,"key":"SMITH"},{"data":"Bane","floor":15,"key":"SMITH"},{"data":"Sadistic Nature","floor":23,"key":"SMITH"},{"data":"Envenom","floor":29,"key":"SMITH"},{"floor":32,"key":"REST"},{"floor":42,"key":"RECALL"},{"floor":46,"key":"REST"},{"floor":49,"key":"REST"},{"floor":52,"key":"REST"}],"neow_cost":"NONE","seed_source_timestamp":49072209792081,"circlet_count":0,"master_deck":["Defend_G","Defend_G","Defend_G","Defend_G+1","Survivor+1","Neutralize+1","Sucker Punch","Envenom+1","Dagger Spray","Bane+1","Cloak And Dagger+1","Malaise+1","Malaise","Masterful Stab+1","Adrenaline+1","Riddle With Holes","Sadistic Nature+1","Prepared+1","Crippling Poison+1","Noxious Fumes+1","Cloak And Dagger+1","Envenom+1","Adrenaline","PiercingWail","Catalyst","Infinite Blades","Crippling Poison+1","Cloak And Dagger+1","PiercingWail+1","Prepared+1","Sadistic Nature"],"relics":["Ring of the Snake","NeowsBlessing","Bag of Marbles","Blue Candle","Kunai","Astrolabe","PreservedInsect","Matryoshka","Fusion Hammer","GremlinMask","Gambling Chip","Ancient Tea Set","The Specimen"],"potions_floor_usage":[21,21,24,55],"damage_taken":[{"damage":0,"enemies":"Cultist","floor":1,"turns":1},{"damage":0,"enemies":"Lagavulin","floor":6,"turns":1},{"damage":0,"enemies":"Small Slimes","floor":8,"turns":1},{"damage":0,"enemies":"2 Louse","floor":12,"turns":3},{"damage":18,"enemies":"3 Sentries","floor":14,"turns":6},{"damage":24,"enemies":"Slime Boss","floor":16,"turns":11},{"damage":0,"enemies":"3 Byrds","floor":18,"turns":3},{"damage":0,"enemies":"Spheric Guardian","floor":21,"turns":1},{"damage":0,"enemies":"3 Cultists","floor":22,"turns":3},{"damage":14,"enemies":"Book of Stabbing","floor":24,"turns":6},{"damage":10,"enemies":"Sentry and Sphere","floor":27,"turns":6},{"damage":3,"enemies":"Snecko","floor":30,"turns":3},{"damage":7,"enemies":"Centurion and Healer","floor":31,"turns":4},{"damage":26,"enemies":"Automaton","floor":33,"turns":8},{"damage":0,"enemies":"Orb Walker","floor":35,"turns":3},{"damage":6,"enemies":"3 Darklings","floor":38,"turns":4},{"damage":0,"enemies":"Spire Growth","floor":40,"turns":3},{"damage":16,"enemies":"Nemesis","floor":41,"turns":5},{"damage":6,"enemies":"4 Shapes","floor":44,"turns":8},{"damage":0,"enemies":"Jaw Worm Horde","floor":45,"turns":2},{"damage":0,"enemies":"3 Darklings","floor":47,"turns":3},{"damage":0,"enemies":"4 Shapes","floor":48,"turns":4},{"damage":29,"enemies":"Donu and Deca","floor":50,"turns":8},{"damage":27,"enemies":"Shield and Spear","floor":54,"turns":4},{"damage":44,"enemies":"The Heart","floor":55,"turns":6}],"seed_played":"-3220801545559701186","potions_obtained":[{"floor":8,"key":"SpeedPotion"},{"floor":12,"key":"Poison Potion"},{"floor":14,"key":"Regen Potion"},{"floor":16,"key":"Fire Potion"},{"floor":31,"key":"SteroidPotion"},{"floor":35,"key":"GhostInAJar"},{"floor":45,"key":"Energy Potion"}],"is_trial":false,"path_per_floor":["M","?","?","?","?","E","R","M","T","$","?","M","R","E","R","B",null,"M","$","?","M","M","R","E","?","T","M","$","R","M","M","R","B",null,"M","?","$","M","?","M","E","R","T","M","M","R","M","M","R","B",null,"R","$","E","B"],"character_chosen":"THE_SILENT","items_purchased":["Bane","Sadistic Nature","Envenom","Catalyst","Sadistic Nature"],"campfire_rested":4,"item_purchase_floors":[10,19,28,37,53],"current_hp_per_floor":[70,70,63,63,63,63,63,63,63,63,49,49,49,31,31,7,70,70,70,70,70,70,70,67,67,67,57,57,57,54,47,68,42,70,70,70,70,64,64,64,48,48,48,42,42,63,63,63,70,41,70,70,70,43,0],"gold":54,"neow_bonus":"THREE_ENEMY_KILL","is_prod":false,"is_daily":false,"chose_seed":false,"campfire_upgraded":5,"win_rate":0,"timestamp":1546140234,"path_taken":["M","?","?","?","?","E","R","M","T","$","?","M","R","E","R","BOSS","M","$","?","M","M","R","E","?","T","?","?","R","?","M","R","BOSS","M","?","$","M","?","M","E","R","T","?","M","R","M","M","R","BOSS","R","$","E","BOSS"],"build_version":"2018-12-20","purchased_purges":1,"victory":false,"max_hp_per_floor":[70,70,70,70,70,70,70,70,70,70,70,70,70,70,70,70,70,70,70,70,70,70,70,70,70,70,70,70,70,70,70,70,70,70,70,70,70,70,70,70,70,70,70,70,70,70,70,70,70,70,70,70,70,70,70],"card_choices":[{"not_picked":["Flying Knee","Distraction"],"picked":"Sucker Punch","floor":1},{"not_picked":["Sucker Punch","Poisoned Stab"],"picked":"Envenom","floor":6},{"not_picked":["Tactician","Cloak And Dagger"],"picked":"Dagger Spray","floor":8},{"not_picked":["Well Laid Plans","Flechettes"],"picked":"Cloak And Dagger","floor":12},{"not_picked":["Crippling Poison","Poisoned Stab"],"picked":"Malaise","floor":14},{"not_picked":["Grand Finale","Glass Knife"],"picked":"Malaise","floor":16},{"not_picked":["Backflip+1","Blade Dance"],"picked":"Riddle With Holes","floor":18},{"not_picked":["Underhanded Strike+1","Dagger Throw"],"picked":"Prepared+1","floor":21},{"not_picked":["Quick Slash","Masterful Stab+1"],"picked":"Crippling Poison+1","floor":22},{"not_picked":["Sucker Punch+1","Dodge and Roll"],"picked":"Noxious Fumes+1","floor":24},{"not_picked":["Setup+1","Dash"],"picked":"Cloak And Dagger+1","floor":27},{"not_picked":["Dagger Throw","Die Die Die","Terror"],"picked":"SKIP","floor":30},{"not_picked":["Finisher","Underhanded Strike+1","Prepared"],"picked":"SKIP","floor":31},{"not_picked":["Venomology","Corpse Explosion"],"picked":"Adrenaline","floor":33},{"not_picked":["Distraction","Poisoned Stab"],"picked":"PiercingWail","floor":35},{"not_picked":["Slice","Flying Knee"],"picked":"Infinite Blades","floor":38},{"not_picked":["Outmaneuver+1","Bane+1"],"picked":"Crippling Poison+1","floor":40},{"not_picked":["Sucker Punch","Deadly Poison"],"picked":"Cloak And Dagger+1","floor":41},{"not_picked":["Choke","Flying Knee"],"picked":"PiercingWail+1","floor":44},{"not_picked":["Tactician+1","Deflect"],"picked":"Prepared+1","floor":45},{"not_picked":["Eviscerate+1","Quick Slash+1","Tactician+1"],"picked":"SKIP","floor":47},{"not_picked":["Dagger Throw","Blade Dance","Cloak And Dagger"],"picked":"SKIP","floor":48},{"not_picked":["Deadly Poison+1","Night Terror","All Out Attack"],"picked":"SKIP","floor":54}],"player_experience":324152,"relics_obtained":[{"floor":6,"key":"Bag of Marbles"},{"floor":9,"key":"Blue Candle"},{"floor":14,"key":"Kunai"},{"floor":24,"key":"PreservedInsect"},{"floor":26,"key":"Matryoshka"},{"floor":41,"key":"Gambling Chip"},{"floor":43,"key":"Ancient Tea Set"},{"floor":54,"key":"The Specimen"}],"event_choices":[{"damage_healed":0,"gold_gain":0,"player_choice":"Grow","damage_taken":0,"max_hp_gain":0,"max_hp_loss":0,"event_name":"Living Wall","floor":2,"gold_loss":0,"cards_upgraded":["Neutralize"]},{"cards_removed":["Strike_G"],"damage_healed":0,"gold_gain":0,"player_choice":"Card Removal","damage_taken":7,"max_hp_gain":0,"max_hp_loss":0,"event_name":"Golden Wing","floor":3,"gold_loss":0},{"cards_removed":["Strike_G"],"damage_healed":0,"gold_gain":0,"player_choice":"Card Removal","damage_taken":0,"max_hp_gain":0,"max_hp_loss":0,"event_name":"The Cleric","floor":4,"gold_loss":50},{"damage_healed":0,"gold_gain":0,"player_choice":"Ignored","damage_taken":0,"max_hp_gain":0,"max_hp_loss":0,"event_name":"Liars Game","floor":5,"gold_loss":0},{"damage_healed":0,"gold_gain":0,"player_choice":"Entered Light","damage_taken":14,"max_hp_gain":0,"max_hp_loss":0,"event_name":"Shining Light","floor":11,"gold_loss":0,"cards_upgraded":["Survivor","Defend_G"]},{"damage_healed":0,"gold_gain":0,"player_choice":"Ignored","damage_taken":0,"max_hp_gain":0,"max_hp_loss":0,"event_name":"Cursed Tome","floor":20,"gold_loss":0},{"damage_healed":0,"gold_gain":0,"player_choice":"Upgraded","damage_taken":0,"max_hp_gain":0,"max_hp_loss":0,"event_name":"Upgrade Shrine","floor":25,"gold_loss":0,"cards_upgraded":["Malaise"]},{"cards_removed":["Eviscerate"],"damage_healed":0,"gold_gain":0,"player_choice":"Removed Attack","damage_taken":0,"max_hp_gain":0,"max_hp_loss":0,"event_name":"Falling","floor":36,"gold_loss":0},{"damage_healed":0,"gold_gain":0,"player_choice":"Trade","damage_taken":0,"relics_obtained":["GremlinMask"],"max_hp_gain":0,"max_hp_loss":0,"event_name":"FaceTrader","floor":39,"gold_loss":0}],"is_beta":false,"boss_relics":[{"not_picked":["WristBlade","Velvet Choker"],"picked":"Astrolabe"},{"not_picked":["Pandora\u0027s Box","Coffee Dripper"],"picked":"Fusion Hammer"}],"items_purged_floors":[10],"is_endless":false,"potions_floor_spawned":[8,12,14,16,18,31,35,45,47,54],"killed_by":"The Heart","ascension_level":0}