{"gold_per_floor":[110,110,110,126,143,177,177,34,34,34,34,34,53,71,71,167,167,186,186],"floor_reached":19,"playtime":1648,"items_purged":[],"score":200,"play_id":"d42c9d7c-0871-44d8-802c-b2b04cb879f0","local_time":"20190203001236","is_ascension_mode":true,"campfire_choices":[{"floor":7,"key":"REST"},{"data":"Noxious Fumes","floor":10,"key":"SMITH"},{"floor":15,"key":"REST"}],"neow_cost":"NONE","seed_source_timestamp":126657991790111,"circlet_count":0,"master_deck":["Defend_G","Defend_G","Defend_G","Defend_G","Defend_G","Strike_G","Strike_G","Strike_G","Survivor","Neutralize+1","Madness","Acrobatics","Acrobatics","Heel Hook","Heel Hook","Dagger Spray","Noxious Fumes+1","Terror","Escape Plan","Flechettes","Bullet Time","Backflip","Deflect","Cloak And Dagger","Cloak And Dagger","Well Laid Plans","Dodge and Roll+1"],"relics":["Ring of the Snake","Bottled Lightning","Kunai","Orrery"],"potions_floor_usage":[16,16,16],"damage_taken":[{"damage":0,"enemies":"Small Slimes","floor":1,"turns":4},{"damage":0,"enemies":"2 Louse","floor":4,"turns":4},{"damage":0,"enemies":"Cultist","floor":5,"turns":4},{"damage":48,"enemies":"Gremlin Nob","floor":6,"turns":6},{"damage":1,"enemies":"Red Slaver","floor":13,"turns":3},{"damage":8,"enemies":"Blue Slaver","floor":14,"turns":3},{"damage":54,"enemies":"Slime Boss","floor":16,"turns":13},{"damage":63,"enemies":"3 Byrds","floor":18,"turns":7},{"damage":7,"enemies":"Spheric Guardian","floor":19,"turns":3}],"seed_played":"7417975796959004661","potions_obtained":[{"floor":1,"key":"AttackPotion"},{"floor":4,"key":"Block Potion"},{"floor":13,"key":"EntropicBrew"},{"floor":14,"key":"Weak Potion"}],"is_trial":false,"path_per_floor":["M","?","?","M","M","E","R","$","T","R","$","?","M","M","R","B",null,"M","M"],"character_chosen":"THE_SILENT","items_purchased":["Noxious Fumes","Terror"],"campfire_rested":2,"item_purchase_floors":[8,8],"current_hp_per_floor":[70,70,70,70,70,22,43,43,43,43,43,43,42,34,55,1,70,7,0],"gold":186,"neow_bonus":"RANDOM_COLORLESS","is_prod":false,"is_daily":false,"chose_seed":false,"campfire_upgraded":1,"win_rate":0,"timestamp":1549149156,"path_taken":["M","?","?","?","M","E","R","?","T","R","$","?","M","M","R","BOSS","M","M"],"build_version":"2019-01-23","purchased_purges":0,"victory":false,"max_hp_per_floor":[70,70,70,70,70,70,70,70,70,70,70,70,70,70,70,70,70,70,70],"card_choices":[{"not_picked":["Deadly Poison","Expertise"],"picked":"Acrobatics","floor":1},{"not_picked":["Eviscerate","Bane"],"picked":"Heel Hook","floor":4},{"not_picked":["Underhanded Strike","Acrobatics"],"picked":"Heel Hook","floor":5},{"not_picked":["Venomology","Eviscerate"],"picked":"Dagger Spray","floor":6},{"not_picked":["Bane","Dodge and Roll"],"picked":"Escape Plan","floor":13},{"not_picked":["Sucker Punch","Blade Dance"],"picked":"Flechettes","floor":14},{"not_picked":["Envenom","Malaise"],"picked":"Bullet Time","floor":16},{"not_picked":["Backstab","Predator"],"picked":"Backflip","floor":17},{"not_picked":["Choke","Underhanded Strike"],"picked":"Deflect","floor":17},{"not_picked":["Poisoned Stab","Expertise"],"picked":"Cloak And Dagger","floor":17},{"not_picked":["PiercingWail","Choke"],"picked":"Cloak And Dagger","floor":17},{"not_picked":["Acrobatics","Backflip"],"picked":"Well Laid Plans","floor":17},{"not_picked":["Concentrate","Cloak And Dagger"],"picked":"Dodge and Roll+1","floor":18}],"player_experience":501568,"relics_obtained":[{"floor":6,"key":"Bottled Lightning"},{"floor":9,"key":"Kunai"}],"event_choices":[{"damage_healed":0,"gold_gain":0,"cards_transformed":["Strike_G"],"player_choice":"Change","damage_taken":0,"max_hp_gain":0,"max_hp_loss":0,"event_name":"Living Wall","floor":2,"gold_loss":0,"cards_obtained":["Acrobatics"]},{"damage_healed":0,"gold_gain":0,"player_choice":"Upgraded","damage_taken":0,"max_hp_gain":0,"max_hp_loss":0,"event_name":"Upgrade Shrine","floor":3,"gold_loss":0,"cards_upgraded":["Neutralize"]},{"cards_removed":["Strike_G"],"damage_healed":0,"gold_gain":0,"player_choice":"Offered Basic","damage_taken":0,"max_hp_gain":0,"max_hp_loss":0,"event_name":"Bonfire Elementals","floor":12,"gold_loss":0}],"is_beta":false,"boss_relics":[{"not_picked":["Velvet Choker","Ring of the Serpent"],"picked":"Orrery"}],"items_purged_floors":[],"is_endless":false,"potions_floor_spawned":[1,4,13,14,18],"killed_by":"Spheric Guardian","ascension_level":4}