{"gold_per_floor":[113,63,138,149,25,25,45,45,68,80,112,112,124,139,139,139],"floor_reached":16,"playtime":1691,"items_purged":["Strike_B"],"score":102,"play_id":"e0691946-265a-4417-908f-56559ecb6ced","local_time":"20180725015739","is_ascension_mode":false,"campfire_choices":[{"data":"Zap","floor":6,"key":"SMITH"},{"data":"Fusion","floor":8,"key":"SMITH"},{"floor":15,"key":"REST"}],"neow_cost":"","seed_source_timestamp":599642835781401,"circlet_count":0,"master_deck":["Strike_B","Strike_B+1","Defend_B","Defend_B","Defend_B","Defend_B","Zap+1","Dualcast","Hologram","Go for the Eyes+1","Conserve Battery","Fusion+1","Genetic Algorithm","Steam+1"],"relics":["Cracked Core","Whetstone","Ornamental Fan","Toxic Egg 2"],"potions_floor_usage":[16,16],"damage_taken":[{"damage":1,"enemies":"Jaw Worm","floor":1,"turns":3},{"damage":2,"enemies":"Small Slimes","floor":4,"turns":4},{"damage":0,"enemies":"Cultist","floor":7,"turns":3},{"damage":6,"enemies":"Lots of Slimes","floor":10,"turns":4},{"damage":16,"enemies":"Lagavulin","floor":11,"turns":6},{"damage":4,"enemies":"Looter","floor":13,"turns":4},{"damage":7,"enemies":"3 Louse","floor":14,"turns":4},{"damage":41,"enemies":"Hexaghost","floor":16,"turns":11}],"seed_played":"-6010648136906473371","potions_obtained":[{"floor":7,"key":"GamblersBrew"},{"floor":14,"key":"Strength Potion"}],"is_trial":false,"path_per_floor":["M","?","?","M","$","R","M","R","T","M","E","?","M","M","R"],"character_chosen":"DEFECT","items_purchased":["Conserve Battery"],"campfire_rested":1,"item_purchase_floors":[5],"current_hp_per_floor":[74,74,63,61,61,61,61,61,61,55,39,27,23,16,38,0],"gold":139,"neow_bonus":"","is_prod":false,"is_daily":false,"chose_seed":false,"campfire_upgraded":2,"win_rate":0.0,"timestamp":1532501859,"path_taken":["M","?","?","M","$","R","M","R","T","?","E","?","M","M","R","BOSS"],"build_version":"2018-07-19v2","purchased_purges":1,"victory":false,"max_hp_per_floor":[75,75,75,75,75,75,75,75,75,75,75,75,75,75,75,75],"card_choices":[{"not_picked":["Stack","FTL"],"picked":"Hologram","floor":1},{"not_picked":["Compile Driver","Sweeping Beam"],"picked":"Go for the Eyes","floor":4},{"not_picked":["Sweeping Beam","Streamline"],"picked":"Fusion","floor":7},{"not_picked":["Steam","Gash","Lockon"],"picked":"SKIP","floor":10},{"not_picked":["Hologram","Reinforced Body"],"picked":"Genetic Algorithm","floor":11},{"not_picked":["Reprogram+1","Sweeping Beam","Doom and Gloom"],"picked":"SKIP","floor":13},{"not_picked":["Streamline","Stack+1"],"picked":"Steam+1","floor":14}],"player_experience":9055,"relics_obtained":[{"floor":9,"key":"Whetstone"},{"floor":11,"key":"Ornamental Fan"}],"event_choices":[{"event_name":"The Cleric","player_choice":"Card Removal","floor":2,"damage_taken":0},{"event_name":"World of Goop","player_choice":"Gather Gold","floor":3,"damage_taken":0},{"event_name":"Scrap Ooze","player_choice":"success","floor":12,"damage_taken":12}],"is_beta":false,"boss_relics":[],"items_purged_floors":[5],"is_endless":false,"potions_floor_spawned":[7,14],"killed_by":"Hexaghost","ascension_level":0}