{"gold_per_floor":[117,117,42,55,55,55,27,41,117,176,189,206,206,218,218,297,297,308,308,324,337,337],"floor_reached":22,"playtime":633,"items_purged":["Strike_B"],"score":347,"play_id":"14f00e14-e3fc-4f80-969f-56b1bc24338b","local_time":"20181110131214","is_ascension_mode":true,"campfire_choices":[{"data":"Impatience","floor":6,"key":"SMITH"},{"data":"Tempest","floor":13,"key":"SMITH"},{"data":"FTL","floor":15,"key":"SMITH"}],"neow_cost":"TEN_PERCENT_HP_LOSS","seed_source_timestamp":68847219469537,"circlet_count":0,"master_deck":["AscendersBane","Strike_B","Strike_B","Defend_B","Defend_B","Defend_B","Defend_B","Zap","Dualcast","Panache","Impatience+1","FTL+1","FTL","Cold Snap","Skim","Tempest+1","Fission","Chill","Multi-Cast","Cold Snap"],"relics":["Cracked Core","Mercury Hourglass","GremlinMask","Pear","Gambling Chip","Sozu"],"potions_floor_usage":[16],"damage_taken":[{"damage":7,"enemies":"Cultist","floor":1,"turns":4},{"damage":10,"enemies":"2 Louse","floor":4,"turns":2},{"damage":0,"enemies":"Small Slimes","floor":8,"turns":2},{"damage":6,"enemies":"3 Sentries","floor":10,"turns":5},{"damage":4,"enemies":"Looter","floor":11,"turns":3},{"damage":7,"enemies":"Red Slaver","floor":12,"turns":2},{"damage":0,"enemies":"3 Louse","floor":14,"turns":2},{"damage":33,"enemies":"The Guardian","floor":16,"turns":8},{"damage":21,"enemies":"2 Thieves","floor":18,"turns":3},{"damage":1,"enemies":"3 Byrds","floor":20,"turns":3},{"damage":0,"enemies":"Cultist and Chosen","floor":21,"turns":3},{"damage":38,"enemies":"Snecko","floor":22,"turns":6}],"seed_played":"2788467608327348370","potions_obtained":[{"floor":1,"key":"SteroidPotion"},{"floor":10,"key":"FearPotion"},{"floor":11,"key":"SkillPotion"}],"is_trial":false,"path_per_floor":["M","T","$","M","?","R","$","M","T","?","M","M","R","M","R","B",null,"M","?","M","M","M"],"character_chosen":"DEFECT","items_purchased":["Cold Snap"],"campfire_rested":0,"item_purchase_floors":[7],"current_hp_per_floor":[57,57,57,47,47,47,47,47,57,51,47,40,40,40,40,7,57,36,36,35,35,0],"gold":337,"neow_bonus":"RANDOM_COLORLESS_2","is_prod":false,"is_daily":false,"chose_seed":false,"campfire_upgraded":3,"win_rate":0,"timestamp":1541855534,"path_taken":["M","?","$","?","?","R","?","M","T","?","M","M","R","M","R","BOSS","M","?","M","M","M"],"build_version":"2018-11-08","purchased_purges":1,"victory":false,"max_hp_per_floor":[64,64,64,64,64,64,64,64,74,74,74,74,74,74,74,74,74,74,74,74,74,74],"card_choices":[{"not_picked":["Ball Lightning","Turbo"],"picked":"FTL","floor":1},{"not_picked":["Tempest","Stack"],"picked":"FTL","floor":4},{"not_picked":["Fusion","Sweeping Beam","Hello World"],"picked":"SKIP","floor":8},{"not_picked":["Beam Cell","Compile Driver"],"picked":"Skim","floor":10},{"not_picked":["Steam Power","Rebound","Stack"],"picked":"SKIP","floor":11},{"not_picked":["Gash","Sweeping Beam"],"picked":"Tempest","floor":12},{"not_picked":["Go for the Eyes","Turbo","Compile Driver"],"picked":"SKIP","floor":14},{"not_picked":["Biased Cognition","Amplify"],"picked":"Fission","floor":16},{"not_picked":["Leap","Gash+1"],"picked":"Chill","floor":18},{"not_picked":["Stack","Leap","Streamline"],"picked":"SKIP","floor":20},{"not_picked":["Go for the Eyes+1","Auto Shields"],"picked":"Cold Snap","floor":21}],"player_experience":138710,"relics_obtained":[{"floor":2,"key":"Mercury Hourglass"},{"floor":9,"key":"Pear"},{"floor":10,"key":"Gambling Chip"}],"event_choices":[{"damage_healed":0,"gold_gain":0,"player_choice":"Trade","damage_taken":0,"relics_obtained":["GremlinMask"],"max_hp_gain":0,"max_hp_loss":0,"event_name":"FaceTrader","floor":5,"gold_loss":0},{"damage_healed":0,"gold_gain":0,"player_choice":"Searched \u00271\u0027 times","damage_taken":0,"max_hp_gain":0,"max_hp_loss":0,"event_name":"Dead Adventurer","floor":10,"gold_loss":0},{"damage_healed":0,"gold_gain":0,"cards_transformed":["Strike_B"],"player_choice":"Transformed","damage_taken":0,"max_hp_gain":0,"max_hp_loss":0,"event_name":"Transmorgrifier","floor":19,"gold_loss":0,"cards_obtained":["Multi-Cast"]}],"is_beta":false,"boss_relics":[{"not_picked":["Nuclear Battery","Fusion Hammer"],"picked":"Sozu"}],"items_purged_floors":[3],"is_endless":false,"potions_floor_spawned":[1,10,11,12,18],"killed_by":"Snecko","ascension_level":19}