{"gold_per_floor":[111,122,122,71,71,71,71,87,87,87,12,47,79,111,123,135],"floor_reached":16,"playtime":338,"items_purged":["Defend_R"],"score":140,"play_id":"3acbd6f1-f8ec-4852-8e0a-4ccec6ff9ba6","local_time":"20181116212217","is_ascension_mode":true,"campfire_choices":[{"data":"Flex","floor":6,"key":"SMITH"},{"data":"Rage","floor":15,"key":"SMITH"}],"neow_cost":"TEN_PERCENT_HP_LOSS","seed_source_timestamp":10483644767449,"circlet_count":0,"master_deck":["Strike_R+1","Strike_R","Strike_R+1","Strike_R","Strike_R","Defend_R","Defend_R","Defend_R","Bash","Rage+1","Flex+1","Offering"],"relics":["Burning Blood","Unceasing Top","Letter Opener","Bottled Lightning","MawBank"],"potions_floor_usage":[12,12,16],"damage_taken":[{"damage":7,"enemies":"Small Slimes","floor":1,"turns":4},{"damage":4,"enemies":"2 Louse","floor":2,"turns":3},{"damage":1,"enemies":"Cultist","floor":8,"turns":4},{"damage":35,"enemies":"Lagavulin","floor":12,"turns":5},{"damage":6,"enemies":"3 Louse","floor":13,"turns":2},{"damage":14,"enemies":"Large Slime","floor":14,"turns":5},{"damage":36,"enemies":"Hexaghost","floor":16,"turns":9}],"seed_played":"-3278176581638953882","potions_obtained":[{"floor":1,"key":"GamblersBrew"},{"floor":2,"key":"Energy Potion"},{"floor":14,"key":"SteroidPotion"}],"is_trial":false,"path_per_floor":["M","M","?","$","?","R","$","M","T","?","$","E","M","M","R","B"],"character_chosen":"IRONCLAD","items_purchased":["Flex"],"campfire_rested":0,"item_purchase_floors":[4],"current_hp_per_floor":[71,72,58,58,46,46,46,51,51,72,72,43,43,35,35,0],"gold":135,"neow_bonus":"ONE_RARE_RELIC","is_prod":false,"is_daily":false,"chose_seed":false,"campfire_upgraded":2,"win_rate":0,"timestamp":1542403337,"path_taken":["M","M","?","$","?","R","$","M","T","?","$","E","?","M","R","BOSS"],"build_version":"2018-11-15","purchased_purges":1,"victory":false,"max_hp_per_floor":[72,72,72,72,72,72,72,72,72,72,72,72,72,72,72,72],"card_choices":[{"not_picked":["Shrug It Off","Flex"],"picked":"Rage","floor":1},{"not_picked":["Heavy Blade","Perfected Strike","Corruption"],"picked":"SKIP","floor":2},{"not_picked":["Uppercut","Armaments","Carnage"],"picked":"SKIP","floor":8},{"not_picked":["Thunderclap","Clothesline"],"picked":"Offering","floor":12},{"not_picked":["Combust","Sword Boomerang","Twin Strike"],"picked":"SKIP","floor":13},{"not_picked":["Flame Barrier","Clothesline","Blood for Blood"],"picked":"SKIP","floor":14}],"player_experience":174546,"relics_obtained":[{"floor":9,"key":"Bottled Lightning"},{"floor":12,"key":"MawBank"}],"event_choices":[{"damage_healed":0,"gold_gain":0,"player_choice":"Entered Light","damage_taken":14,"max_hp_gain":0,"max_hp_loss":0,"event_name":"Shining Light","floor":3,"gold_loss":0,"cards_upgraded":["Strike_R","Strike_R"]},{"damage_healed":0,"gold_gain":0,"player_choice":"Success","damage_taken":12,"relics_obtained":["Letter Opener"],"max_hp_gain":0,"max_hp_loss":0,"event_name":"Scrap Ooze","floor":5,"gold_loss":0},{"damage_healed":21,"gold_gain":0,"player_choice":"Full Heal","damage_taken":0,"max_hp_gain":0,"max_hp_loss":0,"event_name":"Wheel of Change","floor":10,"gold_loss":0}],"is_beta":false,"boss_relics":[],"items_purged_floors":[11],"is_endless":false,"potions_floor_spawned":[1,2,14],"killed_by":"Hexaghost","ascension_level":8}