{"gold_per_floor":[110,130,7,21,21,21,49,49,49,49,74,92,157,175,175,296,296,321,5,5,20,36,36,36],"floor_reached":24,"playtime":1704,"items_purged":["Strike_B"],"score":230,"play_id":"7ab95aff-5bce-4ae7-977a-9a56714c8d85","local_time":"20180824211104","is_ascension_mode":true,"campfire_choices":[{"data":"Streamline","floor":6,"key":"SMITH"},{"floor":10,"key":"REST"},{"floor":15,"key":"REST"},{"floor":23,"key":"REST"}],"neow_cost":"","seed_source_timestamp":242352794828778,"circlet_count":0,"master_deck":["Strike_B","Strike_B","Strike_B","Defend_B","Defend_B","Defend_B","Defend_B","Zap","Dualcast+1","Streamline+1","Ball Lightning","Conserve Battery","Hologram","Skim","Defragment","Conserve Battery","Fission","Darkness","Electrodynamics","Streamline","Capacitor","Melter","Streamline","Consume"],"relics":["Cracked Core","Question Card","Golden Idol","Symbiotic Virus","Oddly Smooth Stone","Eternal Feather","Art of War"],"potions_floor_usage":[20,21,22,24],"damage_taken":[{"damage":8,"enemies":"Small Slimes","floor":1,"turns":3},{"damage":0,"enemies":"Cultist","floor":2,"turns":2},{"damage":7,"enemies":"Jaw Worm","floor":4,"turns":2},{"damage":5,"enemies":"3 Sentries","floor":7,"turns":6},{"damage":1,"enemies":"Blue Slaver","floor":11,"turns":3},{"damage":1,"enemies":"3 Louse","floor":12,"turns":3},{"damage":16,"enemies":"Lagavulin Event","floor":13,"turns":4},{"damage":8,"enemies":"Exordium Wildlife","floor":14,"turns":4},{"damage":6,"enemies":"Slime Boss","floor":16,"turns":7},{"damage":6,"enemies":"Chosen","floor":18,"turns":4},{"damage":10,"enemies":"3 Byrds","floor":20,"turns":2},{"damage":18,"enemies":"Snecko","floor":21,"turns":4},{"damage":32,"enemies":"Snake Plant","floor":22,"turns":4},{"damage":45,"enemies":"Book of Stabbing","floor":24,"turns":3}],"seed_played":"-8682466418246295740","potions_obtained":[{"floor":1,"key":"PowerPotion"},{"floor":2,"key":"Strength Potion"},{"floor":7,"key":"FearPotion"},{"floor":13,"key":"SmokeBomb"},{"floor":21,"key":"EssenceOfSteel"}],"is_trial":false,"path_per_floor":["M","M","$","M","?","R","E","?","T","R","M","M","?","M","R","B",null,"M","$","M","M","M","R"],"character_chosen":"DEFECT","items_purchased":["Conserve Battery","Art of War","Capacitor","Melter"],"campfire_rested":3,"item_purchase_floors":[3,19,19,19],"current_hp_per_floor":[67,67,67,60,60,60,55,37,37,59,58,57,41,33,55,49,75,69,69,59,41,9,43,0],"gold":36,"neow_bonus":"","is_prod":false,"is_daily":false,"chose_seed":false,"campfire_upgraded":1,"win_rate":0,"timestamp":1535163064,"path_taken":["M","M","$","M","?","R","E","?","T","R","M","M","?","M","R","BOSS","M","$","M","M","M","R","E"],"build_version":"2018-08-23v2","purchased_purges":1,"victory":false,"max_hp_per_floor":[75,75,75,75,75,75,75,75,75,75,75,75,75,75,75,75,75,75,75,75,75,75,75,75],"card_choices":[{"not_picked":["Tempest","Rebound"],"picked":"Streamline","floor":1},{"not_picked":["Darkness","Turbo"],"picked":"Ball Lightning","floor":2},{"not_picked":["Compile Driver","Leap"],"picked":"Hologram","floor":4},{"not_picked":["Steam Power","Coolheaded"],"picked":"Skim","floor":7},{"not_picked":["Chill","Turbo","Coolheaded"],"picked":"Defragment","floor":11},{"not_picked":["Leap","Ball Lightning","Aggregate"],"picked":"Conserve Battery","floor":12},{"not_picked":["Sweeping Beam","Chill","Beam Cell"],"picked":"Fission","floor":13},{"not_picked":["Steam","Compile Driver","Recycle"],"picked":"Darkness","floor":14},{"not_picked":["Biased Cognition","Hyperbeam","Buffer"],"picked":"Electrodynamics","floor":16},{"not_picked":["Turbo+1","Redo","Barrage"],"picked":"Streamline","floor":18},{"not_picked":["Recycle+1","Go for the Eyes","Reprogram"],"picked":"Streamline","floor":21},{"not_picked":["Scrape","Turbo","FTL+1"],"picked":"Consume","floor":22}],"player_experience":215237,"relics_obtained":[{"floor":7,"key":"Question Card"},{"floor":9,"key":"Symbiotic Virus"},{"floor":13,"key":"Oddly Smooth Stone"}],"event_choices":[{"event_name":"Upgrade Shrine","player_choice":"Upgraded","floor":5,"damage_taken":0},{"event_name":"Golden Idol","player_choice":"Take Damage","floor":8,"damage_taken":0},{"event_name":"Dead Adventurer","player_choice":"Searched \u00272\u0027 times","floor":13,"damage_taken":0}],"is_beta":false,"boss_relics":[{"not_picked":["Lizard Tail","Coffee Dripper"],"picked":"Eternal Feather"}],"items_purged_floors":[3],"is_endless":false,"potions_floor_spawned":[1,2,7,13,21],"killed_by":"Book of Stabbing","ascension_level":3}