{"gold_per_floor":[116,129,149,149,162,193,193,208,208,133,145,156,156,156,156,156],"floor_reached":16,"playtime":723,"items_purged":["Strike_R"],"score":104,"play_id":"1372190a-f1d8-4bee-9b03-3c0916811c17","local_time":"20190127035402","is_ascension_mode":false,"campfire_choices":[{"floor":7,"key":"REST"},{"floor":13,"key":"REST"},{"floor":15,"key":"REST"}],"neow_cost":"NONE","seed_source_timestamp":456406130823749,"circlet_count":0,"master_deck":["Strike_R","Strike_R","Strike_R","Strike_R","Defend_R","Defend_R","Defend_R","Defend_R","Bash+1","Dropkick"],"relics":["Burning Blood","Omamori","Singing Bowl"],"potions_floor_usage":[6,12,16,16],"damage_taken":[{"damage":3,"enemies":"Jaw Worm","floor":1,"turns":5},{"damage":12,"enemies":"Small Slimes","floor":2,"turns":4},{"damage":1,"enemies":"Cultist","floor":3,"turns":4},{"damage":40,"enemies":"Gremlin Gang","floor":5,"turns":5},{"damage":52,"enemies":"3 Sentries","floor":6,"turns":12},{"damage":15,"enemies":"Looter","floor":8,"turns":3},{"damage":21,"enemies":"Blue Slaver","floor":11,"turns":5},{"damage":3,"enemies":"Lots of Slimes","floor":12,"turns":6},{"damage":71,"enemies":"Hexaghost","floor":16,"turns":12}],"seed_played":"7527578513229135845","potions_obtained":[{"floor":1,"key":"SpeedPotion"},{"floor":3,"key":"Block Potion"},{"floor":8,"key":"SkillPotion"},{"floor":12,"key":"Block Potion"}],"is_trial":false,"path_per_floor":["M","M","M","?","M","E","R","M","T","$","M","M","R","?","R","B"],"character_chosen":"IRONCLAD","items_purchased":[],"campfire_rested":3,"item_purchase_floors":[],"current_hp_per_floor":[88,82,87,87,53,7,33,24,24,24,11,14,41,41,68,0],"gold":156,"neow_bonus":"TEN_PERCENT_HP_BONUS","is_prod":false,"is_daily":false,"chose_seed":false,"campfire_upgraded":0,"win_rate":0,"timestamp":1548590042,"path_taken":["M","M","M","?","M","E","R","M","T","$","M","M","R","?","R","BOSS"],"build_version":"2019-01-23","purchased_purges":1,"victory":false,"max_hp_per_floor":[88,88,88,88,88,88,88,88,88,88,90,90,90,90,90,90],"card_choices":[{"not_picked":["Power Through","Entrench","Sentinel"],"picked":"SKIP","floor":1},{"not_picked":["Whirlwind","Cleave","Sentinel"],"picked":"SKIP","floor":2},{"not_picked":["Fire Breathing","Cleave","Clash"],"picked":"SKIP","floor":3},{"not_picked":["Reckless Charge","Havoc","Headbutt"],"picked":"SKIP","floor":5},{"not_picked":["Immolate","Anger","Twin Strike"],"picked":"SKIP","floor":6},{"not_picked":["Whirlwind","Flex","Havoc"],"picked":"SKIP","floor":8},{"not_picked":["Sword Boomerang","Body Slam","Anger"],"picked":"Singing Bowl","floor":11},{"not_picked":["Ghostly Armor","Iron Wave"],"picked":"Dropkick","floor":12}],"player_experience":329013,"relics_obtained":[{"floor":6,"key":"Omamori"},{"floor":9,"key":"Singing Bowl"}],"event_choices":[{"damage_healed":0,"gold_gain":0,"player_choice":"Ignored","damage_taken":0,"max_hp_gain":0,"max_hp_loss":0,"event_name":"Liars Game","floor":4,"gold_loss":0},{"damage_healed":0,"gold_gain":0,"player_choice":"Forge","damage_taken":0,"max_hp_gain":0,"max_hp_loss":0,"event_name":"Accursed Blacksmith","floor":14,"gold_loss":0,"cards_upgraded":["Bash"]}],"is_beta":false,"boss_relics":[],"items_purged_floors":[10],"is_endless":false,"potions_floor_spawned":[1,3,8,12],"killed_by":"Hexaghost","ascension_level":0}