{"gold_per_floor":[110,110,30,50,62,62,12,12,12,12,12,23,50,50,50,149,149,166,84,94,109,126,126,126,74,149,149,175,190,206,232,232,336,336,353,453,465,465,465,465,465,465,465,362,362,183,199,0,0,0],"floor_reached":51,"playtime":3899,"items_purged":["Corruption","Sever Soul"],"score":724,"play_id":"843e41d4-6095-446b-8769-1ee6a541f675","local_time":"20190202135942","is_ascension_mode":true,"campfire_choices":[{"data":"Searing Blow","floor":6.0,"key":"SMITH"},{"data":"Searing Blow+1","floor":8.0,"key":"SMITH"},{"data":"Searing Blow+2","floor":11.0,"key":"SMITH"},{"data":"Searing Blow+3","floor":15.0,"key":"SMITH"},{"data":"Searing Blow+4","floor":23.0,"key":"SMITH"},{"data":"Searing Blow+5","floor":27.0,"key":"SMITH"},{"data":"Searing Blow+6","floor":32.0,"key":"SMITH"},{"data":"Searing Blow+7","floor":40,"key":"SMITH"},{"data":"Searing Blow+8","floor":42,"key":"SMITH"},{"data":"Searing Blow+9","floor":45,"key":"SMITH"},{"data":"Searing Blow+10","floor":49,"key":"SMITH"}],"neow_cost":"NONE","seed_source_timestamp":171680082801549,"circlet_count":0,"master_deck":["Strike_R","Strike_R","Defend_R","Defend_R","Defend_R","Bash","Heavy Blade","Immolate","Searing Blow+11","Whirlwind","Shrug It Off","Second Wind","Reaper","Headbutt","Battle Trance","True Grit+1","Flex","Battle Trance","Warcry+1","Armaments+1","Blind","Warcry","Shockwave","Armaments"],"special_seed":0,"relics":["Burning Blood","Magic Flower","Lantern","Busted Crown","The Courier","Strawberry","Orichalcum","Mark of Pain","Du-Vu Doll","Juzu Bracelet","Red Mask"],"potions_floor_usage":[33,33,41,50,50],"damage_taken":[{"damage":17.0,"enemies":"Small Slimes","floor":1.0,"turns":4.0},{"damage":1.0,"enemies":"Cultist","floor":4.0,"turns":3.0},{"damage":14.0,"enemies":"Jaw Worm","floor":5.0,"turns":3.0},{"damage":0.0,"enemies":"Large Slime","floor":12.0,"turns":3.0},{"damage":10.0,"enemies":"Gremlin Nob","floor":13.0,"turns":4.0},{"damage":75.0,"enemies":"Hexaghost","floor":16.0,"turns":9.0},{"damage":58.0,"enemies":"Shell Parasite","floor":18.0,"turns":5.0},{"damage":0.0,"enemies":"3 Byrds","floor":20.0,"turns":2.0},{"damage":15.0,"enemies":"Snake Plant","floor":21.0,"turns":3.0},{"damage":0.0,"enemies":"3 Cultists","floor":22.0,"turns":3.0},{"damage":21.0,"enemies":"Book of Stabbing","floor":28.0,"turns":4.0},{"damage":10.0,"enemies":"Snecko","floor":29.0,"turns":3.0},{"damage":0.0,"enemies":"Centurion and Healer","floor":30.0,"turns":3.0},{"damage":18.0,"enemies":"Gremlin Leader","floor":31.0,"turns":5.0},{"damage":87,"enemies":"Champ","floor":33,"turns":8},{"damage":3,"enemies":"3 Darklings","floor":35,"turns":4},{"damage":0,"enemies":"Mind Bloom Boss Battle","floor":36,"turns":3},{"damage":15,"enemies":"3 Shapes","floor":37,"turns":6},{"damage":0,"enemies":"Spire Growth","floor":41,"turns":1},{"damage":29,"enemies":"4 Shapes","floor":47,"turns":3},{"damage":73,"enemies":"Donu and Deca","floor":50,"turns":8}],"seed_played":"8248181734948500913","potions_obtained":[{"floor":4.0,"key":"Regen Potion"},{"floor":5.0,"key":"Weak Potion"},{"floor":13.0,"key":"Ancient Potion"},{"floor":16.0,"key":"Regen Potion"},{"floor":18.0,"key":"Explosive Potion"},{"floor":21.0,"key":"SmokeBomb"},{"floor":28.0,"key":"PowerPotion"},{"floor":29.0,"key":"Fire Potion"},{"floor":35,"key":"Poison Potion"},{"floor":36,"key":"Fire Potion"}],"is_trial":false,"path_per_floor":["?","M","M","?","?","?","?","?","?","?","?"],"character_chosen":"IRONCLAD","items_purchased":["Searing Blow","Headbutt","Battle Trance","Flex","Warcry","Shockwave","Armaments"],"campfire_rested":0,"item_purchase_floors":[3,19,19,25,44,46,46],"current_hp_per_floor":[69,69,69,74,66,66,66,66,66,66,66,75,74,79,79,35,85,36,36,45,39,66,66,66,66,66,66,75,80,92,83,83,14,92,92,92,92,92,92,92,92,92,92,92,92,92,72,72,72,17],"gold":0,"neow_bonus":"TRANSFORM_CARD","is_prod":false,"is_daily":false,"chose_seed":false,"campfire_upgraded":11,"win_rate":0,"timestamp":1549112382,"path_taken":["M","?","$","?","?","R","?","R","T","?","R","M","E","?","R","BOSS","M","$","M","M","M","R","?","$","T","R","E","M","M","E","R","BOSS","M","?","M","?","?","R","M","R","T","$","R","$","M","?","R","BOSS"],"build_version":"2019-01-23","purchased_purges":2,"victory":true,"max_hp_per_floor":[80,80,80,80,80,80,80,80,80,80,80,80,80,85,85,85,85,85,85,85,85,85,85,85,85,85,85,92,92,92,92,92,92,92,92,92,92,92,92,92,92,92,92,92,92,92,92,92,92,92],"card_choices":[{"not_picked":["Anger","Warcry"],"picked":"Heavy Blade","floor":1.0},{"not_picked":["Hemokinesis","Seeing Red"],"picked":"Whirlwind","floor":4.0},{"not_picked":["Combust","Cleave"],"picked":"Shrug It Off","floor":5.0},{"not_picked":["Pummel","Dropkick"],"picked":"Sever Soul","floor":12.0},{"not_picked":["Anger","Corruption"],"picked":"Second Wind","floor":13.0},{"not_picked":["Barricade","Berserk"],"picked":"Reaper","floor":16.0},{"not_picked":["Reckless Charge+1"],"picked":"SKIP","floor":18.0},{"not_picked":[],"picked":"True Grit+1","floor":20.0},{"not_picked":["Disarm"],"picked":"SKIP","floor":21.0},{"not_picked":["Shrug It Off"],"picked":"SKIP","floor":22.0},{"not_picked":["Rage"],"picked":"SKIP","floor":28.0},{"not_picked":[],"picked":"Battle Trance","floor":29.0},{"not_picked":["Perfected Strike+1"],"picked":"SKIP","floor":30.0},{"not_picked":["Rupture"],"picked":"SKIP","floor":31.0},{"not_picked":["Infernal Blade"],"picked":"SKIP","floor":35},{"not_picked":[],"picked":"Warcry+1","floor":36},{"not_picked":[],"picked":"Armaments+1","floor":37},{"not_picked":[],"picked":"Blind","floor":39},{"not_picked":["Clothesline+1"],"picked":"SKIP","floor":47}],"player_experience":139817,"relics_obtained":[{"floor":9.0,"key":"Magic Flower"},{"floor":13.0,"key":"Lantern"},{"floor":26.0,"key":"The Courier"},{"floor":28.0,"key":"Strawberry"},{"floor":31.0,"key":"Orichalcum"},{"floor":36,"key":"Du-Vu Doll"},{"floor":43,"key":"Juzu Bracelet"}],"event_choices":[{"damage_healed":0.0,"max_hp_gain":0.0,"max_hp_loss":0.0,"gold_gain":0.0,"cards_transformed":["Strike_R"],"event_name":"Transmorgrifier","player_choice":"Transformed","floor":2.0,"gold_loss":0.0,"damage_taken":0.0,"cards_obtained":["Immolate"]},{"cards_removed":["Strike_R"],"damage_healed":0.0,"max_hp_gain":0.0,"max_hp_loss":0.0,"gold_gain":0.0,"event_name":"The Cleric","player_choice":"Card Removal","floor":7.0,"gold_loss":50.0,"damage_taken":0.0},{"damage_healed":0.0,"max_hp_gain":0.0,"max_hp_loss":0.0,"gold_gain":0.0,"event_name":"Shining Light","player_choice":"Ignored","floor":10.0,"gold_loss":0.0,"damage_taken":0.0},{"damage_healed":0.0,"max_hp_gain":5.0,"max_hp_loss":0.0,"gold_gain":0.0,"event_name":"Big Fish","player_choice":"Donut","floor":14.0,"gold_loss":0.0,"damage_taken":0.0},{"cards_removed":["Strike_R"],"damage_healed":0.0,"max_hp_gain":0.0,"max_hp_loss":0.0,"gold_gain":0.0,"event_name":"Back to Basics","player_choice":"Elegance","floor":24.0,"gold_loss":0.0,"damage_taken":0.0},{"damage_healed":0,"gold_gain":0,"player_choice":"Fight","damage_taken":0,"max_hp_gain":0,"max_hp_loss":0,"event_name":"MindBloom","floor":36,"gold_loss":0},{"damage_healed":0,"gold_gain":0,"player_choice":"Ignored","damage_taken":0,"max_hp_gain":0,"max_hp_loss":0,"event_name":"Mysterious Sphere","floor":38,"gold_loss":0},{"damage_healed":0,"gold_gain":0,"player_choice":"Memory 1","damage_taken":0,"max_hp_gain":0,"max_hp_loss":0,"event_name":"SensoryStone","floor":39,"gold_loss":0},{"damage_healed":0,"gold_gain":0,"player_choice":"Paid","damage_taken":0,"relics_obtained":["Red Mask"],"max_hp_gain":0,"max_hp_loss":0,"event_name":"Tomb of Lord Red Mask","floor":48,"gold_loss":199}],"is_beta":false,"boss_relics":[{"not_picked":["Fusion Hammer","Calling Bell"],"picked":"Busted Crown"},{"not_picked":["Black Blood","Runic Pyramid"],"picked":"Mark of Pain"}],"items_purged_floors":[44,46],"is_endless":false,"potions_floor_spawned":[4,5,13,16,18,21,28,29,30,35,36],"ascension_level":2}