{"gold_per_floor":[14,25,25,40,50,50,85,104,104,104,136,136,153,34,34,108,108,124,52,52],"floor_reached":20,"playtime":1047,"items_purged":[],"score":304,"play_id":"b5f9f969-e4f1-4765-9a89-dbb1184386b1","local_time":"20190203134032","is_ascension_mode":true,"campfire_choices":[{"data":"Zap","floor":6,"key":"SMITH"},{"floor":10,"key":"REST"},{"floor":12,"key":"DIG"},{"data":"Sunder","floor":15,"key":"SMITH"}],"neow_cost":"NO_GOLD","seed_source_timestamp":2059222885610035,"circlet_count":0,"master_deck":["AscendersBane","Strike_B","Strike_B","Strike_B","Strike_B","Defend_B","Defend_B","Defend_B","Defend_B","Zap+1","Dualcast+1","Bandage Up","Trip+1","BootSequence","Go for the Eyes","Storm","Cold Snap","Loop+1","Static Discharge+1","Capacitor+1","Defragment+1","Sunder+1","Creative AI+1","Conserve Battery","Defragment+1"],"relics":["Cracked Core","Ancient Tea Set","Frozen Egg 2","Emotion Chip","Shovel","War Paint","Philosopher\u0027s Stone"],"potions_floor_usage":[4,5,7],"damage_taken":[{"damage":0,"enemies":"Small Slimes","floor":1,"turns":3},{"damage":2,"enemies":"Jaw Worm","floor":2,"turns":3},{"damage":1,"enemies":"Cultist","floor":4,"turns":4},{"damage":11,"enemies":"Exordium Thugs","floor":5,"turns":5},{"damage":30,"enemies":"Lagavulin","floor":7,"turns":7},{"damage":8,"enemies":"Blue Slaver","floor":8,"turns":4},{"damage":23,"enemies":"3 Sentries","floor":11,"turns":5},{"damage":9,"enemies":"Looter","floor":13,"turns":3},{"damage":9,"enemies":"Hexaghost","floor":16,"turns":7},{"damage":22,"enemies":"3 Byrds","floor":18,"turns":2},{"damage":66,"enemies":"Masked Bandits","floor":20,"turns":3}],"seed_played":"1972976383321978970","potions_obtained":[{"floor":1,"key":"SkillPotion"},{"floor":2,"key":"SkillPotion"},{"floor":7,"key":"Fruit Juice"}],"is_trial":false,"path_per_floor":["M","M","?","M","M","R","E","M","T","R","E","R","M","$","R","B",null,"M","$","?"],"character_chosen":"DEFECT","items_purchased":["Defragment+1","Sunder","Defragment+1"],"campfire_rested":1,"item_purchase_floors":[14,14,19],"current_hp_per_floor":[72,74,56,59,52,52,31,27,27,51,32,32,23,23,23,18,65,47,47,0],"gold":52,"neow_bonus":"RANDOM_COLORLESS_2","is_prod":false,"is_daily":false,"chose_seed":false,"campfire_upgraded":2,"win_rate":0,"timestamp":1549230032,"path_taken":["M","M","?","M","M","R","E","M","T","R","E","R","M","$","R","BOSS","M","$","?"],"build_version":"2019-01-23","purchased_purges":0,"victory":false,"max_hp_per_floor":[75,75,75,75,75,75,80,80,80,80,80,80,80,80,80,80,80,80,80,80],"card_choices":[{"not_picked":["Hologram","Coolheaded"],"picked":"BootSequence","floor":1},{"not_picked":["Sweeping Beam","Stack"],"picked":"Go for the Eyes","floor":2},{"not_picked":["Conserve Battery","Auto Shields"],"picked":"Storm","floor":4},{"not_picked":["Consume","Stack"],"picked":"Cold Snap","floor":5},{"not_picked":["Scrape","Gash"],"picked":"Loop","floor":7},{"not_picked":["Steam","Auto Shields"],"picked":"Static Discharge+1","floor":8},{"not_picked":["Gash","Ball Lightning","Steam Power"],"picked":"SKIP","floor":11},{"not_picked":["Ball Lightning","Scrape"],"picked":"Capacitor+1","floor":13},{"not_picked":["Biased Cognition+1","Fission"],"picked":"Creative AI+1","floor":16},{"not_picked":["Undo","Stack"],"picked":"Conserve Battery","floor":18}],"player_experience":595565,"relics_obtained":[{"floor":7,"key":"Frozen Egg 2"},{"floor":9,"key":"Emotion Chip"},{"floor":11,"key":"Shovel"},{"floor":12,"key":"War Paint"}],"event_choices":[{"damage_healed":0,"gold_gain":0,"player_choice":"Success","damage_taken":18,"relics_obtained":["Ancient Tea Set"],"max_hp_gain":0,"max_hp_loss":0,"event_name":"Scrap Ooze","floor":3,"gold_loss":0},{"damage_healed":0,"gold_gain":0,"player_choice":"Fought Bandits","damage_taken":0,"max_hp_gain":0,"max_hp_loss":0,"event_name":"Masked Bandits","floor":20,"gold_loss":0}],"is_beta":false,"boss_relics":[{"not_picked":["Velvet Choker","Black Star"],"picked":"Philosopher\u0027s Stone"}],"items_purged_floors":[],"is_endless":false,"potions_floor_spawned":[1,2,7],"killed_by":"Masked Bandits","ascension_level":13}