{"gold_per_floor":[110,110,127,202,49,49,75,87,147,170,213,237,249,261,273,385,397,424,26,46,64,75,75,91,91,116,147,62,62,82,102,102,203,203,222,222,622,140,159,159,159,159,184,41,120,120,133,133,133,133],"floor_reached":50,"playtime":3921,"items_purged":["Strike_G","Heel Hook"],"score":684,"play_id":"e3254e04-244e-430d-bad4-de45d4748b95","local_time":"20190202143750","is_ascension_mode":true,"campfire_choices":[{"data":"Neutralize","floor":6,"key":"SMITH"},{"data":"Envenom","floor":13,"key":"SMITH"},{"floor":15,"key":"REST"},{"data":"Footwork","floor":23,"key":"SMITH"},{"floor":25,"key":"REST"},{"floor":29,"key":"REST"},{"floor":32,"key":"REST"},{"floor":41,"key":"REST"},{"floor":49,"key":"REST"}],"neow_cost":"NONE","seed_source_timestamp":396988209363200,"circlet_count":0,"master_deck":["Survivor","Neutralize+1","Footwork+1","Backstab","Envenom+1","PiercingWail","Flying Knee","Quick Slash","Malaise","Finisher","Infinite Blades","Distraction+1","Finisher","Blur","Envenom","Die Die Die","Blade Dance","Infinite Blades","A Thousand Cuts","Eviscerate","Envenom","Malaise+1","Skewer","Survivor","Leg Sweep","Backstab","Deflect","Accuracy","Deflect","Mind Blast","Dagger Throw"],"relics":["Ring of the Snake","NeowsBlessing","Juzu Bracelet","MawBank","Oddly Smooth Stone","Boot","Busted Crown","Bottled Tornado","Pen Nib","Strawberry","PreservedInsect","Pandora\u0027s Box","Old Coin","War Paint","Orichalcum","Dream Catcher","Mummified Hand"],"potions_floor_usage":[11,16,22,27,33,35,35,40,40,40,50],"damage_taken":[{"damage":0,"enemies":"Small Slimes","floor":1,"turns":1},{"damage":0,"enemies":"Jaw Worm","floor":3,"turns":1},{"damage":0,"enemies":"3 Sentries","floor":7,"turns":1},{"damage":0,"enemies":"Cultist","floor":10,"turns":2},{"damage":16,"enemies":"Lagavulin","floor":11,"turns":11},{"damage":0,"enemies":"3 Louse","floor":12,"turns":3},{"damage":0,"enemies":"Hexaghost","floor":16,"turns":9},{"damage":12,"enemies":"2 Thieves","floor":18,"turns":5},{"damage":1,"enemies":"Shell Parasite","floor":20,"turns":6},{"damage":2,"enemies":"Centurion and Healer","floor":21,"turns":8},{"damage":1,"enemies":"3 Cultists","floor":22,"turns":6},{"damage":15,"enemies":"Cultist and Chosen","floor":24,"turns":7},{"damage":51,"enemies":"Slavers","floor":27,"turns":8},{"damage":8,"enemies":"Chosen and Byrds","floor":30,"turns":6},{"damage":26,"enemies":"Sentry and Sphere","floor":31,"turns":6},{"damage":24,"enemies":"Champ","floor":33,"turns":11},{"damage":39,"enemies":"3 Darklings","floor":35,"turns":6},{"damage":23,"enemies":"Mind Bloom Boss Battle","floor":37,"turns":4},{"damage":0,"enemies":"3 Shapes","floor":39,"turns":5},{"damage":6,"enemies":"Giant Head","floor":40,"turns":5},{"damage":17,"enemies":"3 Darklings","floor":47,"turns":3},{"damage":40,"enemies":"Time Eater","floor":50,"turns":3}],"seed_played":"-2822668296535845992","potions_obtained":[{"floor":3,"key":"SmokeBomb"},{"floor":10,"key":"Strength Potion"},{"floor":11,"key":"EntropicBrew"},{"floor":12,"key":"Strength Potion"},{"floor":18,"key":"FairyPotion"},{"floor":21,"key":"Fire Potion"},{"floor":24,"key":"Swift Potion"},{"floor":30,"key":"PowerPotion"},{"floor":39,"key":"PowerPotion"},{"floor":47,"key":"Explosive Potion"}],"is_trial":false,"path_per_floor":["M","?","M","?","$","R","E","?","T","M","E","M","R","?","R","B",null,"M","$","M","M","M","R","M","R","T","E","?","R","M","M","R","B",null,"M","?","?","$","M","E","R","?","T","$","T","?","M","?","R","B"],"character_chosen":"THE_SILENT","items_purchased":["Juzu Bracelet","Infinite Blades","Bottled Tornado","Leg Sweep","Backstab","Deflect","War Paint","Accuracy","Dream Catcher"],"campfire_rested":6,"item_purchase_floors":[5,19,19,38,38,38,38,38,44],"current_hp_per_floor":[70,56,56,45,45,45,45,45,45,45,29,29,29,29,50,50,70,58,58,57,55,54,54,39,60,60,16,16,39,31,5,28,4,77,38,38,15,15,15,9,32,32,32,32,32,32,15,15,38,0],"gold":133,"neow_bonus":"THREE_ENEMY_KILL","is_prod":false,"is_daily":false,"chose_seed":false,"campfire_upgraded":3,"win_rate":0,"timestamp":1549136270,"path_taken":["M","?","M","?","$","R","E","?","T","M","E","M","R","?","R","BOSS","M","$","M","M","M","R","M","R","T","E","?","R","M","M","R","BOSS","M","?","?","$","M","E","R","?","T","$","?","?","M","?","R","BOSS"],"build_version":"2019-01-23","purchased_purges":2,"victory":false,"max_hp_per_floor":[70,70,70,70,70,70,70,70,70,70,70,70,70,70,70,70,70,70,70,70,70,70,70,70,70,70,77,77,77,77,77,77,77,77,77,77,77,77,77,77,77,77,77,77,77,77,77,77,77,77],"card_choices":[{"not_picked":["Deflect","Blade Dance"],"picked":"Footwork","floor":1},{"not_picked":["PiercingWail","Flying Knee"],"picked":"Backstab","floor":3},{"not_picked":["PiercingWail","Flying Knee"],"picked":"Envenom","floor":7},{"not_picked":["Dagger Spray","Backflip"],"picked":"PiercingWail","floor":10},{"not_picked":["Poisoned Stab","Doppelganger"],"picked":"Flying Knee","floor":11},{"not_picked":["Poisoned Stab","Slice"],"picked":"Quick Slash","floor":12},{"not_picked":["Doppelganger","Bullet Time"],"picked":"Malaise","floor":16},{"not_picked":[],"picked":"Finisher","floor":18},{"not_picked":["Finisher"],"picked":"SKIP","floor":20},{"not_picked":["Flying Knee"],"picked":"SKIP","floor":21},{"not_picked":["Underhanded Strike+1"],"picked":"SKIP","floor":22},{"not_picked":[],"picked":"Distraction","floor":24},{"not_picked":["PiercingWail"],"picked":"SKIP","floor":27},{"not_picked":[],"picked":"Finisher","floor":30},{"not_picked":[],"picked":"Blur","floor":31},{"not_picked":[],"picked":"Envenom","floor":33},{"not_picked":["Expertise+1"],"picked":"SKIP","floor":35},{"not_picked":[],"picked":"Deflect","floor":39},{"not_picked":[],"picked":"Mind Blast","floor":46},{"not_picked":["Acrobatics+1"],"picked":"SKIP","floor":47},{"not_picked":[],"picked":"Dagger Throw","floor":49}],"player_experience":82499,"relics_obtained":[{"floor":7,"key":"MawBank"},{"floor":9,"key":"Oddly Smooth Stone"},{"floor":11,"key":"Boot"},{"floor":26,"key":"Pen Nib"},{"floor":27,"key":"Strawberry"},{"floor":37,"key":"Old Coin"},{"floor":43,"key":"Orichalcum"},{"floor":45,"key":"Mummified Hand"}],"event_choices":[{"damage_healed":0,"gold_gain":0,"player_choice":"Entered Light","damage_taken":14,"max_hp_gain":0,"max_hp_loss":0,"event_name":"Shining Light","floor":2,"gold_loss":0,"cards_upgraded":["Defend_G","Strike_G"]},{"damage_healed":0,"gold_gain":75,"player_choice":"Gather Gold","damage_taken":11,"max_hp_gain":0,"max_hp_loss":0,"event_name":"World of Goop","floor":4,"gold_loss":0},{"damage_healed":0,"gold_gain":0,"player_choice":"Ignored","damage_taken":0,"max_hp_gain":0,"max_hp_loss":0,"event_name":"Golden Idol","floor":8,"gold_loss":0},{"damage_healed":0,"gold_gain":0,"player_choice":"Ignored","damage_taken":0,"max_hp_gain":0,"max_hp_loss":0,"event_name":"Liars Game","floor":14,"gold_loss":0},{"damage_healed":0,"gold_gain":0,"player_choice":"Obtained Relic","damage_taken":0,"relics_obtained":["PreservedInsect"],"max_hp_gain":0,"max_hp_loss":0,"event_name":"Addict","floor":28,"gold_loss":85},{"damage_healed":0,"gold_gain":0,"player_choice":"Copied","damage_taken":0,"max_hp_gain":0,"max_hp_loss":0,"event_name":"Duplicator","floor":36,"gold_loss":0,"cards_obtained":["Survivor"]},{"damage_healed":0,"gold_gain":0,"player_choice":"Fight","damage_taken":0,"max_hp_gain":0,"max_hp_loss":0,"event_name":"MindBloom","floor":37,"gold_loss":0},{"damage_healed":0,"gold_gain":0,"player_choice":"Ignored","damage_taken":0,"max_hp_gain":0,"max_hp_loss":0,"event_name":"The Moai Head","floor":42,"gold_loss":0},{"damage_healed":0,"gold_gain":0,"player_choice":"Memory 1","damage_taken":0,"max_hp_gain":0,"max_hp_loss":0,"event_name":"SensoryStone","floor":46,"gold_loss":0},{"damage_healed":0,"gold_gain":0,"player_choice":"Ignored","damage_taken":0,"max_hp_gain":0,"max_hp_loss":0,"event_name":"Mysterious Sphere","floor":48,"gold_loss":0}],"is_beta":false,"boss_relics":[{"not_picked":["Calling Bell","Fusion Hammer"],"picked":"Busted Crown"},{"not_picked":["Runic Dome","WristBlade"],"picked":"Pandora\u0027s Box"}],"items_purged_floors":[19,38],"is_endless":false,"potions_floor_spawned":[3,10,11,12,18,21,24,30,31,39,40,47],"killed_by":"Time Eater","ascension_level":3}