{"gold_per_floor":[116,116,136,9,9,9,47,47,47,87,87,87,87,107,107,233,233,256,166,182,196,59,59,95,24,51,51,75,98,118,78,78,204,204,220,220,16,30,30],"floor_reached":39,"playtime":1871,"items_purged":["Defend_R","Hemokinesis","Bash+1"],"score":549,"play_id":"5dbc4cc8-625d-4e93-9440-997dc4aeedd0","local_time":"20181104180958","is_ascension_mode":true,"campfire_choices":[{"data":"Armaments","floor":6,"key":"SMITH"},{"data":"Rage","floor":11,"key":"SMITH"},{"data":"Bludgeon","floor":13,"key":"SMITH"},{"data":"Bash","floor":15,"key":"SMITH"},{"data":"Shrug It Off","floor":23,"key":"SMITH"},{"floor":27,"key":"REST"},{"floor":32,"key":"REST"}],"neow_cost":"TEN_PERCENT_HP_LOSS","seed_source_timestamp":16753408147496,"circlet_count":0,"master_deck":["Bludgeon+1","Rage+1","Shockwave","Armaments+1","Demon Form","Thunderclap","Whirlwind","Cleave","Disarm+1","Thunderclap","Sentinel","Shrug It Off+1","Feel No Pain","Metallicize","Shrug It Off","Inflame+1","Disarm+1","Feed"],"relics":["Burning Blood","Golden Idol","Bag of Marbles","Sundial","Ginger","Regal Pillow","Pandora\u0027s Box","Dream Catcher","Happy Flower","Sozu"],"potions_floor_usage":[16,18,24,24,24,33,33,35],"damage_taken":[{"damage":3,"enemies":"Small Slimes","floor":1,"turns":4},{"damage":0,"enemies":"Cultist","floor":3,"turns":2},{"damage":16,"enemies":"Lagavulin","floor":7,"turns":7},{"damage":11,"enemies":"Gremlin Nob","floor":10,"turns":4},{"damage":7,"enemies":"2 Louse","floor":14,"turns":3},{"damage":10,"enemies":"Slime Boss","floor":16,"turns":8},{"damage":12,"enemies":"Chosen","floor":18,"turns":3},{"damage":12,"enemies":"Spheric Guardian","floor":20,"turns":4},{"damage":2,"enemies":"Snake Plant","floor":21,"turns":2},{"damage":40,"enemies":"Book of Stabbing","floor":24,"turns":6},{"damage":5,"enemies":"Chosen and Byrds","floor":28,"turns":5},{"damage":15,"enemies":"Cultist and Chosen","floor":29,"turns":6},{"damage":10,"enemies":"Snake Plant","floor":30,"turns":4},{"damage":65,"enemies":"Collector","floor":33,"turns":9},{"damage":28,"enemies":"Orb Walker","floor":35,"turns":5},{"damage":25,"enemies":"3 Darklings","floor":38,"turns":4},{"damage":17,"enemies":"Jaw Worm Horde","floor":39,"turns":1}],"seed_played":"-8178153919191412841","potions_obtained":[{"floor":1,"key":"LiquidBronze"},{"floor":7,"key":"Swift Potion"},{"floor":14,"key":"Poison Potion"},{"floor":16,"key":"BloodPotion"},{"floor":20,"key":"Swift Potion"},{"floor":28,"key":"FearPotion"},{"floor":31,"key":"Regen Potion"},{"floor":31,"key":"SkillPotion"},{"floor":33,"key":"PowerPotion"}],"is_trial":false,"path_per_floor":["M","?","M","$","?","R","E","?","T","E","R","?","R","M","R","B",null,"M","?","M","M","$","R","E","$","T","R","M","M","M","?","R","B",null,"M","?","$","M","M"],"character_chosen":"IRONCLAD","items_purchased":["Armaments","Feel No Pain","Metallicize","Feed"],"campfire_rested":2,"item_purchase_floors":[4,22,25,37],"current_hp_per_floor":[72,72,72,72,67,67,57,57,57,52,52,45,45,44,44,40,60,60,60,54,58,58,58,24,24,24,59,60,51,47,47,67,20,55,33,33,33,14,0],"gold":30,"neow_bonus":"THREE_RARE_CARDS","is_prod":false,"is_daily":false,"chose_seed":false,"campfire_upgraded":5,"win_rate":0,"timestamp":1541354998,"path_taken":["M","?","?","$","?","R","E","?","T","E","R","?","R","M","R","BOSS","M","?","?","M","$","R","E","$","T","R","M","M","M","?","R","BOSS","M","?","$","M","?"],"build_version":"2018-11-01","purchased_purges":3,"victory":false,"max_hp_per_floor":[72,72,72,72,67,67,67,67,67,67,67,67,67,67,67,67,67,67,67,67,67,67,67,67,67,67,67,67,67,67,67,67,67,67,67,67,67,67,67],"card_choices":[{"not_picked":["Exhume","Offering"],"picked":"Bludgeon","floor":0},{"not_picked":["Pommel Strike","Headbutt"],"picked":"Rage","floor":1},{"not_picked":["Twin Strike","Carnage"],"picked":"Shockwave","floor":3},{"not_picked":["Sentinel","Warcry"],"picked":"Cleave","floor":7},{"not_picked":["Body Slam","Pommel Strike","Infernal Blade"],"picked":"SKIP","floor":10},{"not_picked":["Perfected Strike","Wild Strike","Sword Boomerang"],"picked":"SKIP","floor":14},{"not_picked":["Immolate","Dark Embrace"],"picked":"Demon Form","floor":16},{"not_picked":["Flex","Uppercut","Wild Strike"],"picked":"SKIP","floor":18},{"not_picked":["Spot Weakness","Impervious"],"picked":"Shrug It Off","floor":20},{"not_picked":["Armaments","True Grit","Combust+1"],"picked":"SKIP","floor":21},{"not_picked":["Sentinel","Double Tap","Clothesline+1"],"picked":"SKIP","floor":24},{"not_picked":["Headbutt","Sword Boomerang+1","Sentinel"],"picked":"SKIP","floor":28},{"not_picked":["Twin Strike+1","Warcry","Pommel Strike+1"],"picked":"SKIP","floor":29},{"not_picked":["Pummel+1","Heavy Blade"],"picked":"Shrug It Off","floor":30},{"not_picked":["Headbutt","Impervious"],"picked":"Inflame+1","floor":32},{"not_picked":["Iron Wave","Clash"],"picked":"Disarm+1","floor":35},{"not_picked":["Cleave+1","Searing Blow+1","Perfected Strike"],"picked":"SKIP","floor":38}],"player_experience":110088,"relics_obtained":[{"floor":7,"key":"Bag of Marbles"},{"floor":9,"key":"Sundial"},{"floor":10,"key":"Ginger"},{"floor":24,"key":"Dream Catcher"},{"floor":26,"key":"Happy Flower"}],"event_choices":[{"damage_healed":0,"gold_gain":0,"player_choice":"0 cards matched","damage_taken":0,"max_hp_gain":0,"max_hp_loss":0,"event_name":"Match and Keep!","floor":2,"gold_loss":0,"cards_obtained":[]},{"damage_healed":0,"gold_gain":0,"player_choice":"Lose Max HP","damage_taken":0,"relics_obtained":["Golden Idol"],"max_hp_gain":0,"max_hp_loss":5,"event_name":"Golden Idol","floor":5,"gold_loss":0},{"damage_healed":0,"gold_gain":0,"player_choice":"Ignored","damage_taken":0,"max_hp_gain":0,"max_hp_loss":0,"event_name":"Liars Game","floor":8,"gold_loss":0},{"damage_healed":0,"gold_gain":0,"player_choice":"Success","damage_taken":7,"relics_obtained":["Regal Pillow"],"max_hp_gain":0,"max_hp_loss":0,"event_name":"Scrap Ooze","floor":12,"gold_loss":0},{"cards_removed":["Anger"],"damage_healed":0,"gold_gain":0,"player_choice":"Upgrade and Remove","damage_taken":0,"max_hp_gain":0,"max_hp_loss":0,"event_name":"Designer","floor":19,"gold_loss":90,"cards_upgraded":["Disarm"]},{"damage_healed":0,"gold_gain":0,"player_choice":"Bought 3 Potions","damage_taken":0,"max_hp_gain":0,"max_hp_loss":0,"event_name":"The Woman in Blue","floor":31,"gold_loss":0},{"cards_removed":["Cleave"],"damage_healed":0,"gold_gain":0,"player_choice":"Purged","damage_taken":0,"max_hp_gain":0,"max_hp_loss":0,"event_name":"Purifier","floor":36,"gold_loss":0}],"is_beta":false,"boss_relics":[{"not_picked":["Runic Pyramid","Eternal Feather"],"picked":"Pandora\u0027s Box"},{"not_picked":["Black Star","Empty Cage"],"picked":"Sozu"}],"items_purged_floors":[4,22,37],"is_endless":false,"potions_floor_spawned":[1,7,14,16,20,28,33],"killed_by":"Jaw Worm Horde","ascension_level":7}