{"gold_per_floor":[112,72,92,92,107,107,141,155,181,181,195,195,13,29,29,29],"floor_reached":16,"playtime":437,"items_purged":["Strike_R"],"score":189,"play_id":"5e76574f-f391-4ab1-a5d6-8e2079d58910","local_time":"20190109220629","is_ascension_mode":true,"campfire_choices":[{"data":"Shrug It Off","floor":6,"key":"SMITH"},{"data":"Burning Pact","floor":10,"key":"SMITH"},{"data":"Evolve","floor":12,"key":"SMITH"},{"data":"True Grit","floor":15,"key":"SMITH"}],"neow_cost":"NONE","seed_source_timestamp":13408829968077,"circlet_count":0,"master_deck":["AscendersBane","Strike_R","Strike_R","Strike_R+1","Strike_R","Defend_R","Defend_R","Defend_R","Defend_R","Bash+1","Shrug It Off+1","Body Slam+1","Burning Pact+1","Evolve+1","Dark Shackles","True Grit+1"],"relics":["Burning Blood","NeowsBlessing","Regal Pillow","Whetstone"],"potions_floor_usage":[7,16,16],"damage_taken":[{"damage":0,"enemies":"Jaw Worm","floor":1,"turns":1},{"damage":0,"enemies":"Cultist","floor":3,"turns":1},{"damage":0,"enemies":"2 Louse","floor":5,"turns":1},{"damage":25,"enemies":"3 Sentries","floor":7,"turns":10},{"damage":32,"enemies":"Gremlin Gang","floor":8,"turns":13},{"damage":6,"enemies":"Blue Slaver","floor":11,"turns":4},{"damage":3,"enemies":"2 Fungi Beasts","floor":14,"turns":4},{"damage":35,"enemies":"Slime Boss","floor":16,"turns":7}],"seed_played":"-7289153196817179739","potions_obtained":[{"floor":1,"key":"Weak Potion"},{"floor":2,"key":"Ancient Potion"},{"floor":3,"key":"AttackPotion"},{"floor":11,"key":"PowerPotion"},{"floor":14,"key":"Block Potion"}],"is_trial":false,"path_per_floor":["M","?","M","?","M","R","E","M","T","R","M","R","$","M","R","B"],"character_chosen":"IRONCLAD","items_purchased":["Dark Shackles"],"campfire_rested":0,"item_purchase_floors":[13],"current_hp_per_floor":[74,74,75,75,75,75,56,30,30,30,30,30,30,33,33,0],"gold":29,"neow_bonus":"THREE_ENEMY_KILL","is_prod":false,"is_daily":false,"chose_seed":false,"campfire_upgraded":4,"win_rate":0,"timestamp":1547071589,"path_taken":["M","?","?","?","M","R","E","M","T","R","?","R","$","M","R","BOSS"],"build_version":"2019-01-03v4","purchased_purges":1,"victory":false,"max_hp_per_floor":[75,75,75,75,75,75,75,75,75,75,75,75,75,75,75,75],"card_choices":[{"not_picked":["Uppercut","Heavy Blade"],"picked":"Shrug It Off","floor":1},{"not_picked":["Iron Wave","Headbutt"],"picked":"Body Slam","floor":3},{"not_picked":["Sever Soul","Rage","Second Wind"],"picked":"SKIP","floor":5},{"not_picked":["Whirlwind","Flex"],"picked":"Burning Pact","floor":7},{"not_picked":["Reckless Charge","Uppercut","Perfected Strike"],"picked":"SKIP","floor":8},{"not_picked":["Flex","Clash"],"picked":"Evolve","floor":11},{"not_picked":["Whirlwind","Intimidate"],"picked":"True Grit","floor":14}],"player_experience":362326,"relics_obtained":[{"floor":7,"key":"Regal Pillow"},{"floor":9,"key":"Whetstone"}],"event_choices":[{"damage_healed":0,"gold_gain":0,"player_choice":"Bought 3 Potions","damage_taken":0,"max_hp_gain":0,"max_hp_loss":0,"event_name":"The Woman in Blue","floor":2,"gold_loss":0},{"damage_healed":0,"gold_gain":0,"player_choice":"Upgraded","damage_taken":0,"max_hp_gain":0,"max_hp_loss":0,"event_name":"Upgrade Shrine","floor":4,"gold_loss":0,"cards_upgraded":["Body Slam"]}],"is_beta":false,"boss_relics":[],"items_purged_floors":[13],"is_endless":false,"potions_floor_spawned":[1,3,11,14],"killed_by":"Slime Boss","ascension_level":17}