{"gold_per_floor":[109,128,128,147,218,247,259,224,224,237,251,251,283,296,296,375,375,394,319,319,319,259,259,277,277,277,377,9,9,37,37,37,109,109,125,478,492,592,646,646,676,55,55,55,55,80,80,91,91,91,91,91,91,22,52,52],"floor_reached":57,"playtime":5725,"items_purged":["Strike_R"],"score":3043,"play_id":"bd17b04d-45b5-4057-8fca-ef940bf17bd5","local_time":"20190128223310","is_ascension_mode":true,"campfire_choices":[{"data":"Whirlwind","floor":12,"key":"SMITH"},{"data":"Demon Form","floor":15,"key":"SMITH"},{"data":"Shockwave","floor":23,"key":"SMITH"},{"data":"Immolate","floor":25,"key":"SMITH"},{"data":"Feel No Pain","floor":29,"key":"SMITH"},{"data":"Juggernaut","floor":32,"key":"SMITH"},{"data":"Flame Barrier","floor":40,"key":"SMITH"},{"data":"RitualDagger","floor":45,"key":"SMITH"},{"data":"Sentinel","floor":47,"key":"SMITH"},{"floor":49,"key":"RECALL"},{"data":"Shrug It Off","floor":53,"key":"SMITH"}],"neow_cost":"NONE","seed_source_timestamp":1568055537452995,"circlet_count":0,"master_deck":["AscendersBane","Strike_R","Defend_R","Defend_R","Defend_R","Defend_R","Bash","Body Slam","Whirlwind+1","Clothesline","Demon Form+1","Anger","Shrug It Off+1","Shockwave+1","Battle Trance","Immolate+1","Shrug It Off+1","Juggernaut+1","Burning Pact","Corruption","Feel No Pain+1","Shrug It Off","RitualDagger+1","Exhume","Flame Barrier+1","Shrug It Off","Barricade","Sentinel+1","Shrug It Off+1","Corruption","Feel No Pain+1"],"relics":["Burning Blood","NeowsBlessing","Pear","Mummified Hand","The Courier","Snecko Eye","Bottled Lightning","StoneCalendar","Singing Bowl","Dead Branch","Lantern","Coffee Dripper","Old Coin","Bird Faced Urn","Ice Cream","Happy Flower","Bronze Scales","Charon\u0027s Ashes","Blue Candle","PreservedInsect","Oddly Smooth Stone"],"potions_floor_usage":[10,11,14,16,27,46,56,56],"damage_taken":[{"damage":0,"enemies":"2 Louse","floor":1,"turns":1},{"damage":0,"enemies":"Cultist","floor":2,"turns":1},{"damage":0,"enemies":"Small Slimes","floor":4,"turns":1},{"damage":50,"enemies":"Gremlin Nob","floor":6,"turns":5},{"damage":16,"enemies":"2 Fungi Beasts","floor":7,"turns":3},{"damage":13,"enemies":"Large Slime","floor":10,"turns":5},{"damage":0,"enemies":"3 Louse","floor":11,"turns":1},{"damage":31,"enemies":"3 Sentries","floor":13,"turns":5},{"damage":0,"enemies":"2 Fungi Beasts","floor":14,"turns":2},{"damage":19,"enemies":"Hexaghost","floor":16,"turns":8},{"damage":28,"enemies":"Shell Parasite","floor":18,"turns":5},{"damage":6,"enemies":"3 Byrds","floor":24,"turns":3},{"damage":0,"enemies":"Colosseum Slavers","floor":27,"turns":2},{"damage":0,"enemies":"Colosseum Nobs","floor":27,"turns":2},{"damage":7,"enemies":"Book of Stabbing","floor":30,"turns":3},{"damage":0,"enemies":"Collector","floor":33,"turns":3},{"damage":2,"enemies":"Orb Walker","floor":35,"turns":2},{"damage":1,"enemies":"2 Orb Walkers","floor":36,"turns":1},{"damage":7,"enemies":"3 Darklings","floor":37,"turns":3},{"damage":0,"enemies":"Mind Bloom Boss Battle","floor":38,"turns":3},{"damage":0,"enemies":"Reptomancer","floor":41,"turns":2},{"damage":0,"enemies":"Nemesis","floor":46,"turns":3},{"damage":11,"enemies":"4 Shapes","floor":48,"turns":2},{"damage":0,"enemies":"Awakened One","floor":50,"turns":3},{"damage":19,"enemies":"Donu and Deca","floor":51,"turns":5},{"damage":2,"enemies":"Shield and Spear","floor":55,"turns":2},{"damage":17,"enemies":"The Heart","floor":56,"turns":4}],"seed_played":"8996571276004664470","potions_obtained":[{"floor":2,"key":"Dexterity Potion"},{"floor":7,"key":"Weak Potion"},{"floor":10,"key":"FearPotion"},{"floor":13,"key":"AttackPotion"},{"floor":16,"key":"Swift Potion"},{"floor":18,"key":"PowerPotion"},{"floor":33,"key":"Poison Potion"},{"floor":35,"key":"Weak Potion"},{"floor":36,"key":"Dexterity Potion"},{"floor":46,"key":"Poison Potion"},{"floor":48,"key":"LiquidBronze"}],"is_trial":false,"path_per_floor":["M","M","?","M","?","E","M","?","T","M","M","R","E","M","R","B",null,"M","?","?","?","$","R","M","R","T","?","$","R","E","?","R","B",null,"M","?","M","?","T","R","E","$","T","?","R","E","R","M","R","B","B",null,"R","$","E","B",null],"character_chosen":"IRONCLAD","items_purchased":["Dead Branch","Feel No Pain","Shrug It Off","Barricade","Happy Flower","Bronze Scales","Charon\u0027s Ashes","Corruption"],"campfire_rested":0,"item_purchase_floors":[28,28,28,42,42,42,42,54],"current_hp_per_floor":[74,75,75,75,75,41,31,52,52,45,51,51,26,32,32,19,69,47,47,47,47,47,47,47,47,47,61,61,61,62,56,56,62,82,86,91,92,93,93,93,95,95,95,90,90,90,90,89,89,90,90,90,90,90,90,90],"gold":52,"neow_bonus":"THREE_ENEMY_KILL","is_prod":false,"is_daily":false,"chose_seed":false,"campfire_upgraded":10,"win_rate":0,"timestamp":1548743590,"path_taken":["M","M","?","?","?","E","M","?","T","M","M","R","E","M","R","BOSS","M","?","?","?","$","R","M","R","T","?","$","R","E","?","R","BOSS","M","?","M","?","?","R","E","?","T","?","R","E","R","?","R","BOSS","BOSS","R","$","E","BOSS"],"build_version":"2019-01-23","purchased_purges":1,"victory":true,"max_hp_per_floor":[75,75,75,75,75,85,85,85,85,85,85,85,85,85,85,85,85,85,85,85,85,85,85,85,85,85,87,87,87,89,89,89,89,89,89,91,93,93,93,93,95,95,95,90,90,90,90,90,90,90,90,90,90,90,90,90],"card_choices":[{"not_picked":["Pommel Strike","Cleave"],"picked":"Body Slam","floor":1},{"not_picked":["Warcry","Heavy Blade"],"picked":"Whirlwind","floor":2},{"not_picked":["Warcry","Second Wind"],"picked":"Clothesline","floor":4},{"not_picked":["Ghostly Armor","Shrug It Off"],"picked":"Demon Form","floor":6},{"not_picked":["Rage","Havoc"],"picked":"Anger","floor":7},{"not_picked":["Ghostly Armor","Flex"],"picked":"Shrug It Off","floor":10},{"not_picked":["Twin Strike","Armaments"],"picked":"Shockwave","floor":11},{"not_picked":["Anger","Fire Breathing"],"picked":"Battle Trance","floor":13},{"not_picked":["Infernal Blade","Juggernaut","Clash"],"picked":"SKIP","floor":14},{"not_picked":["Juggernaut","Bludgeon"],"picked":"Immolate","floor":16},{"not_picked":["Sentinel","Heavy Blade"],"picked":"Shrug It Off+1","floor":18},{"not_picked":["Battle Trance","Rage"],"picked":"Corruption","floor":24},{"not_picked":["Power Through","Corruption","Headbutt"],"picked":"Singing Bowl","floor":27},{"not_picked":["Power Through","Warcry","Pommel Strike"],"picked":"Singing Bowl","floor":30},{"not_picked":["Dark Embrace","Limit Break"],"picked":"Exhume","floor":33},{"not_picked":["Sword Boomerang+1","Uppercut"],"picked":"Flame Barrier","floor":35},{"not_picked":["Shockwave","Sword Boomerang","Clash"],"picked":"Singing Bowl","floor":36},{"not_picked":["Headbutt+1","Fire Breathing","Entrench"],"picked":"Singing Bowl","floor":37},{"not_picked":["Flex","Warcry+1"],"picked":"Shrug It Off","floor":38},{"not_picked":["Twin Strike+1","Battle Trance","Perfected Strike+1"],"picked":"Singing Bowl","floor":41},{"not_picked":["Carnage","Anger"],"picked":"Sentinel","floor":46},{"not_picked":["Combust","Whirlwind+1"],"picked":"Shrug It Off+1","floor":48},{"not_picked":["Wild Strike+1","Heavy Blade"],"picked":"Feel No Pain+1","floor":55}],"player_experience":514040,"relics_obtained":[{"floor":6,"key":"Pear"},{"floor":9,"key":"Mummified Hand"},{"floor":13,"key":"The Courier"},{"floor":26,"key":"Bottled Lightning"},{"floor":27,"key":"StoneCalendar"},{"floor":27,"key":"Singing Bowl"},{"floor":30,"key":"Lantern"},{"floor":36,"key":"Old Coin"},{"floor":38,"key":"Bird Faced Urn"},{"floor":41,"key":"Ice Cream"},{"floor":43,"key":"Blue Candle"},{"floor":46,"key":"PreservedInsect"},{"floor":55,"key":"Oddly Smooth Stone"}],"event_choices":[{"damage_healed":0,"gold_gain":0,"player_choice":"Full Heal","damage_taken":0,"max_hp_gain":0,"max_hp_loss":0,"event_name":"Wheel of Change","floor":3,"gold_loss":0},{"damage_healed":0,"gold_gain":71,"player_choice":"Gained Gold","damage_taken":0,"max_hp_gain":0,"max_hp_loss":0,"event_name":"Golden Wing","floor":5,"gold_loss":0},{"damage_healed":21,"gold_gain":0,"player_choice":"Healed","damage_taken":0,"max_hp_gain":0,"max_hp_loss":0,"event_name":"The Cleric","floor":8,"gold_loss":35},{"cards_removed":["Strike_R"],"damage_healed":0,"gold_gain":0,"player_choice":"Gave Gold","damage_taken":0,"max_hp_gain":0,"max_hp_loss":0,"event_name":"Beggar","floor":19,"gold_loss":75},{"damage_healed":0,"gold_gain":0,"player_choice":"Ignored","damage_taken":0,"max_hp_gain":0,"max_hp_loss":0,"event_name":"Ghosts","floor":20,"gold_loss":0},{"damage_healed":0,"gold_gain":0,"cards_transformed":["Strike_R","Strike_R"],"player_choice":"Became Test Subject","damage_taken":0,"max_hp_gain":0,"max_hp_loss":0,"event_name":"Drug Dealer","floor":21,"gold_loss":0,"cards_obtained":["Juggernaut","Burning Pact"]},{"damage_healed":0,"gold_gain":0,"player_choice":"Fight","damage_taken":0,"max_hp_gain":0,"max_hp_loss":0,"event_name":"Colosseum","floor":27,"gold_loss":0},{"damage_healed":0,"gold_gain":0,"player_choice":"Fought Nobs","damage_taken":0,"max_hp_gain":0,"max_hp_loss":0,"event_name":"Colosseum","floor":27,"gold_loss":0},{"damage_healed":0,"gold_gain":0,"player_choice":"Joined the Cult","damage_taken":6,"max_hp_gain":0,"max_hp_loss":0,"event_name":"Nest","floor":31,"gold_loss":0,"cards_obtained":["RitualDagger"]},{"damage_healed":0,"gold_gain":0,"player_choice":"Fight","damage_taken":0,"max_hp_gain":0,"max_hp_loss":0,"event_name":"Mysterious Sphere","floor":36,"gold_loss":0},{"damage_healed":0,"gold_gain":0,"player_choice":"Fight","damage_taken":0,"max_hp_gain":0,"max_hp_loss":0,"event_name":"MindBloom","floor":38,"gold_loss":0},{"damage_healed":0,"gold_gain":0,"player_choice":"Max HP","damage_taken":0,"max_hp_gain":0,"max_hp_loss":5,"event_name":"Winding Halls","floor":44,"gold_loss":0}],"is_beta":false,"boss_relics":[{"not_picked":["Black Star","Eternal Feather"],"picked":"Snecko Eye"},{"not_picked":["Calling Bell","Tiny House"],"picked":"Coffee Dripper"}],"items_purged_floors":[22],"is_endless":false,"potions_floor_spawned":[2,7,10,13,16,18,33,35,36,46,48,55],"ascension_level":20}