{"gold_per_floor":[109,125,139,158,85,85,120,132,132,132,152,152,152,165,165,263,263,250,267,287,159,159],"floor_reached":22,"playtime":1225,"items_purged":[],"score":219,"play_id":"e4bd9bbf-49c7-4664-b229-957430448a2f","local_time":"20190204170529","is_ascension_mode":true,"campfire_choices":[{"data":"Lockon","floor":6.0,"key":"SMITH"},{"data":"Electrodynamics","floor":10.0,"key":"SMITH"},{"data":"White Noise","floor":12.0,"key":"SMITH"},{"floor":15.0,"key":"REST"}],"neow_cost":"NONE","seed_source_timestamp":358588549573095,"circlet_count":0,"master_deck":["Strike_B","Strike_B","Strike_B","Strike_B","Defend_B","Defend_B","Defend_B","Defend_B","Zap","Dualcast","Purity","Lockon+1","Self Repair","Auto Shields","Beam Cell+1","Double Energy","White Noise+1","Electrodynamics+1","Chill+1","Echo Form","Thunder Strike","Chaos","Stack","Hologram","Conserve Battery","Auto Shields+1","Aggregate+1","Turbo","FTL"],"special_seed":0,"relics":["Cracked Core","Shuriken","Bottled Flame","Orrery"],"potions_floor_usage":[],"damage_taken":[{"damage":1.0,"enemies":"Cultist","floor":1.0,"turns":3.0},{"damage":7.0,"enemies":"Jaw Worm","floor":2.0,"turns":2.0},{"damage":9.0,"enemies":"2 Louse","floor":3.0,"turns":2.0},{"damage":9.0,"enemies":"Red Slaver","floor":4.0,"turns":4.0},{"damage":35.0,"enemies":"3 Sentries","floor":7.0,"turns":9.0},{"damage":11.0,"enemies":"2 Fungi Beasts","floor":8.0,"turns":3.0},{"damage":0.0,"enemies":"Gremlin Gang","floor":11.0,"turns":1.0},{"damage":0.0,"enemies":"Exordium Wildlife","floor":14.0,"turns":2.0},{"damage":41.0,"enemies":"The Guardian","floor":16.0,"turns":11.0},{"damage":21,"enemies":"2 Thieves","floor":18,"turns":4},{"damage":7,"enemies":"Chosen","floor":19,"turns":4},{"damage":19,"enemies":"Snake Plant","floor":20,"turns":4},{"damage":36,"enemies":"Snecko","floor":22,"turns":4}],"seed_played":"3498078423184432812","potions_obtained":[{"floor":1.0,"key":"Swift Potion"},{"floor":2.0,"key":"Poison Potion"},{"floor":11.0,"key":"Block Potion"},{"floor":14.0,"key":"FearPotion"}],"is_trial":false,"path_per_floor":["M","M","?"],"character_chosen":"DEFECT","items_purchased":["Double Energy","Turbo","FTL"],"campfire_rested":1,"item_purchase_floors":[5,21,21],"current_hp_per_floor":[74,67,65,63,63,63,35,31,31,31,31,31,16,23,45,11,75,61,54,35,35,0],"gold":159,"neow_bonus":"RANDOM_COLORLESS","is_prod":false,"is_daily":false,"chose_seed":false,"campfire_upgraded":3,"win_rate":0,"timestamp":1549296329,"path_taken":["M","?","?","M","$","R","E","M","T","R","M","R","?","M","R","BOSS","M","M","M","$","M"],"build_version":"2019-01-23","purchased_purges":0,"victory":false,"max_hp_per_floor":[75,75,75,75,75,75,75,75,75,75,75,75,75,75,75,75,75,75,75,75,75,75],"card_choices":[{"not_picked":["Leap","Conserve Battery"],"picked":"Lockon","floor":1.0},{"not_picked":["Beam Cell","Genetic Algorithm"],"picked":"Self Repair","floor":2.0},{"not_picked":["Redo","Recycle"],"picked":"Auto Shields","floor":3.0},{"not_picked":["Sweeping Beam","Blizzard"],"picked":"Beam Cell","floor":4.0},{"not_picked":["Redo","Rebound"],"picked":"White Noise","floor":7.0},{"not_picked":["Static Discharge","Glacier"],"picked":"Electrodynamics","floor":8.0},{"not_picked":["Streamline","Static Discharge"],"picked":"Chill","floor":11.0},{"not_picked":["Gash","Steam","Heatsinks"],"picked":"SKIP","floor":14.0},{"not_picked":["Electrodynamics","Core Surge"],"picked":"Echo Form","floor":16.0},{"not_picked":["Sweeping Beam","FTL"],"picked":"Thunder Strike","floor":17.0},{"not_picked":["Turbo","Conserve Battery"],"picked":"Chaos","floor":17.0},{"not_picked":["Coolheaded","Hologram"],"picked":"Stack","floor":17.0},{"not_picked":["Ball Lightning","Gash"],"picked":"Hologram","floor":17.0},{"not_picked":["Beam Cell","Reprogram"],"picked":"Conserve Battery","floor":17.0},{"not_picked":["Leap+1","Chill"],"picked":"Auto Shields+1","floor":18},{"not_picked":["Reprogram","Consume","Streamline"],"picked":"SKIP","floor":19},{"not_picked":["Gash","Conserve Battery"],"picked":"Aggregate+1","floor":20}],"player_experience":199234,"relics_obtained":[{"floor":7.0,"key":"Shuriken"},{"floor":9.0,"key":"Bottled Flame"}],"event_choices":[{"damage_healed":0.0,"max_hp_gain":0.0,"max_hp_loss":0.0,"gold_gain":0.0,"event_name":"Shining Light","player_choice":"Entered Light","floor":13.0,"gold_loss":0.0,"damage_taken":15.0,"cards_upgraded":["Chill","Beam Cell"]}],"is_beta":false,"boss_relics":[{"not_picked":["Tiny House","Lizard Tail"],"picked":"Orrery"}],"items_purged_floors":[],"is_endless":false,"potions_floor_spawned":[1,2,11,14],"killed_by":"Snecko","ascension_level":3}