{"gold_per_floor":[118,68,88,104,104,104,104,104,104,118,136,469,469,503,503,599,599,610,620,281,281,300,300,335,335,335,335,370,383,383,395,395,500,500,519,519,189,189,30,30,40,58,112,124,151,177,193,227,227,227],"floor_reached":51,"playtime":1319,"items_purged":["Strike_R","Defend_R","Strike_R"],"score":892,"play_id":"c05e6927-47b2-4998-8aec-ff1cc60f2fb8","local_time":"20181008014913","is_ascension_mode":true,"campfire_choices":[{"data":"Immolate","floor":6,"key":"SMITH"},{"data":"Bash","floor":8,"key":"SMITH"},{"data":"Evolve","floor":13,"key":"SMITH"},{"data":"Reaper","floor":15,"key":"SMITH"},{"data":"Warcry","floor":23,"key":"SMITH"},{"data":"Thunderclap","floor":25,"key":"SMITH"},{"data":"Headbutt","floor":27,"key":"SMITH"},{"data":"Pummel","floor":30,"key":"SMITH"},{"data":"Defend_R","floor":32,"key":"SMITH"},{"data":"Whirlwind","floor":40,"key":"SMITH"},{"data":"Inflame","floor":49,"key":"SMITH"}],"neow_cost":"TEN_PERCENT_HP_LOSS","seed_source_timestamp":43784719480387,"circlet_count":0,"master_deck":["Defend_R+1","Defend_R","Bash+1","Immolate+1","Warcry+1","Headbutt+1","Thunderclap+1","Disarm+1","Evolve+1","Reaper+1","Offering+1","Burning Pact+1","Panacea+1","Flex+1","True Grit+1","Seeing Red+1","Pummel+1","Feed","Flame Barrier+1","Inflame+1","Whirlwind+1","Double Tap+1","Seeing Red+1"],"relics":["Burning Blood","Oddly Smooth Stone","Toxic Egg 2","Old Coin","Calipers","Empty Cage","Strawberry","Meat on the Bone","Regal Pillow","Mercury Hourglass","Red Mask","Sozu","Pocketwatch","Happy Flower","Red Skull","Bronze Scales","Gremlin Horn","Boot"],"potions_floor_usage":[11,12,12,14,16,18,33,33,41],"damage_taken":[{"damage":0,"enemies":"2 Louse","floor":1,"turns":2},{"damage":0,"enemies":"Small Slimes","floor":3,"turns":2},{"damage":7,"enemies":"Jaw Worm","floor":4,"turns":3},{"damage":0,"enemies":"2 Fungi Beasts","floor":10,"turns":1},{"damage":5,"enemies":"Gremlin Gang","floor":11,"turns":2},{"damage":22,"enemies":"Gremlin Nob","floor":12,"turns":4},{"damage":33,"enemies":"Lagavulin","floor":14,"turns":6},{"damage":35,"enemies":"Slime Boss","floor":16,"turns":6},{"damage":11,"enemies":"Spheric Guardian","floor":18,"turns":3},{"damage":9,"enemies":"Chosen","floor":19,"turns":5},{"damage":28,"enemies":"Centurion and Healer","floor":22,"turns":4},{"damage":42,"enemies":"Book of Stabbing","floor":24,"turns":7},{"damage":0,"enemies":"Masked Bandits","floor":28,"turns":1},{"damage":20,"enemies":"Snake Plant","floor":29,"turns":4},{"damage":6,"enemies":"3 Cultists","floor":31,"turns":2},{"damage":31,"enemies":"Collector","floor":33,"turns":6},{"damage":6,"enemies":"3 Darklings","floor":35,"turns":2},{"damage":30,"enemies":"Mind Bloom Boss Battle","floor":36,"turns":6},{"damage":12,"enemies":"Orb Walker","floor":41,"turns":3},{"damage":9,"enemies":"Reptomancer","floor":42,"turns":3},{"damage":19,"enemies":"Sphere and 2 Shapes","floor":44,"turns":3},{"damage":6,"enemies":"Giant Head","floor":46,"turns":5},{"damage":4,"enemies":"4 Shapes","floor":47,"turns":1},{"damage":31,"enemies":"2 Orb Walkers","floor":48,"turns":3},{"damage":35,"enemies":"Donu and Deca","floor":50,"turns":4}],"seed_played":"-3172731124938883544","potions_obtained":[{"floor":5,"key":"FearPotion"},{"floor":5,"key":"EntropicBrew"},{"floor":5,"key":"Weak Potion"},{"floor":12,"key":"Ancient Potion"},{"floor":14,"key":"Poison Potion"},{"floor":16,"key":"AttackPotion"},{"floor":19,"key":"EntropicBrew"}],"is_trial":false,"path_per_floor":["M","?","M","M","?","R","?","R","T","M","M","E","R","E","R","B",null,"M","M","$","T","M","R","E","R","T","R","?","M","R","M","R","B",null,"M","?","$","?","$","R","M","M","T","M","T","E","M","E","R","B"],"character_chosen":"IRONCLAD","items_purchased":["Panacea+1","Strawberry","Flex+1","Happy Flower","Inflame","Whirlwind"],"campfire_rested":0,"item_purchase_floors":[20,20,20,37,37,39],"current_hp_per_floor":[72,72,72,71,71,71,71,71,71,72,72,56,56,29,29,7,72,67,64,71,71,62,62,51,51,51,51,78,64,64,79,79,54,79,79,71,71,71,71,71,81,82,82,81,81,88,91,80,80,63],"gold":227,"neow_bonus":"THREE_RARE_CARDS","is_prod":false,"is_daily":false,"chose_seed":false,"campfire_upgraded":11,"win_rate":0,"timestamp":1538959753,"path_taken":["M","?","M","M","?","R","?","R","T","M","?","E","R","E","R","BOSS","M","M","$","?","M","R","E","R","T","R","?","M","R","M","R","BOSS","M","?","$","?","$","R","M","M","T","?","?","E","M","E","R","BOSS"],"build_version":"2018-10-04v2","purchased_purges":3,"victory":true,"max_hp_per_floor":[72,72,72,72,72,72,72,72,72,72,72,72,72,72,72,72,72,72,72,79,79,79,79,79,79,79,79,79,79,79,79,79,79,79,79,82,82,82,82,82,85,85,85,88,88,88,91,91,91,91],"card_choices":[{"not_picked":["Exhume","Fiend Fire"],"picked":"Immolate","floor":0},{"not_picked":["Clash","Heavy Blade"],"picked":"Warcry","floor":1},{"not_picked":["Body Slam","Cleave"],"picked":"Headbutt","floor":3},{"not_picked":["Warcry","Dropkick"],"picked":"Thunderclap","floor":4},{"not_picked":["Infernal Blade+1","Rampage","Pummel"],"picked":"SKIP","floor":10},{"not_picked":["Wild Strike","Thunderclap"],"picked":"Disarm+1","floor":11},{"not_picked":["Body Slam","Perfected Strike"],"picked":"Evolve","floor":12},{"not_picked":["Warcry+1","Intimidate+1"],"picked":"Reaper","floor":14},{"not_picked":["Exhume+1","Demon Form"],"picked":"Offering+1","floor":16},{"not_picked":["Flex+1","Sword Boomerang","Combust"],"picked":"SKIP","floor":18},{"not_picked":["Thunderclap","Flex+1"],"picked":"Burning Pact+1","floor":19},{"not_picked":["Rage+1","Clothesline+1"],"picked":"True Grit+1","floor":22},{"not_picked":["Juggernaut","Fire Breathing"],"picked":"Seeing Red+1","floor":24},{"not_picked":["Twin Strike","Body Slam"],"picked":"Pummel","floor":28},{"not_picked":["Iron Wave+1","Rage+1","Havoc+1"],"picked":"SKIP","floor":29},{"not_picked":["Clothesline+1","Anger","Havoc+1"],"picked":"SKIP","floor":31},{"not_picked":["Dark Embrace","Bludgeon"],"picked":"Feed","floor":33},{"not_picked":["Twin Strike","Headbutt+1","Burning Pact+1"],"picked":"SKIP","floor":35},{"not_picked":["True Grit+1","Wild Strike+1"],"picked":"Flame Barrier+1","floor":36},{"not_picked":["Perfected Strike+1","Searing Blow+1","Fire Breathing"],"picked":"SKIP","floor":41},{"not_picked":["Cleave+1","Perfected Strike+1"],"picked":"Double Tap+1","floor":42},{"not_picked":["Shockwave+1","Wild Strike","Sword Boomerang"],"picked":"SKIP","floor":44},{"not_picked":["Twin Strike","Juggernaut","Clothesline"],"picked":"SKIP","floor":46},{"not_picked":["Anger","Pommel Strike"],"picked":"Seeing Red+1","floor":47},{"not_picked":["Perfected Strike+1","Pommel Strike","Sentinel+1"],"picked":"SKIP","floor":48}],"player_experience":64976,"relics_obtained":[{"floor":9,"key":"Toxic Egg 2"},{"floor":12,"key":"Old Coin"},{"floor":14,"key":"Calipers"},{"floor":21,"key":"Meat on the Bone"},{"floor":24,"key":"Regal Pillow"},{"floor":26,"key":"Mercury Hourglass"},{"floor":28,"key":"Red Mask"},{"floor":36,"key":"Pocketwatch"},{"floor":43,"key":"Red Skull"},{"floor":45,"key":"Bronze Scales"},{"floor":46,"key":"Gremlin Horn"},{"floor":48,"key":"Boot"}],"event_choices":[{"event_name":"The Cleric","player_choice":"Card Removal","floor":2,"damage_taken":0},{"event_name":"The Lab","player_choice":"Got Potions","floor":5,"damage_taken":0},{"event_name":"WeMeetAgain","player_choice":"Potion","floor":7,"damage_taken":0},{"event_name":"Masked Bandits","player_choice":"Fought Bandits","floor":28,"damage_taken":0},{"event_name":"MindBloom","player_choice":"Fight","floor":36,"damage_taken":0},{"event_name":"Wheel of Change","player_choice":"Card Removal","floor":38,"damage_taken":0}],"is_beta":false,"boss_relics":[{"not_picked":["Black Blood","Runic Cube"],"picked":"Empty Cage"},{"not_picked":["Coffee Dripper","Philosopher\u0027s Stone"],"picked":"Sozu"}],"items_purged_floors":[20,37,39],"is_endless":false,"potions_floor_spawned":[12,14,16,19,24,28,29,42,44,47,48],"ascension_level":3}