{"gold_per_floor":[110,110,124,136,148,183,183,183],"floor_reached":8,"playtime":728,"items_purged":[],"score":61,"play_id":"ccaf8dad-56be-416e-be7d-5c0a105bb265","local_time":"20190202210553","is_ascension_mode":true,"campfire_choices":[{"data":"Backstab","floor":7,"key":"SMITH"}],"neow_cost":"PERCENT_DAMAGE","seed_source_timestamp":110212536177292,"circlet_count":0,"master_deck":["Defend_G","Defend_G","Defend_G","Defend_G","Defend_G","Strike_G","Strike_G","Strike_G","Strike_G","Survivor","Neutralize","Cloak And Dagger","Acrobatics","Backflip","Cloak And Dagger","Backstab+1"],"relics":["Ring of the Snake","Question Card"],"potions_floor_usage":[6,8],"damage_taken":[{"damage":4,"enemies":"Cultist","floor":1,"turns":5},{"damage":0,"enemies":"2 Louse","floor":3,"turns":3},{"damage":0,"enemies":"Small Slimes","floor":4,"turns":4},{"damage":0,"enemies":"Red Slaver","floor":5,"turns":5},{"damage":19,"enemies":"3 Sentries","floor":6,"turns":14},{"damage":45,"enemies":"Lagavulin","floor":8,"turns":8}],"seed_played":"1075255953939498851","potions_obtained":[{"floor":1,"key":"Energy Potion"},{"floor":6,"key":"LiquidBronze"}],"is_trial":false,"path_per_floor":["M","?","M","M","M","E","R","E"],"character_chosen":"THE_SILENT","items_purchased":[],"campfire_rested":0,"item_purchase_floors":[],"current_hp_per_floor":[59,59,59,59,59,40,40,0],"gold":183,"neow_bonus":"TWENTY_PERCENT_HP_BONUS","is_prod":false,"is_daily":false,"chose_seed":false,"campfire_upgraded":1,"win_rate":0,"timestamp":1549170353,"path_taken":["M","?","M","?","M","E","R","E"],"build_version":"2019-01-23","purchased_purges":0,"victory":false,"max_hp_per_floor":[84,84,84,84,84,84,84,84],"card_choices":[{"not_picked":["Dagger Spray","Blade Dance"],"picked":"Cloak And Dagger","floor":1},{"not_picked":["Riddle With Holes","Slice"],"picked":"Acrobatics","floor":3},{"not_picked":["Heel Hook","Finisher"],"picked":"Backflip","floor":4},{"not_picked":["All Out Attack","Choke"],"picked":"Cloak And Dagger","floor":5},{"not_picked":["Bullet Time","Poisoned Stab"],"picked":"Backstab","floor":6}],"player_experience":250517,"relics_obtained":[{"floor":6,"key":"Question Card"}],"event_choices":[{"cards_removed":["Strike_G"],"damage_healed":0,"gold_gain":0,"player_choice":"Purged","damage_taken":0,"max_hp_gain":0,"max_hp_loss":0,"event_name":"Purifier","floor":2,"gold_loss":0}],"is_beta":false,"boss_relics":[],"items_purged_floors":[],"is_endless":false,"potions_floor_spawned":[1,6],"killed_by":"Lagavulin","ascension_level":1}