{"gold_per_floor":[115,130,3,14,14,14,49,49,49,62,97,115,132,160,160,264,264,276,303,303,316,59,59,87,87,87,102,118,153,173,27,27,27],"floor_reached":33,"playtime":3225,"items_purged":["Strike_R","Strike_R"],"score":357,"play_id":"65a7d82d-36ae-4859-b7fb-3f6bfcf2782b","local_time":"20190110214908","is_ascension_mode":false,"campfire_choices":[{"data":"Iron Wave","floor":6,"key":"SMITH"},{"data":"Carnage","floor":8,"key":"SMITH"},{"data":"Flex","floor":15,"key":"SMITH"},{"data":"Pommel Strike","floor":23,"key":"SMITH"},{"floor":25,"key":"REST"},{"floor":32,"key":"REST"}],"neow_cost":"NONE","seed_source_timestamp":0,"circlet_count":0,"master_deck":["Strike_R","Strike_R","Strike_R","Defend_R","Defend_R","Defend_R","Defend_R","Bash","Flex+1","Metallicize","Shrug It Off","Iron Wave+1","Carnage+1","Flame Barrier","Headbutt","Shrug It Off","Iron Wave","Feed","True Grit+1","Iron Wave+1","Pommel Strike+1","Clothesline","Bludgeon","True Grit+1"],"special_seed":0,"relics":["Burning Blood","Shovel","WingedGreaves","Dodecahedron","Self Forming Clay","Sozu","Red Mask","PreservedInsect","Pear","Nunchaku","Boot","Omamori"],"potions_floor_usage":[7,7,11,16,16,19,29],"damage_taken":[{"damage":7.0,"enemies":"2 Louse","floor":1.0,"turns":4.0},{"damage":2.0,"enemies":"Small Slimes","floor":2.0,"turns":3.0},{"damage":6.0,"enemies":"Cultist","floor":4.0,"turns":5.0},{"damage":7,"enemies":"Lagavulin","floor":7,"turns":7},{"damage":6,"enemies":"Exordium Thugs","floor":10,"turns":6},{"damage":3,"enemies":"3 Sentries","floor":11,"turns":8},{"damage":0,"enemies":"Looter","floor":12,"turns":3},{"damage":2,"enemies":"Large Slime","floor":13,"turns":5},{"damage":0,"enemies":"Gremlin Nob","floor":14,"turns":4},{"damage":21,"enemies":"Hexaghost","floor":16,"turns":11},{"damage":12,"enemies":"Shell Parasite","floor":18,"turns":2},{"damage":23,"enemies":"Masked Bandits","floor":19,"turns":5},{"damage":0,"enemies":"3 Byrds","floor":21,"turns":4},{"damage":30,"enemies":"Gremlin Leader","floor":24,"turns":5},{"damage":0,"enemies":"Cultist and Chosen","floor":27,"turns":7},{"damage":10,"enemies":"Snake Plant","floor":28,"turns":3},{"damage":17,"enemies":"Book of Stabbing","floor":29,"turns":3},{"damage":12,"enemies":"Centurion and Healer","floor":30,"turns":5},{"damage":107,"enemies":"Automaton","floor":33,"turns":14}],"seed_played":"271407377371095975","potions_obtained":[{"floor":0.0,"key":"Ancient Potion"},{"floor":0.0,"key":"Block Potion"},{"floor":0.0,"key":"Strength Potion"},{"floor":7,"key":"SteroidPotion"},{"floor":11,"key":"AttackPotion"},{"floor":12,"key":"Explosive Potion"},{"floor":14,"key":"PowerPotion"},{"floor":16,"key":"Poison Potion"}],"is_trial":false,"path_per_floor":["M","M","$","M","?","R","E","R","T","M","E","M","M","E","R","B",null,"M","?","?","M","$","R","E","R","T","M","M","E","M","$","R","B"],"character_chosen":"IRONCLAD","items_purchased":["Shrug It Off","PreservedInsect","Omamori"],"campfire_rested":2,"item_purchase_floors":[3,22,31],"current_hp_per_floor":[79,80,80,80,80,80,79,79,79,79,80,80,80,80,80,65,80,74,60,60,69,69,69,55,83,83,89,85,74,68,68,96,0],"gold":27,"neow_bonus":"THREE_SMALL_POTIONS","is_prod":false,"is_daily":false,"chose_seed":false,"campfire_upgraded":4,"win_rate":0,"timestamp":1547185748,"path_taken":["M","M","$","M","?","R","E","R","T","M","E","M","M","E","R","BOSS","M","?","?","?","$","R","E","R","T","M","M","E","M","?","R","BOSS"],"build_version":"2019-01-10","purchased_purges":2,"victory":false,"max_hp_per_floor":[80,80,80,80,80,80,80,80,80,80,80,80,80,80,80,80,80,80,83,83,86,86,86,96,96,96,96,96,96,96,96,96,96],"card_choices":[{"not_picked":["Thunderclap","Perfected Strike"],"picked":"Flex","floor":1.0},{"not_picked":["Rage","Anger"],"picked":"Metallicize","floor":2.0},{"not_picked":["Rupture","Sword Boomerang"],"picked":"Iron Wave","floor":4},{"not_picked":["Reckless Charge","Hemokinesis"],"picked":"Carnage","floor":7},{"not_picked":["Fiend Fire","Cleave"],"picked":"Flame Barrier","floor":10},{"not_picked":["Limit Break","Iron Wave"],"picked":"Headbutt","floor":11},{"not_picked":["Seeing Red","Headbutt"],"picked":"Shrug It Off","floor":12},{"not_picked":["Dropkick","Havoc"],"picked":"Iron Wave","floor":13},{"not_picked":["Pummel","Armaments","Cleave"],"picked":"SKIP","floor":14},{"not_picked":["Brutality","Dark Embrace"],"picked":"Feed","floor":16},{"not_picked":["Armaments","Sword Boomerang","Warcry"],"picked":"SKIP","floor":18},{"not_picked":["Perfected Strike","Havoc"],"picked":"True Grit+1","floor":19},{"not_picked":["Flame Barrier","Armaments"],"picked":"Pommel Strike","floor":21},{"not_picked":["Armaments","Bloodletting","Corruption+1"],"picked":"SKIP","floor":24},{"not_picked":["Sever Soul","Reckless Charge"],"picked":"Clothesline","floor":27},{"not_picked":["Perfected Strike","Corruption","True Grit"],"picked":"SKIP","floor":28},{"not_picked":["Searing Blow+1","Evolve+1"],"picked":"Bludgeon","floor":29},{"not_picked":["Sentinel","Anger"],"picked":"True Grit+1","floor":30}],"player_experience":33831,"relics_obtained":[{"floor":7,"key":"Shovel"},{"floor":9,"key":"WingedGreaves"},{"floor":11,"key":"Dodecahedron"},{"floor":14,"key":"Self Forming Clay"},{"floor":19,"key":"Red Mask"},{"floor":24,"key":"Pear"},{"floor":26,"key":"Nunchaku"},{"floor":29,"key":"Boot"}],"event_choices":[{"damage_healed":0,"gold_gain":0,"player_choice":"Leave","damage_taken":0,"max_hp_gain":0,"max_hp_loss":0,"event_name":"The Cleric","floor":5,"gold_loss":0},{"damage_healed":0,"gold_gain":0,"player_choice":"Fought Bandits","damage_taken":0,"max_hp_gain":0,"max_hp_loss":0,"event_name":"Masked Bandits","floor":19,"gold_loss":0},{"damage_healed":0,"gold_gain":0,"player_choice":"Copied","damage_taken":0,"max_hp_gain":0,"max_hp_loss":0,"event_name":"Duplicator","floor":20,"gold_loss":0,"cards_obtained":["Iron Wave"]}],"is_beta":false,"boss_relics":[{"not_picked":["Calling Bell","Cursed Key"],"picked":"Sozu"}],"items_purged_floors":[3,22],"is_endless":false,"potions_floor_spawned":[7,11,12,14,16,21,27,30],"killed_by":"Automaton","ascension_level":0}