{"gold_per_floor":[116,70,86,36,14,14,39,39,39,66,66,98,110,145,145,250,250,250,165,111,111,111,111,111,13,13,13,13,13,13,13,13,13,13,13,13,13,13,13,13,13,13,13,13,13,13,13,13,13,13],"floor_reached":51,"playtime":1937,"items_purged":[],"score":1200,"play_id":"44707588-0f06-4042-b17c-e35f3e53f28c","local_time":"20190204191330","is_ascension_mode":true,"campfire_choices":[{"data":"Perfected Strike","floor":6.0,"key":"SMITH"},{"data":"Wild Strike","floor":8.0,"key":"SMITH"},{"data":"Shrug It Off","floor":15.0,"key":"SMITH"},{"data":"Warcry","floor":23.0,"key":"SMITH"},{"data":"Double Tap","floor":32,"key":"SMITH"},{"data":"Double Tap","floor":41,"key":"SMITH"},{"data":"Bash","floor":44,"key":"SMITH"},{"data":"Pommel Strike","floor":49,"key":"SMITH"}],"neow_cost":"NONE","seed_source_timestamp":365600215974280,"circlet_count":0,"master_deck":["Strike_R+1","Strike_R+1","Strike_R+1","Strike_R+1","Strike_R+1","Defend_R+1","Defend_R+1","Bash+1","Perfected Strike+1","Pommel Strike+1","Wild Strike+1","Twin Strike","Disarm","Warcry+1","Headbutt","Shrug It Off+1","Perfected Strike+1","Double Tap+1","Perfected Strike+1","Perfected Strike+1","Twin Strike+1","Wild Strike+1","Headbutt+1","Evolve+1","Double Tap+1","Pommel Strike+1","Perfected Strike+1","Warcry+1"],"special_seed":0,"relics":["Burning Blood","NeowsBlessing","Lantern","Strawberry","Ornamental Fan","Molten Egg 2","Turnip","Ectoplasm","Pantograph","Ancient Tea Set","Omamori","Pen Nib","Velvet Choker","Potion Belt","Bottled Lightning","The Courier"],"potions_floor_usage":[33,47,50,50,50],"damage_taken":[{"damage":0.0,"enemies":"Cultist","floor":1.0,"turns":1.0},{"damage":0.0,"enemies":"Small Slimes","floor":3.0,"turns":1.0},{"damage":0.0,"enemies":"3 Sentries","floor":7.0,"turns":1.0},{"damage":0.0,"enemies":"Gremlin Nob","floor":10.0,"turns":2.0},{"damage":20.0,"enemies":"Lagavulin","floor":12.0,"turns":3.0},{"damage":0.0,"enemies":"2 Louse","floor":13.0,"turns":2.0},{"damage":16.0,"enemies":"3 Sentries","floor":14.0,"turns":5.0},{"damage":26.0,"enemies":"The Guardian","floor":16.0,"turns":7.0},{"damage":9.0,"enemies":"3 Byrds","floor":18.0,"turns":4.0},{"damage":0.0,"enemies":"Chosen","floor":22.0,"turns":2.0},{"damage":5.0,"enemies":"Snecko","floor":24.0,"turns":3.0},{"damage":8,"enemies":"Cultist and Chosen","floor":27,"turns":2},{"damage":0,"enemies":"Centurion and Healer","floor":28,"turns":2},{"damage":0,"enemies":"Gremlin Leader","floor":29,"turns":2},{"damage":2,"enemies":"Shelled Parasite and Fungi","floor":30,"turns":2},{"damage":17,"enemies":"Slavers","floor":31,"turns":2},{"damage":0,"enemies":"Automaton","floor":33,"turns":2},{"damage":4,"enemies":"3 Shapes","floor":35,"turns":2},{"damage":0,"enemies":"3 Darklings","floor":36,"turns":3},{"damage":14,"enemies":"Spire Growth","floor":37,"turns":2},{"damage":14,"enemies":"Reptomancer","floor":40,"turns":2},{"damage":0,"enemies":"Jaw Worm Horde","floor":45,"turns":1},{"damage":0,"enemies":"Giant Head","floor":46,"turns":4},{"damage":23,"enemies":"Writhing Mass","floor":47,"turns":2},{"damage":22,"enemies":"Sphere and 2 Shapes","floor":48,"turns":3},{"damage":38,"enemies":"Donu and Deca","floor":50,"turns":4}],"seed_played":"-679715798914320390","potions_obtained":[{"floor":3.0,"key":"Block Potion"},{"floor":12.0,"key":"PowerPotion"},{"floor":13.0,"key":"FearPotion"},{"floor":16.0,"key":"Regen Potion"},{"floor":18.0,"key":"BloodPotion"},{"floor":33,"key":"Energy Potion"},{"floor":45,"key":"Regen Potion"},{"floor":48,"key":"Poison Potion"}],"is_trial":false,"path_per_floor":["$","?","?","M","?","?","?","$"],"character_chosen":"IRONCLAD","items_purchased":["Pommel Strike","Twin Strike","Perfected Strike+1","Headbutt+1","Strength Potion"],"campfire_rested":0,"item_purchase_floors":[2,5,20,25,25],"current_hp_per_floor":[80,80,80,80,80,80,80,80,87,87,87,73,79,69,69,49,78,75,75,75,75,81,81,82,82,82,80,86,87,87,76,76,87,87,87,87,79,79,71,63,63,63,63,63,69,75,63,47,47,52],"gold":13,"neow_bonus":"THREE_ENEMY_KILL","is_prod":false,"is_daily":false,"chose_seed":false,"campfire_upgraded":8,"win_rate":0,"timestamp":1549304010,"path_taken":["M","?","M","?","$","R","E","R","T","E","?","E","?","E","R","BOSS","M","?","$","?","M","R","M","$","T","M","M","E","M","E","R","BOSS","M","M","M","$","?","E","R","?","T","R","M","E","M","M","R","BOSS"],"build_version":"2019-01-23","purchased_purges":0,"victory":true,"max_hp_per_floor":[80,80,80,80,80,80,80,80,87,87,87,87,87,87,87,87,87,87,87,87,87,87,87,87,87,87,87,87,87,87,87,87,87,87,87,87,87,87,87,87,87,87,87,87,87,87,87,87,87,87],"card_choices":[{"not_picked":["Rupture","Wild Strike"],"picked":"Perfected Strike","floor":1.0},{"not_picked":["Clothesline","Twin Strike"],"picked":"Wild Strike","floor":3.0},{"not_picked":["True Grit","Inflame"],"picked":"Disarm","floor":7.0},{"not_picked":["Iron Wave","Armaments"],"picked":"Warcry","floor":10.0},{"not_picked":["Heavy Blade","Body Slam","Dark Embrace"],"picked":"SKIP","floor":12.0},{"not_picked":["Rampage+1","Dual Wield"],"picked":"Shrug It Off","floor":13.0},{"not_picked":["Ghostly Armor","Barricade"],"picked":"Perfected Strike+1","floor":14.0},{"not_picked":["Barricade","Immolate+1"],"picked":"Double Tap","floor":16.0},{"not_picked":["Iron Wave+1","Carnage+1"],"picked":"Perfected Strike+1","floor":18.0},{"not_picked":["Warcry","Havoc"],"picked":"Twin Strike+1","floor":22.0},{"not_picked":["Body Slam+1","Sever Soul+1"],"picked":"Wild Strike+1","floor":24.0},{"not_picked":["Body Slam+1","Rampage+1","Flame Barrier"],"picked":"SKIP","floor":27},{"not_picked":["Impervious","Clothesline+1","Sword Boomerang+1"],"picked":"SKIP","floor":28},{"not_picked":["Cleave+1","Feel No Pain","Iron Wave+1"],"picked":"SKIP","floor":29},{"not_picked":["Sword Boomerang+1","Clothesline+1","Infernal Blade"],"picked":"SKIP","floor":30},{"not_picked":["Armaments","Infernal Blade"],"picked":"Evolve+1","floor":31},{"not_picked":["Limit Break","Juggernaut"],"picked":"Double Tap","floor":33},{"not_picked":["True Grit+1","Wild Strike+1"],"picked":"Pommel Strike+1","floor":35},{"not_picked":["Heavy Blade+1","Feel No Pain+1","Clash+1"],"picked":"SKIP","floor":36},{"not_picked":["Shrug It Off+1","Anger+1","Iron Wave+1"],"picked":"SKIP","floor":37},{"not_picked":["Combust+1","Thunderclap+1","Berserk"],"picked":"SKIP","floor":40},{"not_picked":["Wild Strike+1","Reckless Charge+1"],"picked":"Perfected Strike+1","floor":45},{"not_picked":["Armaments","Shrug It Off","Searing Blow+1"],"picked":"SKIP","floor":46},{"not_picked":["Feel No Pain+1","Searing Blow+1","Metallicize"],"picked":"SKIP","floor":47},{"not_picked":["Heavy Blade+1","Pommel Strike+1"],"picked":"Warcry+1","floor":48}],"player_experience":201916,"relics_obtained":[{"floor":7.0,"key":"Lantern"},{"floor":9.0,"key":"Strawberry"},{"floor":10.0,"key":"Ornamental Fan"},{"floor":12.0,"key":"Molten Egg 2"},{"floor":14.0,"key":"Turnip"},{"floor":26.0,"key":"Ancient Tea Set"},{"floor":29,"key":"Omamori"},{"floor":31,"key":"Pen Nib"},{"floor":40,"key":"Potion Belt"},{"floor":43,"key":"Bottled Lightning"},{"floor":46,"key":"The Courier"}],"event_choices":[{"cards_removed":["Defend_R"],"damage_healed":0.0,"max_hp_gain":0.0,"max_hp_loss":0.0,"gold_gain":0.0,"event_name":"The Cleric","player_choice":"Card Removal","floor":4.0,"gold_loss":50.0,"damage_taken":0.0},{"damage_healed":0.0,"max_hp_gain":0.0,"max_hp_loss":0.0,"gold_gain":0.0,"cards_transformed":["Defend_R"],"event_name":"Transmorgrifier","player_choice":"Transformed","floor":11.0,"gold_loss":0.0,"damage_taken":0.0,"cards_obtained":["Headbutt"]},{"damage_healed":0.0,"max_hp_gain":0.0,"max_hp_loss":0.0,"gold_gain":0.0,"event_name":"Addict","player_choice":"Obtained Relic","floor":19.0,"gold_loss":85.0,"damage_taken":0.0,"relics_obtained":["Pantograph"]},{"damage_healed":0.0,"max_hp_gain":0.0,"max_hp_loss":0.0,"gold_gain":0.0,"event_name":"Back to Basics","player_choice":"Simplicity","floor":21.0,"gold_loss":0.0,"damage_taken":0.0,"cards_upgraded":["Strike_R","Strike_R","Strike_R","Strike_R","Strike_R","Defend_R","Defend_R"]},{"damage_healed":0,"gold_gain":0,"player_choice":"Damaged","damage_taken":8,"max_hp_gain":0,"max_hp_loss":0,"event_name":"Wheel of Change","floor":39,"gold_loss":0}],"is_beta":false,"boss_relics":[{"not_picked":["Cursed Key","Lizard Tail"],"picked":"Ectoplasm"},{"not_picked":["Black Star","Snecko Eye"],"picked":"Velvet Choker"}],"items_purged_floors":[],"is_endless":false,"potions_floor_spawned":[3,12,13,14,16,18,27,28,29,33,35,37,45,48],"ascension_level":5}