{"gold_per_floor":[99,99,99,99,99,99,99,69,69,69,69,69,69,69,69,69,69,69,69,69,0,0,0,0,0,0,0,0,0,0,0,0,0,0,0,0,0,0,0],"floor_reached":39,"playtime":3467,"items_purged":[],"score":595,"play_id":"a06e0d0b-2b88-45c3-b447-8f07621ef7c2","local_time":"20180819175706","is_ascension_mode":true,"campfire_choices":[{"floor":6,"key":"REST"},{"data":"Strike_B","floor":12,"key":"PURGE"},{"floor":15,"key":"DIG"},{"floor":23,"key":"DIG"},{"floor":29,"key":"DIG"},{"floor":32,"key":"DIG"}],"neow_cost":"NONE","seed_source_timestamp":1187563467384482,"circlet_count":0,"master_deck":["Strike_B","Strike_B","Defend_B","Defend_B","Defend_B","Zap","Dualcast","Ball Lightning","Cold Snap","Leap","Doom and Gloom","Conserve Battery","Cold Snap","Cold Snap","Glacier","Ball Lightning","Seek","Rebound+1","Barrage","Redo","Coolheaded","Barrage+1","Echo Form","Clumsy","Decay","Writhe","Glacier+1","Barrage","Barrage+1"],"relics":["Ectoplasm","Peace Pipe","Incense Burner","Pantograph","Shovel","Lantern","Inserter","Turnip","Smiling Mask","Dodecahedron","Mango","Potion Belt","Bronze Scales","Calling Bell","Oddly Smooth Stone","Gremlin Horn","Thread and Needle","Unceasing Top"],"potions_floor_usage":[24,24,39,39,39],"damage_taken":[{"damage":0,"enemies":"2 Louse","floor":1,"turns":2},{"damage":1,"enemies":"Cultist","floor":3,"turns":3},{"damage":7,"enemies":"Jaw Worm","floor":4,"turns":2},{"damage":12,"enemies":"Lots of Slimes","floor":5,"turns":4},{"damage":11,"enemies":"3 Sentries","floor":7,"turns":6},{"damage":0,"enemies":"Looter","floor":8,"turns":3},{"damage":4,"enemies":"3 Louse","floor":10,"turns":3},{"damage":0,"enemies":"Lagavulin","floor":11,"turns":5},{"damage":0,"enemies":"Blue Slaver","floor":13,"turns":3},{"damage":0,"enemies":"3 Sentries","floor":14,"turns":4},{"damage":10,"enemies":"Slime Boss","floor":16,"turns":10},{"damage":5,"enemies":"Spheric Guardian","floor":18,"turns":4},{"damage":20,"enemies":"2 Thieves","floor":21,"turns":4},{"damage":10,"enemies":"Snake Plant","floor":22,"turns":5},{"damage":8,"enemies":"Book of Stabbing","floor":24,"turns":5},{"damage":22,"enemies":"Slavers","floor":27,"turns":7},{"damage":0,"enemies":"Snecko","floor":28,"turns":5},{"damage":8,"enemies":"Sentry and Sphere","floor":31,"turns":5},{"damage":9,"enemies":"Automaton","floor":33,"turns":11},{"damage":5,"enemies":"3 Darklings","floor":35,"turns":7},{"damage":20,"enemies":"3 Shapes","floor":36,"turns":4},{"damage":35,"enemies":"Transient","floor":38,"turns":5},{"damage":40,"enemies":"4 Shapes","floor":39,"turns":1}],"seed_played":"-2601027430740419729","potions_obtained":[{"floor":5,"key":"GamblersBrew"},{"floor":8,"key":"Regen Potion"},{"floor":10,"key":"FocusPotion"},{"floor":11,"key":"Energy Potion"},{"floor":18,"key":"Regen Potion"},{"floor":24,"key":"Energy Potion"},{"floor":27,"key":"Regen Potion"},{"floor":31,"key":"Regen Potion"},{"floor":38,"key":"Weak Potion"}],"is_trial":false,"path_per_floor":["M","?","M","M","M","R","E","M","T","M","E","R","M","E","R","B",null,"M","?","?","M","M","R","E","?","T","E","M","R","$","M","R","B",null,"M","M","?","M"],"character_chosen":"DEFECT","items_purchased":[],"campfire_rested":1,"item_purchase_floors":[],"current_hp_per_floor":[75,68,67,60,48,70,59,59,59,55,55,55,55,55,55,65,75,70,70,70,50,40,40,66,52,52,44,44,44,44,36,36,52,94,89,69,69,34,0],"gold":0,"neow_bonus":"BOSS_RELIC","is_prod":false,"is_daily":false,"chose_seed":false,"campfire_upgraded":0,"win_rate":0,"timestamp":1534719426,"path_taken":["M","?","M","M","?","R","E","M","T","M","E","R","M","E","R","BOSS","M","?","?","M","M","R","E","?","T","E","M","R","$","M","R","BOSS","M","M","?","?","M"],"build_version":"2018-08-16","purchased_purges":0,"victory":false,"max_hp_per_floor":[75,75,75,75,75,75,75,75,75,75,75,75,75,75,75,75,75,75,75,75,75,75,75,75,80,80,94,94,94,94,94,94,94,94,94,94,94,94,94],"card_choices":[{"not_picked":["Steam","Rebound"],"picked":"Ball Lightning","floor":1},{"not_picked":["Hologram","Coolheaded"],"picked":"Cold Snap","floor":3},{"not_picked":["Steam","FTL"],"picked":"Leap","floor":4},{"not_picked":["Rip and Tear","Loop"],"picked":"Doom and Gloom","floor":5},{"not_picked":["Self Repair","Turbo"],"picked":"Conserve Battery","floor":7},{"not_picked":["Scrape","Redo"],"picked":"Cold Snap","floor":8},{"not_picked":["Steam","Coolheaded"],"picked":"Cold Snap","floor":10},{"not_picked":["Buffer","Barrage"],"picked":"Glacier","floor":11},{"not_picked":["Hologram","Stack"],"picked":"Ball Lightning","floor":13},{"not_picked":["Compile Driver","Gash","Steam Power"],"picked":"SKIP","floor":14},{"not_picked":["Meteor Strike","Biased Cognition"],"picked":"Seek","floor":16},{"not_picked":["Reinforced Body","Go for the Eyes"],"picked":"Rebound+1","floor":18},{"not_picked":["Loop","Stack+1"],"picked":"Barrage","floor":21},{"not_picked":["Go for the Eyes","Stack","Scrape"],"picked":"SKIP","floor":22},{"not_picked":["Sweeping Beam+1","Go for the Eyes"],"picked":"Redo","floor":24},{"not_picked":["Leap","FTL"],"picked":"Coolheaded","floor":27},{"not_picked":["Turbo","Amplify","Streamline+1"],"picked":"SKIP","floor":28},{"not_picked":["Melter","Genetic Algorithm"],"picked":"Barrage+1","floor":31},{"not_picked":["Hyperbeam","Thunder Strike"],"picked":"Echo Form","floor":33},{"not_picked":["Coolheaded+1","Beam Cell"],"picked":"Glacier+1","floor":35},{"not_picked":["Aggregate+1","Go for the Eyes+1"],"picked":"Barrage","floor":36},{"not_picked":["Hologram+1","Turbo"],"picked":"Barrage+1","floor":38}],"player_experience":148463,"relics_obtained":[{"floor":7,"key":"Peace Pipe"},{"floor":9,"key":"Incense Burner"},{"floor":11,"key":"Pantograph"},{"floor":14,"key":"Shovel"},{"floor":15,"key":"Lantern"},{"floor":23,"key":"Turnip"},{"floor":24,"key":"Smiling Mask"},{"floor":26,"key":"Dodecahedron"},{"floor":27,"key":"Mango"},{"floor":29,"key":"Potion Belt"},{"floor":32,"key":"Bronze Scales"},{"floor":34,"key":"Oddly Smooth Stone"},{"floor":34,"key":"Gremlin Horn"},{"floor":34,"key":"Thread and Needle"}],"event_choices":[{"event_name":"Golden Wing","player_choice":"Card Removal","floor":2,"damage_taken":0},{"event_name":"Back to Basics","player_choice":"Elegance","floor":19,"damage_taken":0},{"event_name":"Ghosts","player_choice":"Ignored","floor":20,"damage_taken":0},{"event_name":"Forgotten Altar","player_choice":"Shed Blood","floor":25,"damage_taken":0},{"event_name":"WeMeetAgain","player_choice":"Potion","floor":37,"damage_taken":0}],"is_beta":false,"boss_relics":[{"not_picked":["Tiny House","Philosopher\u0027s Stone"],"picked":"Inserter"},{"not_picked":["Lizard Tail","Snecko Eye"],"picked":"Calling Bell"}],"items_purged_floors":[],"is_endless":false,"potions_floor_spawned":[5,8,10,11,14,16,18,24,27,31,38],"killed_by":"4 Shapes","ascension_level":2}