{"gold_per_floor":[112,122,122,7,20,45,45,56,56,56,75,93,109,9,9,108,108,123,48,48,147,147,176,106,120,120,120],"floor_reached":27,"playtime":674,"items_purged":["Decay","Strike_R"],"score":388,"play_id":"ce2649a2-d910-42dd-a0e3-6160da6303e1","local_time":"20181117005245","is_ascension_mode":true,"campfire_choices":[{"data":"Body Slam","floor":7,"key":"SMITH"},{"data":"Inflame","floor":10,"key":"SMITH"},{"floor":15,"key":"REST"}],"neow_cost":"NONE","seed_source_timestamp":22776248748038,"circlet_count":0,"master_deck":["Defend_R","Defend_R","Bash","Feed+1","Combust+1","Power Through+1","Sword Boomerang","Body Slam+1","Inflame+1","Feel No Pain","Reaper","Cleave","Flame Barrier","Second Wind","True Grit"],"relics":["Astrolabe","Regal Pillow","Singing Bowl","Empty Cage","Prayer Wheel","Dream Catcher","Kunai"],"potions_floor_usage":[23,23,27],"damage_taken":[{"damage":9,"enemies":"Cultist","floor":1,"turns":5},{"damage":4,"enemies":"2 Louse","floor":2,"turns":3},{"damage":0,"enemies":"Small Slimes","floor":5,"turns":4},{"damage":28,"enemies":"Gremlin Nob","floor":6,"turns":4},{"damage":7,"enemies":"Exordium Wildlife","floor":8,"turns":3},{"damage":2,"enemies":"Looter","floor":11,"turns":3},{"damage":0,"enemies":"2 Fungi Beasts","floor":12,"turns":4},{"damage":23,"enemies":"Blue Slaver","floor":13,"turns":4},{"damage":75,"enemies":"Slime Boss","floor":16,"turns":9},{"damage":19,"enemies":"Chosen","floor":18,"turns":6},{"damage":64,"enemies":"Book of Stabbing","floor":23,"turns":7},{"damage":29,"enemies":"Shell Parasite","floor":25,"turns":7},{"damage":10,"enemies":"Snecko","floor":27,"turns":3}],"seed_played":"-2562115081983084173","potions_obtained":[{"floor":6,"key":"EssenceOfSteel"},{"floor":12,"key":"FearPotion"},{"floor":16,"key":"Energy Potion"},{"floor":23,"key":"PowerPotion"}],"is_trial":false,"path_per_floor":["M","M","?","$","M","E","R","M","T","R","M","M","M","$","R","B",null,"M","?","?","?","?","E","$","M","T","M"],"character_chosen":"IRONCLAD","items_purchased":["Inflame","Second Wind"],"campfire_rested":1,"item_purchase_floors":[4,24],"current_hp_per_floor":[67,63,63,63,67,43,43,40,40,40,44,58,41,41,90,27,94,88,88,88,88,88,32,32,5,5,0],"gold":120,"neow_bonus":"BOSS_RELIC","is_prod":false,"is_daily":false,"chose_seed":false,"campfire_upgraded":2,"win_rate":0,"timestamp":1542415965,"path_taken":["M","?","?","$","M","E","R","M","T","R","M","?","?","$","R","BOSS","M","?","?","?","?","E","$","M","T","?"],"build_version":"2018-11-15","purchased_purges":2,"victory":false,"max_hp_per_floor":[84,84,84,84,88,92,92,96,96,96,102,108,114,114,114,116,116,122,122,122,122,122,124,124,126,126,126],"card_choices":[{"not_picked":["Heavy Blade","Warcry"],"picked":"Sword Boomerang","floor":1},{"not_picked":["Heavy Blade","Second Wind"],"picked":"Body Slam","floor":2},{"not_picked":["Shrug It Off","Armaments"],"picked":"Feel No Pain","floor":5},{"not_picked":["Rampage","Shockwave"],"picked":"Reaper","floor":6},{"not_picked":["Bloodletting","Warcry"],"picked":"Cleave","floor":8},{"not_picked":["Clothesline","Anger","Perfected Strike"],"picked":"Singing Bowl","floor":11},{"not_picked":["Clothesline","Sever Soul","Power Through"],"picked":"Singing Bowl","floor":12},{"not_picked":["Cleave","Infernal Blade","Iron Wave"],"picked":"Singing Bowl","floor":13},{"not_picked":["Berserk","Bludgeon","Reaper"],"picked":"Singing Bowl","floor":16},{"not_picked":["Perfected Strike","Rampage+1","Feel No Pain+1"],"picked":"Singing Bowl","floor":18},{"not_picked":["Entrench","Flex","Fiend Fire"],"picked":"Singing Bowl","floor":23},{"not_picked":["Seeing Red","Clothesline"],"picked":"True Grit","floor":25},{"not_picked":["Thunderclap","Armaments","Clash"],"picked":"Singing Bowl","floor":25}],"player_experience":180941,"relics_obtained":[{"floor":6,"key":"Regal Pillow"},{"floor":9,"key":"Singing Bowl"},{"floor":23,"key":"Dream Catcher"},{"floor":26,"key":"Kunai"}],"event_choices":[{"damage_healed":0,"gold_gain":0,"player_choice":"Cursed","damage_taken":0,"max_hp_gain":0,"max_hp_loss":0,"event_name":"Wheel of Change","floor":3,"gold_loss":0,"cards_obtained":["Decay"]},{"cards_removed":["Defend_R"],"damage_healed":0,"gold_gain":0,"player_choice":"Gave Gold","damage_taken":0,"max_hp_gain":0,"max_hp_loss":0,"event_name":"Beggar","floor":19,"gold_loss":75},{"damage_healed":0,"gold_gain":0,"player_choice":"Read","damage_taken":0,"max_hp_gain":0,"max_hp_loss":0,"event_name":"The Library","floor":20,"gold_loss":0,"cards_obtained":["Flame Barrier"]},{"damage_healed":0,"gold_gain":99,"player_choice":"Stole From Cult","damage_taken":0,"max_hp_gain":0,"max_hp_loss":0,"event_name":"Nest","floor":21,"gold_loss":0},{"damage_healed":0,"gold_gain":0,"player_choice":"Opened","damage_taken":0,"relics_obtained":["Prayer Wheel"],"max_hp_gain":0,"max_hp_loss":0,"event_name":"The Mausoleum","floor":22,"gold_loss":0}],"is_beta":false,"boss_relics":[{"not_picked":["Runic Dome","Ectoplasm"],"picked":"Empty Cage"}],"items_purged_floors":[4,14],"is_endless":false,"potions_floor_spawned":[6,12,16,23],"killed_by":"Snecko","ascension_level":9}