{"gold_per_floor":[99,99,71,71,71,71,71,71,71,56,33,33,33,33,33,33],"floor_reached":16,"playtime":562,"items_purged":[],"score":118,"play_id":"b6a8f2d4-9288-4aa2-b1e8-79faa8bf4a8b","local_time":"20190129145155","is_ascension_mode":false,"campfire_choices":[{"data":"Bash","floor":6,"key":"SMITH"},{"data":"Heavy Blade","floor":8,"key":"SMITH"},{"data":"True Grit","floor":15,"key":"SMITH"}],"neow_cost":"NONE","seed_source_timestamp":133451084581402,"circlet_count":0,"master_deck":["Strike_R","Strike_R","Strike_R","Strike_R+1","Defend_R","Defend_R","Defend_R","Defend_R","Bash+1","Twin Strike","Clothesline+1","Heavy Blade+1","Anger","True Grit+1","Impervious","Anger","Bash","Disarm"],"relics":["Ectoplasm","Whetstone","Matryoshka","Frozen Egg 2"],"potions_floor_usage":[12,14,16],"damage_taken":[{"damage":0,"enemies":"2 Louse","floor":1,"turns":3},{"damage":5,"enemies":"Small Slimes","floor":2,"turns":3},{"damage":1,"enemies":"Jaw Worm","floor":5,"turns":3},{"damage":18,"enemies":"3 Sentries","floor":7,"turns":7},{"damage":7,"enemies":"Looter","floor":10,"turns":2},{"damage":10,"enemies":"Gremlin Nob","floor":12,"turns":3},{"damage":8,"enemies":"Lagavulin","floor":14,"turns":5},{"damage":24,"enemies":"The Guardian","floor":16,"turns":8}],"seed_played":"-7995627878721914914","potions_obtained":[{"floor":2,"key":"SpeedPotion"},{"floor":7,"key":"AttackPotion"},{"floor":10,"key":"Dexterity Potion"}],"is_trial":false,"path_per_floor":["M","M","?","?","M","R","E","R","T","M","$","E","?","E","R","B"],"character_chosen":"IRONCLAD","items_purchased":["True Grit"],"campfire_rested":0,"item_purchase_floors":[11],"current_hp_per_floor":[80,75,75,68,67,67,49,49,49,42,42,32,32,24,24,0],"gold":33,"neow_bonus":"BOSS_RELIC","is_prod":false,"is_daily":false,"chose_seed":false,"campfire_upgraded":3,"win_rate":0,"timestamp":1548791515,"path_taken":["M","M","?","?","M","R","E","R","T","?","$","E","?","E","R","BOSS"],"build_version":"2019-01-23","purchased_purges":0,"victory":false,"max_hp_per_floor":[80,80,80,80,80,80,80,80,80,80,80,80,80,80,80,80],"card_choices":[{"not_picked":["Havoc","Clash"],"picked":"Twin Strike","floor":1},{"not_picked":["Blood for Blood","Entrench"],"picked":"Clothesline","floor":2},{"not_picked":["Thunderclap","Armaments"],"picked":"Heavy Blade","floor":5},{"not_picked":["Exhume","Infernal Blade"],"picked":"Anger","floor":7},{"not_picked":["Warcry","Body Slam","Clash"],"picked":"SKIP","floor":10},{"not_picked":["Wild Strike","Anger"],"picked":"Impervious","floor":12},{"not_picked":["Anger","Hemokinesis"],"picked":"Disarm","floor":14}],"player_experience":396385,"relics_obtained":[{"floor":7,"key":"Whetstone"},{"floor":12,"key":"Matryoshka"},{"floor":14,"key":"Frozen Egg 2"}],"event_choices":[{"damage_healed":0,"gold_gain":0,"player_choice":"Left Gold","damage_taken":0,"max_hp_gain":0,"max_hp_loss":0,"event_name":"World of Goop","floor":3,"gold_loss":28},{"cards_removed":["Strike_R"],"damage_healed":0,"gold_gain":0,"player_choice":"Card Removal","damage_taken":7,"max_hp_gain":0,"max_hp_loss":0,"event_name":"Golden Wing","floor":4,"gold_loss":0},{"damage_healed":0,"gold_gain":0,"player_choice":"2 cards matched","damage_taken":0,"max_hp_gain":0,"max_hp_loss":0,"event_name":"Match and Keep!","floor":13,"gold_loss":0,"cards_obtained":["Anger","Bash"]}],"is_beta":false,"boss_relics":[],"items_purged_floors":[],"is_endless":false,"potions_floor_spawned":[2,7,10],"killed_by":"The Guardian","ascension_level":0}