{"gold_per_floor":[112,112,24,39,53,102,102,158,209,223,223,21,47,47,47,47],"floor_reached":16,"playtime":403,"items_purged":[],"score":113,"play_id":"fb8579b7-c74d-4138-8692-c2e9e360b4e4","local_time":"20181025201731","is_ascension_mode":true,"campfire_choices":[{"data":"Madness","floor":7,"key":"SMITH"},{"data":"Prepared","floor":11,"key":"SMITH"},{"floor":15,"key":"REST"}],"neow_cost":"NONE","seed_source_timestamp":6607722883395,"circlet_count":0,"master_deck":["Defend_G","Defend_G","Defend_G","Defend_G","Defend_G","Strike_G","Strike_G","Strike_G","Strike_G","Strike_G","Survivor","Neutralize","Madness+1","Underhanded Strike","Flash of Steel","Escape Plan","Acrobatics","Flying Knee","Prepared+1","Flash of Steel","Envenom"],"relics":["Ring of the Snake","Question Card","Potion Belt","Pear","Ancient Tea Set","DollysMirror","Oddly Smooth Stone"],"potions_floor_usage":[8,16],"damage_taken":[{"damage":1,"enemies":"Small Slimes","floor":1,"turns":4},{"damage":1,"enemies":"Jaw Worm","floor":4,"turns":5},{"damage":0,"enemies":"2 Louse","floor":5,"turns":4},{"damage":26,"enemies":"Gremlin Nob","floor":8,"turns":5},{"damage":0,"enemies":"Red Slaver","floor":10,"turns":6},{"damage":31,"enemies":"Gremlin Nob","floor":13,"turns":4},{"damage":29,"enemies":"Slime Boss","floor":16,"turns":7}],"seed_played":"489967096702426180","potions_obtained":[{"floor":5,"key":"PowerPotion"},{"floor":13,"key":"GhostInAJar"}],"is_trial":false,"path_per_floor":["M","?","$","M","M","T","R","?","T","M","R","$","E","$","R"],"character_chosen":"THE_SILENT","items_purchased":["Flash of Steel","DollysMirror"],"campfire_rested":1,"item_purchase_floors":[3,12],"current_hp_per_floor":[69,51,51,50,50,50,50,34,34,34,34,34,3,3,27,0],"gold":47,"neow_bonus":"RANDOM_COLORLESS","is_prod":false,"is_daily":false,"chose_seed":false,"campfire_upgraded":2,"win_rate":0,"timestamp":1540495051,"path_taken":["M","?","$","M","?","?","R","?","T","M","R","$","E","?","R","BOSS"],"build_version":"2018-10-18","purchased_purges":0,"victory":false,"max_hp_per_floor":[70,70,70,70,70,70,70,80,80,80,80,80,80,80,80,80],"card_choices":[{"not_picked":["Blade Dance","Outmaneuver"],"picked":"Underhanded Strike","floor":1},{"not_picked":["Prepared","Bouncing Flask","Deflect"],"picked":"Escape Plan","floor":4},{"not_picked":["Bouncing Flask","Flying Knee","Outmaneuver"],"picked":"Acrobatics","floor":5},{"not_picked":["Slice","Terror","Poisoned Stab"],"picked":"Flying Knee","floor":8},{"not_picked":["Dagger Spray","Endless Agony","Distraction"],"picked":"Prepared","floor":10},{"not_picked":["Dagger Throw","Quick Slash","Bouncing Flask"],"picked":"Envenom","floor":13}],"player_experience":82126,"relics_obtained":[{"floor":6,"key":"Potion Belt"},{"floor":8,"key":"Pear"},{"floor":9,"key":"Ancient Tea Set"},{"floor":13,"key":"Oddly Smooth Stone"}],"event_choices":[{"damage_healed":0,"gold_gain":0,"player_choice":"Success","damage_taken":18,"relics_obtained":["Question Card"],"max_hp_gain":0,"max_hp_loss":0,"event_name":"Scrap Ooze","floor":2,"gold_loss":0},{"damage_healed":0,"gold_gain":0,"player_choice":"Searched \u00271\u0027 times","damage_taken":0,"max_hp_gain":0,"max_hp_loss":0,"event_name":"Dead Adventurer","floor":8,"gold_loss":0}],"is_beta":false,"boss_relics":[],"items_purged_floors":[],"is_endless":false,"potions_floor_spawned":[5,13],"killed_by":"Slime Boss","ascension_level":3}