{"gold_per_floor":[111,27,27,42,42,42,42,60,60,60,83,104,104,124,124,243,243,266,266,140,140,163,201,221,221],"floor_reached":25,"playtime":676,"items_purged":["Strike_G"],"score":245,"play_id":"e6829bdf-188b-4704-a2ec-0ed76019b282","local_time":"20181029203142","is_ascension_mode":true,"campfire_choices":[{"data":"Backstab","floor":6,"key":"SMITH"},{"data":"Cloak And Dagger","floor":10,"key":"SMITH"},{"data":"Cloak And Dagger","floor":15,"key":"SMITH"}],"neow_cost":"NONE","seed_source_timestamp":106009377308329,"circlet_count":0,"master_deck":["Defend_G","Defend_G","Defend_G","Defend_G","Strike_G","Strike_G","Strike_G+1","Strike_G","Survivor+1","Neutralize","Dagger Throw","Backstab+1","Cloak And Dagger+1","Infinite Blades","Escape Plan","Cloak And Dagger+1","Storm of Steel","Neutralize","Accuracy","Escape Plan","Footwork"],"relics":["Eternal Feather","Golden Idol","Dodecahedron","Smiling Mask","WristBlade","Nunchaku"],"potions_floor_usage":[24,24,24],"damage_taken":[{"damage":2,"enemies":"Jaw Worm","floor":1,"turns":9},{"damage":1,"enemies":"Small Slimes","floor":4,"turns":3},{"damage":1,"enemies":"Cultist","floor":8,"turns":3},{"damage":2,"enemies":"Blue Slaver","floor":11,"turns":3},{"damage":1,"enemies":"3 Louse","floor":12,"turns":4},{"damage":0,"enemies":"Large Slime","floor":14,"turns":6},{"damage":39,"enemies":"Slime Boss","floor":16,"turns":16},{"damage":0,"enemies":"Chosen","floor":18,"turns":4},{"damage":20,"enemies":"Shell Parasite","floor":22,"turns":4},{"damage":36,"enemies":"Gremlin Leader","floor":23,"turns":8},{"damage":1,"enemies":"Snecko","floor":24,"turns":4},{"damage":11,"enemies":"Chosen and Byrds","floor":25,"turns":3}],"seed_played":"-2130761369346259487","potions_obtained":[{"floor":1,"key":"SkillPotion"},{"floor":8,"key":"Dexterity Potion"},{"floor":11,"key":"EntropicBrew"},{"floor":23,"key":"SkillPotion"}],"is_trial":false,"path_per_floor":["M","$","?","M","?","R","?","M","T","R","M","M","?","M","R","B",null,"M","?","$","?","M","E","M"],"character_chosen":"THE_SILENT","items_purchased":["Backstab","Cloak And Dagger","Accuracy"],"campfire_rested":0,"item_purchase_floors":[2,2,20],"current_hp_per_floor":[68,68,61,60,60,65,52,51,51,60,58,57,57,57,65,26,65,65,65,65,65,45,9,8,0],"gold":221,"neow_bonus":"BOSS_RELIC","is_prod":false,"is_daily":false,"chose_seed":false,"campfire_upgraded":3,"win_rate":0,"timestamp":1540845102,"path_taken":["M","$","?","M","?","R","?","M","T","R","M","M","?","M","R","BOSS","M","?","$","?","M","E","M","M"],"build_version":"2018-10-25v2","purchased_purges":1,"victory":false,"max_hp_per_floor":[70,70,70,70,65,65,65,65,65,65,65,65,65,65,65,65,65,65,65,65,65,65,65,65,65],"card_choices":[{"not_picked":["Bouncing Flask","Dodge and Roll"],"picked":"Dagger Throw","floor":1},{"not_picked":["Sucker Punch","Quick Slash"],"picked":"Infinite Blades","floor":4},{"not_picked":["Underhanded Strike","Deadly Poison"],"picked":"Escape Plan","floor":8},{"not_picked":["All Out Attack","Dodge and Roll","Poisoned Stab"],"picked":"SKIP","floor":11},{"not_picked":["Prepared","Venomology"],"picked":"Cloak And Dagger","floor":12},{"not_picked":["Sucker Punch","Outmaneuver","Flechettes"],"picked":"SKIP","floor":14},{"not_picked":["Wraith Form v2","Unload"],"picked":"Storm of Steel","floor":16},{"not_picked":["Deadly Poison","Endless Agony+1","Prepared"],"picked":"SKIP","floor":18},{"not_picked":["Accuracy","Flying Knee+1","Deflect"],"picked":"SKIP","floor":22},{"not_picked":["Catalyst","Underhanded Strike+1"],"picked":"Footwork","floor":23},{"not_picked":["Prepared","Poisoned Stab","Underhanded Strike"],"picked":"SKIP","floor":24}],"player_experience":86677,"relics_obtained":[{"floor":9,"key":"Dodecahedron"},{"floor":23,"key":"Nunchaku"}],"event_choices":[{"cards_removed":["Defend_G"],"damage_healed":0,"gold_gain":0,"player_choice":"Card Removal","damage_taken":7,"max_hp_gain":0,"max_hp_loss":0,"event_name":"Golden Wing","floor":3,"gold_loss":0},{"damage_healed":0,"gold_gain":0,"player_choice":"Lose Max HP","damage_taken":0,"relics_obtained":["Golden Idol"],"max_hp_gain":0,"max_hp_loss":5,"event_name":"Golden Idol","floor":5,"gold_loss":0},{"damage_healed":0,"gold_gain":0,"player_choice":"Entered Light","damage_taken":13,"max_hp_gain":0,"max_hp_loss":0,"event_name":"Shining Light","floor":7,"gold_loss":0,"cards_upgraded":["Survivor","Strike_G"]},{"damage_healed":0,"gold_gain":0,"player_choice":"Gave Potion","damage_taken":0,"relics_obtained":["Smiling Mask"],"max_hp_gain":0,"max_hp_loss":0,"event_name":"WeMeetAgain","floor":13,"gold_loss":0},{"damage_healed":0,"gold_gain":0,"player_choice":"1 cards matched","damage_taken":0,"max_hp_gain":0,"max_hp_loss":0,"event_name":"Match and Keep!","floor":19,"gold_loss":0,"cards_obtained":["Neutralize"]},{"damage_healed":0,"gold_gain":0,"player_choice":"Read","damage_taken":0,"max_hp_gain":0,"max_hp_loss":0,"event_name":"The Library","floor":21,"gold_loss":0,"cards_obtained":["Escape Plan"]}],"is_beta":false,"boss_relics":[{"not_picked":["Pandora\u0027s Box","Velvet Choker"],"picked":"WristBlade"}],"items_purged_floors":[20],"is_endless":false,"potions_floor_spawned":[1,8,11,23],"killed_by":"Chosen and Byrds","ascension_level":3}