{"gold_per_floor":[118,138,2,2,13,13,32,51,123,137,137,151,151,18,18,18],"floor_reached":16,"playtime":830,"items_purged":[],"score":146,"play_id":"d0bc946d-b7f0-4d72-aff4-accbd749f6c5","local_time":"20180914123858","is_ascension_mode":true,"campfire_choices":[{"data":"Havoc","floor":6,"key":"SMITH"},{"floor":11,"key":"REST"},{"data":"Dark Embrace","floor":13,"key":"SMITH"},{"floor":15,"key":"REST"}],"neow_cost":"NONE","seed_source_timestamp":1344494924910795,"circlet_count":0,"master_deck":["Strike_R","Strike_R","Strike_R","Strike_R","Strike_R","Defend_R","Defend_R","Defend_R","Defend_R","Bash","AscendersBane","Thunderclap","Feel No Pain","Dark Embrace+1","Havoc+1","Burning Pact","Hemokinesis","Body Slam","Iron Wave","True Grit","Reaper"],"relics":["Burning Blood","Bottled Lightning"],"potions_floor_usage":[7,8,10,16],"damage_taken":[{"damage":8,"enemies":"Jaw Worm","floor":1,"turns":4},{"damage":7,"enemies":"2 Louse","floor":2,"turns":3},{"damage":1,"enemies":"Cultist","floor":5,"turns":3},{"damage":39,"enemies":"Lots of Slimes","floor":7,"turns":6},{"damage":18,"enemies":"Red Slaver","floor":8,"turns":4},{"damage":28,"enemies":"Exordium Wildlife","floor":10,"turns":3},{"damage":21,"enemies":"Exordium Thugs","floor":12,"turns":6},{"damage":55,"enemies":"The Guardian","floor":16,"turns":11}],"seed_played":"7483611270159454998","potions_obtained":[{"floor":0,"key":"EntropicBrew"},{"floor":0,"key":"PowerPotion"},{"floor":2,"key":"Regen Potion"},{"floor":7,"key":"Swift Potion"},{"floor":10,"key":"Swift Potion"}],"is_trial":false,"path_per_floor":["M","M","$","?","M","R","M","M","T","M","R","M","R","$","R"],"character_chosen":"IRONCLAD","items_purchased":["Dark Embrace","True Grit","Reaper"],"campfire_rested":2,"item_purchase_floors":[3,14,14],"current_hp_per_floor":[70,69,69,69,74,74,55,43,43,21,45,30,30,30,54,0],"gold":18,"neow_bonus":"THREE_SMALL_POTIONS","is_prod":false,"is_daily":false,"chose_seed":false,"campfire_upgraded":2,"win_rate":0,"timestamp":1536946738,"path_taken":["M","M","$","?","M","R","?","M","T","?","R","M","R","?","R","BOSS"],"build_version":"2018-09-06","purchased_purges":0,"victory":false,"max_hp_per_floor":[80,80,80,80,80,80,80,80,80,80,80,80,80,80,80,80],"card_choices":[{"not_picked":["Warcry","Clash"],"picked":"Thunderclap","floor":1},{"not_picked":["Iron Wave","Rampage"],"picked":"Feel No Pain","floor":2},{"not_picked":["Metallicize","Rage"],"picked":"Havoc","floor":5},{"not_picked":["Clothesline","Infernal Blade"],"picked":"Burning Pact","floor":7},{"not_picked":["Combust","Heavy Blade"],"picked":"Hemokinesis","floor":8},{"not_picked":["Double Tap","Armaments"],"picked":"Body Slam","floor":10},{"not_picked":["Fire Breathing","Clothesline"],"picked":"Iron Wave","floor":12}],"player_experience":336511,"relics_obtained":[{"floor":9,"key":"Bottled Lightning"}],"event_choices":[{"event_name":"The Cleric","player_choice":"Leave","floor":4,"damage_taken":0}],"is_beta":false,"boss_relics":[],"items_purged_floors":[],"is_endless":false,"potions_floor_spawned":[1,2,7,10],"killed_by":"The Guardian","ascension_level":11}