{"gold_per_floor":[109,109,284,295,221,221,240,240,540,540,572,638,274,284,284,389,389,401,401,311,211,222,222],"floor_reached":23,"playtime":808,"items_purged":["Doubt","Normality"],"score":196,"play_id":"cb05484d-5e90-4fca-9d0b-303bb25b6cb1","local_time":"20190202001735","is_ascension_mode":true,"campfire_choices":[{"data":"Sunder","floor":6,"key":"SMITH"},{"data":"Zap","floor":8,"key":"SMITH"},{"data":"Hologram","floor":10,"key":"SMITH"},{"floor":15,"key":"REST"}],"neow_cost":"PERCENT_DAMAGE","seed_source_timestamp":475867415747627,"circlet_count":0,"master_deck":["Strike_B","Strike_B","Defend_B","Defend_B","Zap+1","Dualcast","Hologram+1","Darkness","Consume","Sunder+1","Turbo","Static Discharge","White Noise","Creative AI","Melter","Auto Shields+1","Electrodynamics","Pain","Normality","Go for the Eyes","RitualDagger","Skim"],"relics":["Cracked Core","Old Coin","Incense Burner","Calling Bell","Art of War","Mercury Hourglass","Thread and Needle"],"potions_floor_usage":[16,18],"damage_taken":[{"damage":8,"enemies":"Jaw Worm","floor":1,"turns":3},{"damage":9,"enemies":"2 Louse","floor":4,"turns":3},{"damage":7,"enemies":"Small Slimes","floor":7,"turns":3},{"damage":16,"enemies":"Gremlin Nob","floor":11,"turns":3},{"damage":7,"enemies":"3 Louse","floor":14,"turns":3},{"damage":23,"enemies":"The Guardian","floor":16,"turns":11},{"damage":13,"enemies":"2 Thieves","floor":18,"turns":4},{"damage":15,"enemies":"Spheric Guardian","floor":22,"turns":4},{"damage":43,"enemies":"Book of Stabbing","floor":23,"turns":5}],"seed_played":"6371365227851561043","potions_obtained":[{"floor":4,"key":"Swift Potion"},{"floor":16,"key":"Strength Potion"},{"floor":18,"key":"SteroidPotion"}],"is_trial":false,"path_per_floor":["M","?","?","M","$","R","M","R","T","R","E","?","$","M","R","B",null,"M","?","?","$","M","E"],"character_chosen":"DEFECT","items_purchased":["Sunder","White Noise","Creative AI","Melter"],"campfire_rested":1,"item_purchase_floors":[5,13,13,13],"current_hp_per_floor":[46,46,46,37,37,37,30,30,30,30,14,14,14,7,29,6,75,62,56,56,56,41,0],"gold":222,"neow_bonus":"REMOVE_TWO","is_prod":false,"is_daily":false,"chose_seed":false,"campfire_upgraded":3,"win_rate":0,"timestamp":1549034255,"path_taken":["M","?","?","M","$","R","M","R","T","R","E","?","$","M","R","BOSS","M","?","?","$","?","E"],"build_version":"2019-01-23","purchased_purges":2,"victory":false,"max_hp_per_floor":[75,75,75,75,75,75,75,75,75,75,75,75,75,75,75,75,75,75,75,75,75,75,75],"card_choices":[{"not_picked":["Sweeping Beam","Heatsinks"],"picked":"Hologram","floor":1},{"not_picked":["Doom and Gloom","Go for the Eyes"],"picked":"Consume","floor":4},{"not_picked":["Steam","Conserve Battery"],"picked":"Turbo","floor":7},{"not_picked":["Barrage","Beam Cell"],"picked":"Static Discharge","floor":11},{"not_picked":["Turbo","Hologram"],"picked":"Auto Shields","floor":14},{"not_picked":["Machine Learning","Multi-Cast"],"picked":"Electrodynamics","floor":16},{"not_picked":["Hologram","Undo+1"],"picked":"Go for the Eyes","floor":18},{"not_picked":["Static Discharge","Sunder"],"picked":"Skim","floor":22}],"player_experience":56237,"relics_obtained":[{"floor":9,"key":"Old Coin"},{"floor":11,"key":"Incense Burner"},{"floor":17,"key":"Art of War"},{"floor":17,"key":"Mercury Hourglass"},{"floor":17,"key":"Thread and Needle"}],"event_choices":[{"damage_healed":0,"gold_gain":0,"cards_transformed":["Strike_B"],"player_choice":"Change","damage_taken":0,"max_hp_gain":0,"max_hp_loss":0,"event_name":"Living Wall","floor":2,"gold_loss":0,"cards_obtained":["Darkness"]},{"damage_healed":0,"gold_gain":175,"player_choice":"AGREE","damage_taken":0,"max_hp_gain":0,"max_hp_loss":0,"event_name":"Liars Game","floor":3,"gold_loss":0,"cards_obtained":["Doubt"]},{"damage_healed":0,"gold_gain":66,"player_choice":"Gained Gold","damage_taken":0,"max_hp_gain":0,"max_hp_loss":0,"event_name":"Golden Wing","floor":12,"gold_loss":0},{"damage_healed":0,"gold_gain":0,"player_choice":"Joined the Cult","damage_taken":6,"max_hp_gain":0,"max_hp_loss":0,"event_name":"Nest","floor":19,"gold_loss":0,"cards_obtained":["RitualDagger"]},{"cards_removed":["Defend_B"],"damage_healed":0,"gold_gain":0,"player_choice":"Upgrade and Remove","damage_taken":0,"max_hp_gain":0,"max_hp_loss":0,"event_name":"Designer","floor":20,"gold_loss":90,"cards_upgraded":["Auto Shields"]}],"is_beta":false,"boss_relics":[{"not_picked":["White Beast Statue","Black Star"],"picked":"Calling Bell"}],"items_purged_floors":[13,21],"is_endless":false,"potions_floor_spawned":[4,16,18],"killed_by":"Book of Stabbing","ascension_level":1}