{"gold_per_floor":[117,42,42,65,84,127,5,44,44,44,44,44,18,89,89,210,210,233,148,169,169,169,169,169],"floor_reached":24,"playtime":1146,"items_purged":["Strike_G"],"score":210,"play_id":"761614eb-1838-4075-a071-961a660ed5d3","local_time":"20181022211229","is_ascension_mode":true,"campfire_choices":[{"floor":10,"key":"REST"},{"floor":15,"key":"REST"},{"floor":23,"key":"REST"}],"neow_cost":"NONE","seed_source_timestamp":345182252442809,"circlet_count":0,"master_deck":["Defend_G","Defend_G","Defend_G","Defend_G","Defend_G+1","Strike_G","Strike_G","Strike_G","Strike_G","Survivor","Neutralize","Poisoned Stab","Backflip","Poisoned Stab","Underhanded Strike","Dagger Throw+1","Terror","Sucker Punch","PiercingWail","Tactician","Tools of the Trade","Bouncing Flask","Deadly Poison"],"relics":["Ring of the Snake","Golden Idol","Nunchaku","Dodecahedron","Mercury Hourglass","Darkstone Periapt","Runic Pyramid","Sundial"],"potions_floor_usage":[6,6,24],"damage_taken":[{"damage":0,"enemies":"2 Louse","floor":1,"turns":2},{"damage":2,"enemies":"Small Slimes","floor":4,"turns":3},{"damage":3,"enemies":"Jaw Worm","floor":5,"turns":3},{"damage":10,"enemies":"Lagavulin","floor":6,"turns":5},{"damage":29,"enemies":"3 Sentries","floor":8,"turns":9},{"damage":23,"enemies":"Lagavulin Event","floor":14,"turns":5},{"damage":18,"enemies":"Hexaghost","floor":16,"turns":10},{"damage":9,"enemies":"3 Byrds","floor":18,"turns":4},{"damage":18,"enemies":"Spheric Guardian","floor":20,"turns":4},{"damage":42,"enemies":"Colosseum Slavers","floor":21,"turns":4},{"damage":48,"enemies":"Slavers","floor":24,"turns":5}],"seed_played":"-3006844639123973274","potions_obtained":[{"floor":1,"key":"PowerPotion"},{"floor":5,"key":"Strength Potion"},{"floor":14,"key":"Regen Potion"}],"is_trial":false,"path_per_floor":["M","$","?","M","M","E","$","E","T","R","?","?","$","?","R","B",null,"M","?","M","?","$","R"],"character_chosen":"THE_SILENT","items_purchased":["Dagger Throw","Terror","PiercingWail"],"campfire_rested":3,"item_purchase_floors":[7,7,13],"current_hp_per_floor":[77,77,58,56,53,43,43,14,14,37,62,47,47,24,47,29,77,68,68,50,8,8,31,0],"gold":169,"neow_bonus":"TEN_PERCENT_HP_BONUS","is_prod":false,"is_daily":false,"chose_seed":false,"campfire_upgraded":0,"win_rate":0,"timestamp":1540210349,"path_taken":["M","$","?","M","M","E","$","E","T","R","?","?","?","?","R","BOSS","M","?","M","?","?","R","E"],"build_version":"2018-10-18","purchased_purges":1,"victory":false,"max_hp_per_floor":[77,77,77,77,77,77,77,77,77,77,77,77,77,77,77,77,77,77,77,77,77,77,77,77],"card_choices":[{"not_picked":["Backstab","Bane"],"picked":"Poisoned Stab","floor":1},{"not_picked":["Prepared","Footwork"],"picked":"Backflip","floor":4},{"not_picked":["Slice","Crippling Poison"],"picked":"Poisoned Stab","floor":5},{"not_picked":["Die Die Die","Deflect"],"picked":"Underhanded Strike","floor":6},{"not_picked":["Choke","Infinite Blades"],"picked":"Sucker Punch","floor":8},{"not_picked":["Prepared","Bane"],"picked":"Tactician","floor":14},{"not_picked":["Storm of Steel","A Thousand Cuts"],"picked":"Tools of the Trade","floor":16},{"not_picked":["Reflex","Cloak And Dagger"],"picked":"Bouncing Flask","floor":18},{"not_picked":["Predator","Blur"],"picked":"Deadly Poison","floor":20}],"player_experience":45320,"relics_obtained":[{"floor":6,"key":"Nunchaku"},{"floor":8,"key":"Dodecahedron"},{"floor":9,"key":"Mercury Hourglass"},{"floor":14,"key":"Darkstone Periapt"}],"event_choices":[{"damage_healed":0,"gold_gain":0,"player_choice":"Take Damage","damage_taken":19,"relics_obtained":["Golden Idol"],"max_hp_gain":0,"max_hp_loss":0,"event_name":"Golden Idol","floor":3,"gold_loss":0},{"damage_healed":25,"gold_gain":0,"player_choice":"Banana","damage_taken":0,"max_hp_gain":0,"max_hp_loss":0,"event_name":"Big Fish","floor":11,"gold_loss":0},{"damage_healed":0,"gold_gain":0,"player_choice":"Entered Light","damage_taken":15,"max_hp_gain":0,"max_hp_loss":0,"event_name":"Shining Light","floor":12,"gold_loss":0,"cards_upgraded":["Dagger Throw","Defend_G"]},{"damage_healed":0,"gold_gain":0,"player_choice":"Searched \u00271\u0027 times","damage_taken":0,"max_hp_gain":0,"max_hp_loss":0,"event_name":"Dead Adventurer","floor":14,"gold_loss":0},{"damage_healed":0,"gold_gain":0,"player_choice":"Obtained Relic","damage_taken":0,"relics_obtained":["Sundial"],"max_hp_gain":0,"max_hp_loss":0,"event_name":"Addict","floor":19,"gold_loss":85},{"damage_healed":0,"gold_gain":0,"player_choice":"Fight","damage_taken":0,"max_hp_gain":0,"max_hp_loss":0,"event_name":"Colosseum","floor":21,"gold_loss":0},{"damage_healed":0,"gold_gain":0,"player_choice":"Fled From Nobs","damage_taken":0,"max_hp_gain":0,"max_hp_loss":0,"event_name":"Colosseum","floor":21,"gold_loss":0}],"is_beta":false,"boss_relics":[{"not_picked":["Astrolabe","Coffee Dripper"],"picked":"Runic Pyramid"}],"items_purged_floors":[2],"is_endless":false,"potions_floor_spawned":[1,5,14,21],"killed_by":"Slavers","ascension_level":1}