{"gold_per_floor":[14,30,46,60,70,70,87,87,87,105,123,141,141,141,141,241,241,229,245,256,98,22,22],"floor_reached":23,"playtime":800,"items_purged":["Strike_G"],"score":302,"play_id":"17dcb292-0ced-4ce1-b135-006b890b9d7c","local_time":"20181216023733","is_ascension_mode":true,"campfire_choices":[{"data":"Blur","floor":6,"key":"SMITH"},{"data":"Noxious Fumes","floor":8,"key":"SMITH"},{"floor":15,"key":"REST"}],"neow_cost":"NO_GOLD","seed_source_timestamp":40703051730579,"circlet_count":0,"master_deck":["AscendersBane","Defend_G","Defend_G","Defend_G","Defend_G","Strike_G","Strike_G","Strike_G","Survivor","Neutralize","Noxious Fumes+1","PiercingWail","Deflect","Blur+1","Infinite Blades","Deadly Poison+1","Well Laid Plans","Adrenaline","Catalyst","PiercingWail","Escape Plan"],"relics":["Ring of the Snake","Blue Candle","Busted Crown"],"potions_floor_usage":[4,4,10,19],"damage_taken":[{"damage":3,"enemies":"Small Slimes","floor":1,"turns":6},{"damage":1,"enemies":"Cultist","floor":2,"turns":5},{"damage":2,"enemies":"Jaw Worm","floor":3,"turns":6},{"damage":5,"enemies":"Lots of Slimes","floor":4,"turns":4},{"damage":6,"enemies":"2 Fungi Beasts","floor":5,"turns":6},{"damage":0,"enemies":"Red Slaver","floor":7,"turns":5},{"damage":4,"enemies":"Large Slime","floor":10,"turns":6},{"damage":13,"enemies":"Gremlin Gang","floor":11,"turns":7},{"damage":7,"enemies":"Red Slaver","floor":12,"turns":5},{"damage":27,"enemies":"Hexaghost","floor":16,"turns":10},{"damage":8,"enemies":"2 Thieves","floor":18,"turns":5},{"damage":13,"enemies":"Spheric Guardian","floor":19,"turns":4},{"damage":15,"enemies":"Snake Plant","floor":20,"turns":6},{"damage":31,"enemies":"Snecko","floor":23,"turns":6}],"seed_played":"-5479941747959446173","potions_obtained":[{"floor":2,"key":"FearPotion"},{"floor":3,"key":"SteroidPotion"},{"floor":7,"key":"Fire Potion"},{"floor":10,"key":"Ancient Potion"},{"floor":16,"key":"Swift Potion"}],"is_trial":false,"path_per_floor":["M","M","M","M","M","R","M","R","T","M","M","M","?","?","R","B",null,"M","M","M","$","$","M"],"character_chosen":"THE_SILENT","items_purchased":["Catalyst","PiercingWail","Escape Plan"],"campfire_rested":1,"item_purchase_floors":[21,21,22],"current_hp_per_floor":[60,59,57,52,46,46,46,46,46,42,29,22,22,22,43,16,57,49,36,21,21,21,0],"gold":22,"neow_bonus":"REMOVE_TWO","is_prod":false,"is_daily":false,"chose_seed":false,"campfire_upgraded":2,"win_rate":0,"timestamp":1544927853,"path_taken":["M","M","M","M","M","R","M","R","T","M","M","M","?","?","R","BOSS","M","M","M","?","$","M"],"build_version":"2018-12-13","purchased_purges":1,"victory":false,"max_hp_per_floor":[70,70,70,70,70,70,70,70,70,70,70,70,70,70,70,70,70,70,70,70,70,70,70],"card_choices":[{"not_picked":["Deflect","Well Laid Plans"],"picked":"Noxious Fumes","floor":1},{"not_picked":["Prepared","Eviscerate"],"picked":"PiercingWail","floor":2},{"not_picked":["Caltrops","Expertise"],"picked":"Deflect","floor":3},{"not_picked":["Acrobatics","Predator"],"picked":"Blur","floor":4},{"not_picked":["Dagger Spray","Dodge and Roll","Bane"],"picked":"SKIP","floor":5},{"not_picked":["Outmaneuver","Slice"],"picked":"Infinite Blades","floor":7},{"not_picked":["Underhanded Strike","Acrobatics","Wraith Form v2"],"picked":"SKIP","floor":10},{"not_picked":["Endless Agony","Bane"],"picked":"Deadly Poison","floor":11},{"not_picked":["Acrobatics","Dagger Throw"],"picked":"Well Laid Plans","floor":12},{"not_picked":["Unload","Phantasmal Killer"],"picked":"Adrenaline","floor":16},{"not_picked":["Eviscerate"],"picked":"SKIP","floor":18},{"not_picked":["Bane+1"],"picked":"SKIP","floor":19},{"not_picked":["Dagger Spray"],"picked":"SKIP","floor":20}],"player_experience":276181,"relics_obtained":[{"floor":9,"key":"Blue Candle"}],"event_choices":[{"damage_healed":0,"gold_gain":0,"player_choice":"Ignored","damage_taken":0,"max_hp_gain":0,"max_hp_loss":0,"event_name":"Liars Game","floor":13,"gold_loss":0},{"damage_healed":0,"gold_gain":0,"player_choice":"Forge","damage_taken":0,"max_hp_gain":0,"max_hp_loss":0,"event_name":"Accursed Blacksmith","floor":14,"gold_loss":0,"cards_upgraded":["Deadly Poison"]}],"is_beta":false,"boss_relics":[{"not_picked":["Runic Pyramid","WristBlade"],"picked":"Busted Crown"}],"items_purged_floors":[21],"is_endless":false,"potions_floor_spawned":[2,3,7,10,16,18],"killed_by":"Snecko","ascension_level":12}