{"gold_per_floor":[14,14,27,37,37,37,37,53,53,77,91,91,106,120,120,120],"floor_reached":16,"playtime":559,"items_purged":[],"score":96,"play_id":"ec84bca7-91ed-473b-9ef9-564624e1ea46","local_time":"20180908230521","is_ascension_mode":false,"campfire_choices":[{"data":"Flame Barrier","floor":7,"key":"SMITH"},{"data":"Searing Blow","floor":15,"key":"SMITH"}],"neow_cost":"NO_GOLD","seed_source_timestamp":32366972146633,"circlet_count":0,"master_deck":["Strike_R","Strike_R+1","Strike_R+1","Strike_R","Strike_R","Defend_R","Defend_R","Bash","Battle Trance","Flame Barrier+1","Cleave","True Grit","Headbutt","Burning Pact","Searing Blow+1"],"relics":["Burning Blood","Golden Idol","Self Forming Clay"],"potions_floor_usage":[10,16,16,16],"damage_taken":[{"damage":5,"enemies":"Small Slimes","floor":1,"turns":3},{"damage":0,"enemies":"2 Louse","floor":3,"turns":2},{"damage":0,"enemies":"Jaw Worm","floor":4,"turns":4},{"damage":3,"enemies":"Looter","floor":8,"turns":4},{"damage":2,"enemies":"Gremlin Gang","floor":10,"turns":3},{"damage":16,"enemies":"Exordium Thugs","floor":11,"turns":4},{"damage":0,"enemies":"Blue Slaver","floor":13,"turns":5},{"damage":12,"enemies":"Large Slime","floor":14,"turns":7},{"damage":65,"enemies":"Slime Boss","floor":16,"turns":14}],"seed_played":"7173801264209758116","potions_obtained":[{"floor":1,"key":"Weak Potion"},{"floor":4,"key":"Weak Potion"},{"floor":10,"key":"Poison Potion"},{"floor":13,"key":"SpeedPotion"}],"is_trial":false,"path_per_floor":["M","$","M","M","?","?","R","M","T","M","M","?","M","M","R"],"character_chosen":"IRONCLAD","items_purchased":[],"campfire_rested":0,"item_purchase_floors":[],"current_hp_per_floor":[80,80,80,80,64,64,64,67,67,71,61,61,67,61,61,0],"gold":120,"neow_bonus":"TRANSFORM_TWO_CARDS","is_prod":false,"is_daily":false,"chose_seed":false,"campfire_upgraded":2,"win_rate":0,"timestamp":1536444321,"path_taken":["M","$","M","M","?","?","R","M","T","M","M","?","?","M","R","BOSS"],"build_version":"2018-09-06","purchased_purges":0,"victory":false,"max_hp_per_floor":[80,80,80,80,80,74,74,74,74,74,74,74,74,74,74,74],"card_choices":[{"not_picked":["Combust","Anger"],"picked":"Cleave","floor":1},{"not_picked":["Entrench","Flex"],"picked":"True Grit","floor":3},{"not_picked":["Pummel","Power Through","Iron Wave"],"picked":"SKIP","floor":4},{"not_picked":["Anger","Shockwave","Heavy Blade"],"picked":"SKIP","floor":8},{"not_picked":["Bloodletting","Wild Strike"],"picked":"Headbutt","floor":10},{"not_picked":["Body Slam","Combust"],"picked":"Burning Pact","floor":11},{"not_picked":["Cleave","Anger","Body Slam"],"picked":"SKIP","floor":13},{"not_picked":["Clothesline","Fiend Fire"],"picked":"Searing Blow","floor":14}],"player_experience":29022,"relics_obtained":[{"floor":9,"key":"Self Forming Clay"}],"event_choices":[{"event_name":"Shining Light","player_choice":"Entered Light","floor":5,"damage_taken":0},{"event_name":"Golden Idol","player_choice":"Lose Max HP","floor":6,"damage_taken":0},{"event_name":"The Woman in Blue","player_choice":"Bought 0 Potions","floor":12,"damage_taken":0}],"is_beta":false,"boss_relics":[],"items_purged_floors":[],"is_endless":false,"potions_floor_spawned":[1,4,10,13],"killed_by":"Slime Boss","ascension_level":0}