{"gold_per_floor":[110,125,50,67,67,67,95,20,45,45,45,45,72,22,22,94,94,114,126,26,26,37,37,47,58,82,82,82,102,127,177,177,177],"floor_reached":33,"playtime":642,"items_purged":["Strike_B","Strike_B"],"score":491,"play_id":"b3c19547-f9d3-49fc-8b3d-ef1c699df483","local_time":"20181109190638","is_ascension_mode":true,"campfire_choices":[{"data":"Genetic Algorithm","floor":6,"key":"SMITH"},{"floor":12,"key":"REST"},{"data":"Consume","floor":15,"key":"SMITH"},{"floor":28,"key":"REST"},{"data":"Zap","floor":32,"key":"SMITH"}],"neow_cost":"NONE","seed_source_timestamp":3703263214529,"circlet_count":0,"master_deck":["AscendersBane","Defend_B","Defend_B","Defend_B","Zap+1","Dualcast","Doom and Gloom","Conserve Battery","Genetic Algorithm+1","Consume+1","Core Surge","Electrodynamics","Self Repair"],"relics":["Cracked Core","NeowsBlessing","Letter Opener","DataDisk","Blood Vial","Orichalcum","Runic Dome","Vajra","Meat on the Bone","Bag of Marbles"],"potions_floor_usage":[7,16,24],"damage_taken":[{"damage":0,"enemies":"Cultist","floor":1,"turns":1},{"damage":0,"enemies":"2 Louse","floor":2,"turns":1},{"damage":0,"enemies":"Small Slimes","floor":4,"turns":1},{"damage":24,"enemies":"3 Sentries","floor":7,"turns":5},{"damage":13,"enemies":"Lagavulin","floor":13,"turns":6},{"damage":44,"enemies":"Slime Boss","floor":16,"turns":9},{"damage":8,"enemies":"Chosen","floor":18,"turns":4},{"damage":8,"enemies":"3 Byrds","floor":19,"turns":4},{"damage":17,"enemies":"Centurion and Healer","floor":22,"turns":7},{"damage":9,"enemies":"Snake Plant","floor":24,"turns":4},{"damage":0,"enemies":"Sentry and Sphere","floor":25,"turns":4},{"damage":8,"enemies":"Centurion and Healer","floor":29,"turns":3},{"damage":20,"enemies":"Gremlin Leader","floor":30,"turns":7},{"damage":57,"enemies":"Collector","floor":33,"turns":7}],"seed_played":"-7041776064784627018","potions_obtained":[{"floor":1,"key":"Fire Potion"},{"floor":7,"key":"Swift Potion"},{"floor":16,"key":"SteroidPotion"},{"floor":18,"key":"Regen Potion"},{"floor":29,"key":"Strength Potion"}],"is_trial":false,"path_per_floor":["M","M","$","M","T","R","E","?","T","?","?","R","E","?","R","B",null,"M","M","$","?","M","$","M","M","T","T","R","M","E","?","R","B"],"character_chosen":"DEFECT","items_purchased":[],"campfire_rested":2,"item_purchase_floors":[],"current_hp_per_floor":[64,64,64,64,64,64,40,40,40,40,33,54,43,43,43,1,54,48,42,42,42,27,27,32,34,34,34,55,49,50,50,50,0],"gold":177,"neow_bonus":"THREE_ENEMY_KILL","is_prod":false,"is_daily":false,"chose_seed":false,"campfire_upgraded":3,"win_rate":0,"timestamp":1541790398,"path_taken":["M","M","$","M","?","R","E","?","T","?","?","R","E","?","R","BOSS","M","M","$","?","M","$","?","M","T","?","R","M","E","?","R","BOSS"],"build_version":"2018-11-08","purchased_purges":2,"victory":false,"max_hp_per_floor":[71,71,71,71,71,71,71,71,71,71,71,71,71,71,71,71,71,71,71,71,71,71,71,71,71,71,71,71,71,71,71,71,71],"card_choices":[{"not_picked":["Auto Shields","Redo"],"picked":"Doom and Gloom","floor":1},{"not_picked":["Stack","Beam Cell"],"picked":"Conserve Battery","floor":2},{"not_picked":["Force Field","Rebound"],"picked":"Genetic Algorithm","floor":4},{"not_picked":["Barrage","Sunder","Streamline"],"picked":"SKIP","floor":7},{"not_picked":["Scrape","Gash"],"picked":"Consume","floor":13},{"not_picked":["Creative AI","Hyperbeam"],"picked":"Core Surge","floor":16},{"not_picked":["Conserve Battery","Turbo+1","Beam Cell"],"picked":"SKIP","floor":18},{"not_picked":["Turbo","Rebound","Redo"],"picked":"SKIP","floor":19},{"not_picked":["Leap","FTL","Auto Shields"],"picked":"SKIP","floor":22},{"not_picked":["Doom and Gloom","Leap+1"],"picked":"Electrodynamics","floor":24},{"not_picked":["Ball Lightning","Blizzard","Glacier"],"picked":"SKIP","floor":25},{"not_picked":["Stack","Conserve Battery"],"picked":"Self Repair","floor":29},{"not_picked":["Redo","Streamline+1","Gash"],"picked":"SKIP","floor":30}],"player_experience":126527,"relics_obtained":[{"floor":5,"key":"Letter Opener"},{"floor":7,"key":"DataDisk"},{"floor":9,"key":"Blood Vial"},{"floor":13,"key":"Orichalcum"},{"floor":26,"key":"Vajra"},{"floor":27,"key":"Meat on the Bone"},{"floor":30,"key":"Bag of Marbles"}],"event_choices":[{"cards_removed":["Strike_B"],"damage_healed":0,"gold_gain":0,"player_choice":"Card Removal","damage_taken":0,"max_hp_gain":0,"max_hp_loss":0,"event_name":"The Cleric","floor":8,"gold_loss":75},{"damage_healed":0,"gold_gain":0,"player_choice":"Ignored","damage_taken":0,"max_hp_gain":0,"max_hp_loss":0,"event_name":"Liars Game","floor":10,"gold_loss":0},{"cards_removed":["Strike_B"],"damage_healed":0,"gold_gain":0,"player_choice":"Card Removal","damage_taken":7,"max_hp_gain":0,"max_hp_loss":0,"event_name":"Golden Wing","floor":11,"gold_loss":0},{"damage_healed":0,"gold_gain":0,"player_choice":"Left Gold","damage_taken":0,"max_hp_gain":0,"max_hp_loss":0,"event_name":"World of Goop","floor":14,"gold_loss":50},{"cards_removed":["Defend_B"],"damage_healed":0,"gold_gain":0,"player_choice":"Offered Basic","damage_taken":0,"max_hp_gain":0,"max_hp_loss":0,"event_name":"Bonfire Elementals","floor":21,"gold_loss":0},{"damage_healed":0,"gold_gain":50,"player_choice":"Stole From Cult","damage_taken":0,"max_hp_gain":0,"max_hp_loss":0,"event_name":"Nest","floor":31,"gold_loss":0}],"is_beta":false,"boss_relics":[{"not_picked":["Tiny House","Fusion Hammer"],"picked":"Runic Dome"}],"items_purged_floors":[3,20],"is_endless":false,"potions_floor_spawned":[1,7,16,18,22,29],"killed_by":"Collector","ascension_level":16}