{"gold_per_floor":[116,66,66,81,94,94,94,120,120,133,156,156,169,187,187,261,261,279,279,291,8,8,8,8,8,8,8,8,8],"floor_reached":29,"playtime":940,"items_purged":["Strike_G"],"score":376,"play_id":"ffef7421-041b-4e6b-9bd8-5d5de60d291d","local_time":"20181228024105","is_ascension_mode":true,"campfire_choices":[{"data":"Neutralize","floor":6,"key":"SMITH"},{"data":"Deadly Poison","floor":12,"key":"SMITH"},{"data":"Tactician","floor":15,"key":"SMITH"},{"data":"Catalyst","floor":25,"key":"SMITH"},{"data":"Deadly Poison","floor":28,"key":"SMITH"}],"neow_cost":"NONE","seed_source_timestamp":14434441651809,"circlet_count":0,"master_deck":["AscendersBane","Defend_G","Defend_G","Defend_G","Defend_G","Defend_G","Strike_G","Strike_G","Strike_G","Survivor","Neutralize+1","Doppelganger","Catalyst+1","Neutralize","PiercingWail","Backflip","Terror","Deadly Poison+1","Deadly Poison+1","Tactician+1","Tools of the Trade","Concentrate","Concentrate"],"relics":["Ring of the Snake","Unceasing Top","Darkstone Periapt","Odd Mushroom","Sozu","DollysMirror","The Courier","Pear"],"potions_floor_usage":[8,11,22],"damage_taken":[{"damage":0,"enemies":"2 Louse","floor":1,"turns":5},{"damage":3,"enemies":"Jaw Worm","floor":4,"turns":7},{"damage":0,"enemies":"Cultist","floor":5,"turns":5},{"damage":28,"enemies":"Lagavulin","floor":8,"turns":13},{"damage":2,"enemies":"2 Fungi Beasts","floor":10,"turns":7},{"damage":15,"enemies":"The Mushroom Lair","floor":11,"turns":6},{"damage":0,"enemies":"Blue Slaver","floor":13,"turns":4},{"damage":6,"enemies":"3 Louse","floor":14,"turns":4},{"damage":6,"enemies":"The Guardian","floor":16,"turns":10},{"damage":5,"enemies":"Chosen","floor":18,"turns":5},{"damage":10,"enemies":"Spheric Guardian","floor":20,"turns":4},{"damage":7,"enemies":"Colosseum Slavers","floor":22,"turns":7},{"damage":72,"enemies":"Chosen and Byrds","floor":29,"turns":6}],"seed_played":"8544548801401031841","potions_obtained":[{"floor":4,"key":"SteroidPotion"},{"floor":5,"key":"Ancient Potion"},{"floor":10,"key":"Regen Potion"},{"floor":16,"key":"GhostInAJar"}],"is_trial":false,"path_per_floor":["M","?","?","M","M","R","?","E","T","M","?","R","M","M","R","B",null,"M","?","M","$","?","$","?","R","T","T","R","M"],"character_chosen":"THE_SILENT","items_purchased":["DollysMirror"],"campfire_rested":0,"item_purchase_floors":[21],"current_hp_per_floor":[59,59,59,56,56,56,61,33,33,31,31,31,31,25,25,19,58,53,53,43,43,36,36,59,59,59,69,69,0],"gold":8,"neow_bonus":"ONE_RANDOM_RARE_CARD","is_prod":false,"is_daily":false,"chose_seed":false,"campfire_upgraded":5,"win_rate":0,"timestamp":1545964865,"path_taken":["M","?","?","M","?","R","?","E","T","M","?","R","M","M","R","BOSS","M","?","M","$","?","$","?","R","T","?","R","?"],"build_version":"2018-12-20","purchased_purges":1,"victory":false,"max_hp_per_floor":[66,66,66,66,66,66,71,71,71,71,71,71,71,71,71,71,71,71,71,71,71,71,71,71,71,71,81,81,81],"card_choices":[{"not_picked":["Dagger Spray","Calculated Gamble"],"picked":"Catalyst","floor":1},{"not_picked":["Outmaneuver","Flechettes"],"picked":"PiercingWail","floor":4},{"not_picked":["Endless Agony","All Out Attack"],"picked":"Backflip","floor":5},{"not_picked":["Dodge and Roll","PiercingWail"],"picked":"Terror","floor":8},{"not_picked":["Cloak And Dagger","Backflip"],"picked":"Deadly Poison","floor":10},{"not_picked":["Underhanded Strike","Dagger Spray"],"picked":"Deadly Poison","floor":13},{"not_picked":["Escape Plan","Flying Knee"],"picked":"Tactician","floor":14},{"not_picked":["Die Die Die","Burst"],"picked":"Tools of the Trade","floor":16},{"not_picked":["Flechettes","Eviscerate"],"picked":"Concentrate","floor":18},{"not_picked":["Outmaneuver","Quick Slash","Endless Agony"],"picked":"SKIP","floor":20}],"player_experience":315050,"relics_obtained":[{"floor":8,"key":"Unceasing Top"},{"floor":9,"key":"Darkstone Periapt"},{"floor":11,"key":"Odd Mushroom"},{"floor":26,"key":"The Courier"},{"floor":27,"key":"Pear"}],"event_choices":[{"cards_removed":["Strike_G"],"damage_healed":0,"gold_gain":0,"player_choice":"Card Removal","damage_taken":0,"max_hp_gain":0,"max_hp_loss":0,"event_name":"The Cleric","floor":2,"gold_loss":50},{"damage_healed":0,"gold_gain":0,"player_choice":"1 cards matched","damage_taken":0,"max_hp_gain":0,"max_hp_loss":0,"event_name":"Match and Keep!","floor":3,"gold_loss":0,"cards_obtained":["Neutralize"]},{"damage_healed":0,"gold_gain":0,"player_choice":"Donut","damage_taken":0,"max_hp_gain":5,"max_hp_loss":0,"event_name":"Big Fish","floor":7,"gold_loss":0},{"damage_healed":0,"gold_gain":0,"player_choice":"Fought Mushrooms","damage_taken":0,"max_hp_gain":0,"max_hp_loss":0,"event_name":"Mushrooms","floor":11,"gold_loss":0},{"damage_healed":0,"gold_gain":0,"player_choice":"Ignored","damage_taken":0,"max_hp_gain":0,"max_hp_loss":0,"event_name":"Cursed Tome","floor":19,"gold_loss":0},{"damage_healed":0,"gold_gain":0,"player_choice":"Fight","damage_taken":0,"max_hp_gain":0,"max_hp_loss":0,"event_name":"Colosseum","floor":22,"gold_loss":0},{"damage_healed":0,"gold_gain":0,"player_choice":"Fled From Nobs","damage_taken":0,"max_hp_gain":0,"max_hp_loss":0,"event_name":"Colosseum","floor":22,"gold_loss":0},{"damage_healed":23,"gold_gain":0,"player_choice":"Heal","damage_taken":0,"max_hp_gain":0,"max_hp_loss":0,"event_name":"The Library","floor":24,"gold_loss":0}],"is_beta":false,"boss_relics":[{"not_picked":["Black Star","Velvet Choker"],"picked":"Sozu"}],"items_purged_floors":[21],"is_endless":false,"potions_floor_spawned":[4,5,10,16],"killed_by":"Chosen and Byrds","ascension_level":14}