{"gold_per_floor":[109,109,109,109,34,69,69,82,82,82,232,232,61,102,102,201,201,222,222,222,243,263,263,276,276,276,355,355,389,89,89],"floor_reached":31,"playtime":1482,"items_purged":["Injury","Doubt"],"score":494,"play_id":"340dadcf-ec03-4d06-af3b-e96d750745d5","local_time":"20190116210457","is_ascension_mode":true,"campfire_choices":[{"floor":10,"key":"REST"},{"data":"Exhume","floor":15,"key":"SMITH"},{"floor":23,"key":"REST"},{"data":"Double Tap","floor":28,"key":"SMITH"}],"neow_cost":"NONE","seed_source_timestamp":530261131927276,"circlet_count":0,"master_deck":["AscendersBane","Strike_R","Strike_R+1","Defend_R","Defend_R+1","Defend_R+1","Bash+1","Shrug It Off","Offering","Exhume+1","Double Tap+1","Burning Pact+1","Carnage+1","Reckless Charge+1","Inflame+1","RitualDagger","Battle Trance"],"relics":["Burning Blood","NeowsBlessing","Matryoshka","Golden Idol","Peace Pipe","Self Forming Clay","Frozen Egg 2","Regal Pillow","Astrolabe","MutagenicStrength","War Paint","Art of War","Kunai","Bag of Preparation","Ancient Tea Set","Bag of Marbles"],"potions_floor_usage":[16,16,29,29],"damage_taken":[{"damage":0,"enemies":"Small Slimes","floor":1,"turns":1},{"damage":0,"enemies":"3 Sentries","floor":6,"turns":2},{"damage":0,"enemies":"2 Louse","floor":8,"turns":1},{"damage":15,"enemies":"Gremlin Nob","floor":14,"turns":4},{"damage":45,"enemies":"Slime Boss","floor":16,"turns":10},{"damage":18,"enemies":"2 Thieves","floor":18,"turns":2},{"damage":12,"enemies":"Shell Parasite","floor":21,"turns":1},{"damage":22,"enemies":"3 Cultists","floor":22,"turns":4},{"damage":24,"enemies":"Snake Plant","floor":24,"turns":3},{"damage":37,"enemies":"Slavers","floor":29,"turns":5},{"damage":10,"enemies":"Cultist and Chosen","floor":31,"turns":4}],"seed_played":"-9204476094634243498","potions_obtained":[{"floor":6,"key":"SteroidPotion"},{"floor":14,"key":"Regen Potion"},{"floor":21,"key":"Strength Potion"},{"floor":22,"key":"GamblersBrew"}],"is_trial":false,"path_per_floor":["M","?","?","?","$","E","$","M","T","R","?","?","$","E","R","B",null,"M","?","?","M","M","R","M","?","T","T","R","E","$","M"],"character_chosen":"IRONCLAD","items_purchased":["Offering","Ancient Tea Set","Bag of Marbles"],"campfire_rested":2,"item_purchase_floors":[13,30,30],"current_hp_per_floor":[74,39,16,16,16,22,22,28,28,50,50,50,50,41,41,17,61,49,49,49,43,27,64,46,40,40,40,40,9,9,0],"gold":89,"neow_bonus":"THREE_ENEMY_KILL","is_prod":false,"is_daily":false,"chose_seed":false,"campfire_upgraded":2,"win_rate":0,"timestamp":1547701497,"path_taken":["M","?","?","?","?","E","?","?","T","R","?","?","$","E","R","BOSS","M","?","?","M","M","R","M","?","T","?","R","E","$","M"],"build_version":"2019-01-10","purchased_purges":2,"victory":false,"max_hp_per_floor":[75,75,75,75,75,75,75,75,75,75,75,75,75,75,75,75,75,75,75,75,75,75,75,75,75,75,75,75,75,75,75],"card_choices":[{"not_picked":["Body Slam","Havoc"],"picked":"Shrug It Off","floor":1},{"not_picked":["Warcry","Wild Strike","True Grit"],"picked":"SKIP","floor":6},{"not_picked":["Clash","Armaments","Anger"],"picked":"SKIP","floor":8},{"not_picked":["Corruption+1","Pommel Strike"],"picked":"Exhume","floor":14},{"not_picked":["Brutality+1","Juggernaut+1"],"picked":"Double Tap","floor":16},{"not_picked":["True Grit","Heavy Blade","Armaments+1"],"picked":"SKIP","floor":18},{"not_picked":["Sentinel","Rage"],"picked":"Inflame+1","floor":21},{"not_picked":["Perfected Strike+1","Havoc","Wild Strike"],"picked":"SKIP","floor":22},{"not_picked":["Blood for Blood","Wild Strike","Heavy Blade"],"picked":"SKIP","floor":24},{"not_picked":["Rage","True Grit"],"picked":"Battle Trance","floor":29}],"player_experience":363044,"relics_obtained":[{"floor":6,"key":"Peace Pipe"},{"floor":9,"key":"Self Forming Clay"},{"floor":9,"key":"Frozen Egg 2"},{"floor":14,"key":"Regal Pillow"},{"floor":26,"key":"War Paint"},{"floor":26,"key":"Art of War"},{"floor":27,"key":"Kunai"},{"floor":29,"key":"Bag of Preparation"}],"event_choices":[{"damage_healed":0,"gold_gain":0,"player_choice":"Success","damage_taken":35,"relics_obtained":["Matryoshka"],"max_hp_gain":0,"max_hp_loss":0,"event_name":"Scrap Ooze","floor":2,"gold_loss":0},{"damage_healed":0,"gold_gain":0,"player_choice":"Entered Light","damage_taken":23,"max_hp_gain":0,"max_hp_loss":0,"event_name":"Shining Light","floor":3,"gold_loss":0,"cards_upgraded":["Bash","Strike_R"]},{"damage_healed":0,"gold_gain":0,"player_choice":"Take Wound","damage_taken":0,"relics_obtained":["Golden Idol"],"max_hp_gain":0,"max_hp_loss":0,"event_name":"Golden Idol","floor":4,"gold_loss":0,"cards_obtained":["Injury"]},{"damage_healed":0,"gold_gain":150,"player_choice":"AGREE","damage_taken":0,"max_hp_gain":0,"max_hp_loss":0,"event_name":"Liars Game","floor":11,"gold_loss":0,"cards_obtained":["Doubt"]},{"damage_healed":0,"gold_gain":0,"cards_transformed":["Strike_R"],"player_choice":"Change","damage_taken":0,"max_hp_gain":0,"max_hp_loss":0,"event_name":"Living Wall","floor":12,"gold_loss":0,"cards_obtained":["Perfected Strike"]},{"cards_removed":["Perfected Strike"],"damage_healed":0,"gold_gain":0,"player_choice":"Elegance","damage_taken":0,"max_hp_gain":0,"max_hp_loss":0,"event_name":"Back to Basics","floor":19,"gold_loss":0},{"damage_healed":0,"gold_gain":0,"player_choice":"Inject Mutagens","damage_taken":0,"relics_obtained":["MutagenicStrength"],"max_hp_gain":0,"max_hp_loss":0,"event_name":"Drug Dealer","floor":20,"gold_loss":0},{"damage_healed":0,"gold_gain":0,"player_choice":"Joined the Cult","damage_taken":6,"max_hp_gain":0,"max_hp_loss":0,"event_name":"Nest","floor":25,"gold_loss":0,"cards_obtained":["RitualDagger"]}],"is_beta":false,"boss_relics":[{"not_picked":["Ectoplasm","Empty Cage"],"picked":"Astrolabe"}],"items_purged_floors":[5,13],"is_endless":false,"potions_floor_spawned":[6,14,21,22],"killed_by":"Cultist and Chosen","ascension_level":15}