{"gold_per_floor":[111,122,122,141,153,153,178,188,188,188,201,12,12,12],"floor_reached":14,"playtime":295,"items_purged":["Strike_R"],"score":175,"play_id":"20bc88d6-b65b-4852-b765-fae781470aab","local_time":"20190120233843","is_ascension_mode":true,"campfire_choices":[{"data":"Barricade","floor":6,"key":"SMITH"},{"data":"Body Slam","floor":10,"key":"SMITH"}],"neow_cost":"NONE","seed_source_timestamp":39354518418710,"circlet_count":0,"master_deck":["AscendersBane","Strike_R","Strike_R+1","Strike_R","Defend_R","Defend_R","Defend_R","Defend_R+1","Bash+1","Cleave","Body Slam+1","Barricade+1","Intimidate","Metallicize","True Grit","Shrug It Off","Finesse"],"relics":["Burning Blood","Prayer Wheel","Art of War"],"potions_floor_usage":[7,7,8],"damage_taken":[{"damage":7,"enemies":"Jaw Worm","floor":1,"turns":3},{"damage":12,"enemies":"Small Slimes","floor":2,"turns":3},{"damage":0,"enemies":"Cultist","floor":4,"turns":3},{"damage":9,"enemies":"Looter","floor":5,"turns":3},{"damage":24,"enemies":"Lagavulin","floor":7,"turns":10},{"damage":16,"enemies":"Large Slime","floor":8,"turns":5},{"damage":9,"enemies":"Blue Slaver","floor":11,"turns":4},{"damage":12,"enemies":"3 Sentries","floor":14,"turns":2}],"seed_played":"-4416006249800964180","potions_obtained":[{"floor":1,"key":"SteroidPotion"},{"floor":4,"key":"Block Potion"},{"floor":7,"key":"AttackPotion"}],"is_trial":false,"path_per_floor":["M","M","?","M","M","R","E","M","T","R","M","$","?","E"],"character_chosen":"IRONCLAD","items_purchased":["Shrug It Off","Finesse"],"campfire_rested":0,"item_purchase_floors":[12,12],"current_hp_per_floor":[67,61,38,44,41,41,23,13,13,13,10,10,10,0],"gold":12,"neow_bonus":"UPGRADE_CARD","is_prod":false,"is_daily":false,"chose_seed":false,"campfire_upgraded":2,"win_rate":0,"timestamp":1548027523,"path_taken":["M","M","?","M","M","R","E","M","T","R","M","$","?","E"],"build_version":"2019-01-17v2","purchased_purges":1,"victory":false,"max_hp_per_floor":[75,75,75,75,75,75,75,75,75,75,75,75,75,75],"card_choices":[{"not_picked":["Seeing Red","Heavy Blade","Clash"],"picked":"SKIP","floor":1},{"not_picked":["Carnage","Anger"],"picked":"Cleave","floor":2},{"not_picked":["Wild Strike","Entrench"],"picked":"Body Slam","floor":4},{"not_picked":["Iron Wave","Flex"],"picked":"Barricade","floor":5},{"not_picked":["Clothesline","Wild Strike","Flex"],"picked":"SKIP","floor":7},{"not_picked":["Rampage","Clash"],"picked":"Intimidate","floor":8},{"not_picked":["Twin Strike","Heavy Blade","Infernal Blade"],"picked":"SKIP","floor":8},{"not_picked":["Sword Boomerang","Dual Wield"],"picked":"Metallicize","floor":11},{"not_picked":["Headbutt","Warcry"],"picked":"True Grit","floor":11}],"player_experience":409679,"relics_obtained":[{"floor":7,"key":"Prayer Wheel"},{"floor":9,"key":"Art of War"}],"event_choices":[{"damage_healed":0,"gold_gain":0,"player_choice":"Entered Light","damage_taken":23,"max_hp_gain":0,"max_hp_loss":0,"event_name":"Shining Light","floor":3,"gold_loss":0,"cards_upgraded":["Defend_R","Strike_R"]},{"cards_removed":["Strike_R"],"damage_healed":0,"gold_gain":0,"player_choice":"Forget","damage_taken":0,"max_hp_gain":0,"max_hp_loss":0,"event_name":"Living Wall","floor":13,"gold_loss":0}],"is_beta":false,"boss_relics":[],"items_purged_floors":[12],"is_endless":false,"potions_floor_spawned":[1,4,5,7],"killed_by":"3 Sentries","ascension_level":18}