{"gold_per_floor":[117,26,26,44,64,64,19,19,19,19,32,32],"floor_reached":12,"playtime":202,"items_purged":[],"score":105,"play_id":"93ab20d1-15e8-4629-934f-599b0cb34e09","local_time":"20181124195451","is_ascension_mode":true,"campfire_choices":[{"data":"Panacea","floor":6,"key":"SMITH"},{"data":"Thunderclap","floor":8,"key":"SMITH"},{"data":"Thunderclap","floor":10,"key":"SMITH"}],"neow_cost":"NONE","seed_source_timestamp":93870189130390,"circlet_count":0,"master_deck":["AscendersBane","Strike_R","Strike_R","Strike_R","Strike_R","Strike_R","Defend_R","Defend_R","Defend_R","Defend_R","Bash","Madness","Rage","Panacea+1","Thunderclap+1","Thunderclap+1","True Grit"],"relics":["Burning Blood","Potion Belt","Centennial Puzzle"],"potions_floor_usage":[],"damage_taken":[{"damage":3,"enemies":"2 Louse","floor":1,"turns":4},{"damage":7,"enemies":"Cultist","floor":4,"turns":6},{"damage":10,"enemies":"Jaw Worm","floor":5,"turns":5},{"damage":25,"enemies":"Exordium Wildlife","floor":11,"turns":5},{"damage":0,"enemies":"Large Slime","floor":12,"turns":1}],"seed_played":"-3727438456111924980","potions_obtained":[{"floor":1,"key":"SteroidPotion"},{"floor":4,"key":"Regen Potion"}],"is_trial":false,"path_per_floor":["M","$","?","M","M","R","$","R","T","R","M","M"],"character_chosen":"IRONCLAD","items_purchased":["Panacea","Thunderclap"],"campfire_rested":0,"item_purchase_floors":[2,7],"current_hp_per_floor":[75,75,75,74,70,70,70,70,70,70,51,51],"gold":32,"neow_bonus":"RANDOM_COLORLESS","is_prod":false,"is_daily":false,"chose_seed":false,"campfire_upgraded":3,"win_rate":0,"timestamp":1543089291,"path_taken":["M","$","?","M","?","R","$","R","T","R","M","M"],"build_version":"2018-11-15","purchased_purges":0,"victory":false,"max_hp_per_floor":[80,80,80,80,80,80,80,80,80,80,80,80],"card_choices":[{"not_picked":["Twin Strike","Power Through"],"picked":"Rage","floor":1},{"not_picked":["Heavy Blade","Havoc"],"picked":"Thunderclap","floor":4},{"not_picked":["Seeing Red","Anger","Havoc"],"picked":"SKIP","floor":5},{"not_picked":["Body Slam","Clash"],"picked":"True Grit","floor":11}],"player_experience":206541,"relics_obtained":[{"floor":9,"key":"Centennial Puzzle"}],"event_choices":[{"damage_healed":0,"gold_gain":0,"player_choice":"Gave Potion","damage_taken":0,"relics_obtained":["Potion Belt"],"max_hp_gain":0,"max_hp_loss":0,"event_name":"WeMeetAgain","floor":3,"gold_loss":0}],"is_beta":false,"boss_relics":[],"items_purged_floors":[],"is_endless":false,"potions_floor_spawned":[1,4],"killed_by":"Large Slime","ascension_level":11}