{"gold_per_floor":[114,128,145,145,145,170,170,26,26,26,36,61,61,73,73,169,169,184,184,27,27,27,27,40,40,40,40,51,51,68,168,168,273,273,287,287,287,307,307,307,319,319,319,319,337,337,30,62,62,62,62,62,13,45,45],"floor_reached":55,"playtime":9606,"items_purged":["Strike_G"],"score":779,"play_id":"b41fbcd8-50dd-4a39-9a25-9237be3e7b9f","local_time":"20181206005542","is_ascension_mode":true,"campfire_choices":[{"data":"Neutralize","floor":7,"key":"SMITH"},{"floor":10,"key":"REST"},{"floor":15,"key":"REST"},{"data":"Burst","floor":23,"key":"SMITH"},{"data":"Adrenaline","floor":25,"key":"SMITH"},{"data":"Crippling Poison","floor":29,"key":"SMITH"},{"data":"Well Laid Plans","floor":32,"key":"SMITH"},{"data":"Chrysalis","floor":40,"key":"SMITH"},{"data":"Secret Technique","floor":42,"key":"SMITH"},{"data":"Panacea","floor":46,"key":"SMITH"},{"floor":49,"key":"RECALL"},{"data":"Corpse Explosion","floor":52,"key":"SMITH"}],"neow_cost":"NONE","seed_source_timestamp":801240445190031,"circlet_count":0,"master_deck":["Defend_G","Defend_G","Defend_G","Defend_G","Defend_G","Strike_G+1","Survivor","Neutralize+1","Backflip","Backflip+1","Flying Knee","Crippling Poison+1","Tools of the Trade","Cloak And Dagger","Burst+1","Slice","Well Laid Plans+1","Skewer","Adrenaline+1","PiercingWail+1","Footwork+1","Corpse Explosion+1","Chrysalis+1","Secret Technique+1","Panacea+1"],"relics":["Ring of the Snake","Bag of Preparation","Dodecahedron","Juzu Bracelet","Nunchaku","White Beast Statue","PreservedInsect","Frozen Egg 2","Velvet Choker","Gremlin Horn","Gambling Chip","Molten Egg 2","Snake Skull"],"potions_floor_usage":[6,18,28,30,30,33,33,41,44,48,50,55,55,55,55,55,55],"damage_taken":[{"damage":0,"enemies":"Small Slimes","floor":1,"turns":4},{"damage":0,"enemies":"2 Louse","floor":2,"turns":3},{"damage":6,"enemies":"Jaw Worm","floor":3,"turns":6},{"damage":10,"enemies":"3 Sentries","floor":6,"turns":14},{"damage":8,"enemies":"Exordium Wildlife","floor":11,"turns":8},{"damage":25,"enemies":"Lagavulin","floor":12,"turns":11},{"damage":0,"enemies":"Looter","floor":14,"turns":4},{"damage":15,"enemies":"The Guardian","floor":16,"turns":22},{"damage":8,"enemies":"Shell Parasite","floor":18,"turns":16},{"damage":9,"enemies":"3 Byrds","floor":24,"turns":6},{"damage":0,"enemies":"Snake Plant","floor":28,"turns":6},{"damage":0,"enemies":"3 Cultists","floor":30,"turns":5},{"damage":17,"enemies":"Automaton","floor":33,"turns":9},{"damage":5,"enemies":"3 Darklings","floor":35,"turns":4},{"damage":1,"enemies":"Orb Walker","floor":38,"turns":5},{"damage":10,"enemies":"Maw","floor":41,"turns":4},{"damage":0,"enemies":"4 Shapes","floor":44,"turns":1},{"damage":13,"enemies":"Spire Growth","floor":45,"turns":9},{"damage":9,"enemies":"Reptomancer","floor":48,"turns":7},{"damage":23,"enemies":"Awakened One","floor":50,"turns":16},{"damage":33,"enemies":"Shield and Spear","floor":54,"turns":4},{"damage":39,"enemies":"The Heart","floor":55,"turns":6}],"seed_played":"-5629680641508599314","potions_obtained":[{"floor":3,"key":"Fire Potion"},{"floor":11,"key":"Swift Potion"},{"floor":14,"key":"Regen Potion"},{"floor":18,"key":"Explosive Potion"},{"floor":24,"key":"Swift Potion"},{"floor":28,"key":"PowerPotion"},{"floor":30,"key":"PowerPotion"},{"floor":33,"key":"Regen Potion"},{"floor":35,"key":"SmokeBomb"},{"floor":38,"key":"Explosive Potion"},{"floor":41,"key":"Dexterity Potion"},{"floor":45,"key":"SpeedPotion"},{"floor":48,"key":"Swift Potion"},{"floor":54,"key":"EntropicBrew"}],"is_trial":false,"path_per_floor":["M","M","M","?","?","E","R","$","T","R","M","E","$","M","R","B",null,"M","?","$","?","T","R","M","R","T","?","M","R","M","?","R","B",null,"M","?","?","M","?","R","M","R","T","M","M","R","$","E","R","B",null,"R","$","E","B"],"character_chosen":"THE_SILENT","items_purchased":["Juzu Bracelet","Adrenaline","Gambling Chip","Weak Potion"],"campfire_rested":2,"item_purchase_floors":[8,20,47,53],"current_hp_per_floor":[70,70,64,57,43,33,33,33,33,54,46,21,21,21,42,27,70,62,62,62,62,62,62,53,53,53,53,62,62,62,62,62,45,70,65,55,48,47,70,70,67,67,67,67,54,54,54,45,45,22,70,70,70,37,0],"gold":45,"neow_bonus":"RANDOM_COMMON_RELIC","is_prod":false,"is_daily":false,"chose_seed":false,"campfire_upgraded":9,"win_rate":0,"timestamp":1544086542,"path_taken":["M","M","M","?","?","E","R","?","T","R","M","E","$","M","R","BOSS","M","?","$","?","?","R","M","R","T","?","M","R","M","?","R","BOSS","M","?","?","M","?","R","M","R","T","M","M","R","$","E","R","BOSS","R","$","E","BOSS"],"build_version":"2018-11-15","purchased_purges":1,"victory":false,"max_hp_per_floor":[70,70,70,70,70,70,70,70,70,70,70,70,70,70,70,70,70,70,70,70,70,70,70,70,70,70,70,70,70,70,70,70,70,70,70,70,70,70,70,70,70,70,70,70,70,70,70,70,70,70,70,70,70,70,70],"card_choices":[{"not_picked":["Sucker Punch","Poisoned Stab"],"picked":"Backflip","floor":1},{"not_picked":["Quick Slash","Outmaneuver"],"picked":"Backflip","floor":2},{"not_picked":["Dodge and Roll","Bane","Masterful Stab"],"picked":"SKIP","floor":3},{"not_picked":["Deflect","Calculated Gamble"],"picked":"Flying Knee","floor":6},{"not_picked":["Cloak And Dagger","Leg Sweep"],"picked":"Crippling Poison","floor":11},{"not_picked":["PiercingWail","Dagger Spray"],"picked":"Tools of the Trade","floor":12},{"not_picked":["Dagger Spray","Outmaneuver"],"picked":"Cloak And Dagger","floor":14},{"not_picked":["Storm of Steel","Die Die Die"],"picked":"Burst","floor":16},{"not_picked":["Sucker Punch+1","Underhanded Strike"],"picked":"Slice","floor":18},{"not_picked":["Expertise","Acrobatics+1"],"picked":"PiercingWail+1","floor":24},{"not_picked":["Prepared","Flying Knee","All Out Attack"],"picked":"SKIP","floor":28},{"not_picked":["Choke+1","Calculated Gamble"],"picked":"Footwork+1","floor":30},{"not_picked":["Burst","Night Terror"],"picked":"Corpse Explosion","floor":33},{"not_picked":["Blade Dance","Deflect","Riddle With Holes"],"picked":"SKIP","floor":35},{"not_picked":["Master of Strategy","Jack Of All Trades"],"picked":"Chrysalis","floor":36},{"not_picked":["Forethought","Secret Weapon"],"picked":"Secret Technique","floor":36},{"not_picked":["HandOfGreed","Bandage Up"],"picked":"Panacea","floor":36},{"not_picked":["Dash+1","Backflip+1"],"picked":"Accuracy+1","floor":38},{"not_picked":["Tactician+1","Quick Slash+1","Cloak And Dagger"],"picked":"SKIP","floor":41},{"not_picked":["Quick Slash","Prepared+1","Acrobatics+1"],"picked":"SKIP","floor":45},{"not_picked":["Deflect","Outmaneuver","Slice+1"],"picked":"SKIP","floor":48},{"not_picked":["Dagger Throw+1","Expertise","Deflect"],"picked":"SKIP","floor":54}],"player_experience":66331,"relics_obtained":[{"floor":6,"key":"Dodecahedron"},{"floor":12,"key":"Nunchaku"},{"floor":22,"key":"PreservedInsect"},{"floor":26,"key":"Frozen Egg 2"},{"floor":43,"key":"Gremlin Horn"},{"floor":48,"key":"Molten Egg 2"},{"floor":54,"key":"Snake Skull"}],"event_choices":[{"cards_removed":["Strike_G"],"damage_healed":0,"gold_gain":0,"player_choice":"Card Removal","damage_taken":7,"max_hp_gain":0,"max_hp_loss":0,"event_name":"Golden Wing","floor":4,"gold_loss":0},{"damage_healed":0,"gold_gain":0,"player_choice":"Entered Light","damage_taken":14,"max_hp_gain":0,"max_hp_loss":0,"event_name":"Shining Light","floor":5,"gold_loss":0,"cards_upgraded":["Backflip","Strike_G"]},{"damage_healed":0,"gold_gain":0,"cards_transformed":["Strike_G","Strike_G"],"player_choice":"Became Test Subject","damage_taken":0,"max_hp_gain":0,"max_hp_loss":0,"event_name":"Drug Dealer","floor":19,"gold_loss":0,"cards_obtained":["Well Laid Plans","Skewer"]},{"damage_healed":0,"gold_gain":0,"player_choice":"Ignored","damage_taken":0,"max_hp_gain":0,"max_hp_loss":0,"event_name":"Ghosts","floor":21,"gold_loss":0},{"damage_healed":0,"gold_gain":0,"player_choice":"Ignored","damage_taken":0,"max_hp_gain":0,"max_hp_loss":0,"event_name":"Beggar","floor":27,"gold_loss":0},{"damage_healed":0,"gold_gain":100,"player_choice":"Pray","damage_taken":0,"max_hp_gain":0,"max_hp_loss":0,"event_name":"Golden Shrine","floor":31,"gold_loss":0},{"damage_healed":0,"gold_gain":0,"player_choice":"Memory 3","damage_taken":10,"max_hp_gain":0,"max_hp_loss":0,"event_name":"SensoryStone","floor":36,"gold_loss":0},{"damage_healed":0,"gold_gain":0,"player_choice":"Damaged","damage_taken":7,"max_hp_gain":0,"max_hp_loss":0,"event_name":"Wheel of Change","floor":37,"gold_loss":0},{"cards_removed":["Accuracy"],"damage_healed":23,"gold_gain":0,"player_choice":"Offered Uncommon","damage_taken":0,"max_hp_gain":0,"max_hp_loss":0,"event_name":"Bonfire Elementals","floor":39,"gold_loss":0}],"is_beta":false,"boss_relics":[{"not_picked":["WristBlade","Busted Crown"],"picked":"White Beast Statue"},{"not_picked":["Black Star","Astrolabe"],"picked":"Velvet Choker"}],"items_purged_floors":[20],"is_endless":false,"potions_floor_spawned":[3,11,14,18,24,28,30,33,35,38,41,44,45,48,54],"killed_by":"The Heart","ascension_level":2}