{"gold_per_floor":[109,40,40,40,115,156,175,175,198,229,259,284,340,84,84,207,207,147,170,186,186],"floor_reached":21,"playtime":1435,"items_purged":["Injury"],"score":290,"play_id":"52f380fd-3eb4-4feb-ab5c-651f807d5c0c","local_time":"20190119193846","is_ascension_mode":true,"campfire_choices":[{"data":"Zap","floor":8,"key":"SMITH"},{"floor":15,"key":"REST"}],"neow_cost":"NONE","seed_source_timestamp":894055789130300,"circlet_count":0,"master_deck":["Strike_B","Strike_B","Strike_B","Strike_B","Defend_B","Defend_B","Defend_B","Defend_B","Zap+1","Dualcast","Heatsinks","Multi-Cast","Glacier","Hologram","Darkness","Go for the Eyes","Buffer","Cold Snap","Reinforced Body","Cold Snap","Chaos","Double Energy","Loop","Steam","Leap"],"relics":["Cracked Core","NeowsBlessing","Golden Idol","Happy Flower","MawBank","Gremlin Horn","Bag of Preparation","Orrery"],"potions_floor_usage":[11,13,16,16,16,21],"damage_taken":[{"damage":0,"enemies":"Jaw Worm","floor":1,"turns":1},{"damage":0,"enemies":"3 Sentries","floor":6,"turns":1},{"damage":0,"enemies":"2 Louse","floor":7,"turns":1},{"damage":0,"enemies":"Small Slimes","floor":10,"turns":3},{"damage":4,"enemies":"2 Fungi Beasts","floor":11,"turns":3},{"damage":9,"enemies":"Red Slaver","floor":12,"turns":3},{"damage":14,"enemies":"Gremlin Nob","floor":13,"turns":3},{"damage":0,"enemies":"Slime Boss","floor":16,"turns":8},{"damage":13,"enemies":"2 Thieves","floor":18,"turns":4},{"damage":19,"enemies":"3 Byrds","floor":19,"turns":4},{"damage":22,"enemies":"Shelled Parasite and Fungi","floor":20,"turns":10},{"damage":23,"enemies":"Centurion and Healer","floor":21,"turns":7}],"seed_played":"2331748450222646517","potions_obtained":[{"floor":1,"key":"AttackPotion"},{"floor":7,"key":"Explosive Potion"},{"floor":10,"key":"Explosive Potion"},{"floor":11,"key":"PowerPotion"},{"floor":19,"key":"Swift Potion"}],"is_trial":false,"path_per_floor":["M","$","?","?","?","E","M","R","T","M","M","M","E","$","R","B",null,"M","M","M","M"],"character_chosen":"DEFECT","items_purchased":["Heatsinks","PowerPotion","Bag of Preparation"],"campfire_rested":1,"item_purchase_floors":[2,14,14],"current_hp_per_floor":[75,75,75,75,64,64,64,64,64,64,60,51,37,37,59,59,75,62,43,21,0],"gold":186,"neow_bonus":"THREE_ENEMY_KILL","is_prod":false,"is_daily":false,"chose_seed":false,"campfire_upgraded":1,"win_rate":1,"timestamp":1547944726,"path_taken":["M","$","?","?","?","E","M","R","T","M","M","M","E","$","R","BOSS","M","M","M","M"],"build_version":"2019-01-17v2","purchased_purges":1,"victory":false,"max_hp_per_floor":[75,75,75,75,75,75,75,75,75,75,75,75,75,75,75,75,75,75,75,75,75],"card_choices":[{"not_picked":["Force Field","Fusion","Barrage"],"picked":"SKIP","floor":1},{"not_picked":["Leap","Turbo"],"picked":"Multi-Cast","floor":6},{"not_picked":["Barrage","Beam Cell"],"picked":"Glacier","floor":7},{"not_picked":["Lockon","Rebound"],"picked":"Hologram","floor":10},{"not_picked":["Redo","Stack"],"picked":"Darkness","floor":11},{"not_picked":["Gash","Beam Cell","Redo"],"picked":"SKIP","floor":12},{"not_picked":["Beam Cell","Steam Power"],"picked":"Go for the Eyes","floor":13},{"not_picked":["Hyperbeam","Amplify"],"picked":"Buffer","floor":16},{"not_picked":["Conserve Battery","Go for the Eyes"],"picked":"Cold Snap","floor":17},{"not_picked":["Go for the Eyes","Scrape"],"picked":"Reinforced Body","floor":17},{"not_picked":["Recycle","Gash"],"picked":"Cold Snap","floor":17},{"not_picked":["Recycle","Force Field"],"picked":"Chaos","floor":17},{"not_picked":["Barrage","Redo"],"picked":"Double Energy","floor":17},{"not_picked":["Coolheaded","Leap"],"picked":"Loop","floor":18},{"not_picked":["Barrage","Rebound"],"picked":"Steam","floor":19},{"not_picked":["Stack","Steam"],"picked":"Leap","floor":20}],"player_experience":54430,"relics_obtained":[{"floor":6,"key":"Happy Flower"},{"floor":9,"key":"MawBank"},{"floor":13,"key":"Gremlin Horn"}],"event_choices":[{"damage_healed":0,"gold_gain":0,"player_choice":"Take Wound","damage_taken":0,"relics_obtained":["Golden Idol"],"max_hp_gain":0,"max_hp_loss":0,"event_name":"Golden Idol","floor":3,"gold_loss":0,"cards_obtained":["Injury"]},{"damage_healed":0,"gold_gain":0,"player_choice":"Ignored","damage_taken":0,"max_hp_gain":0,"max_hp_loss":0,"event_name":"Shining Light","floor":4,"gold_loss":0},{"damage_healed":0,"gold_gain":75,"player_choice":"Gather Gold","damage_taken":11,"max_hp_gain":0,"max_hp_loss":0,"event_name":"World of Goop","floor":5,"gold_loss":0}],"is_beta":false,"boss_relics":[{"not_picked":["Calling Bell","Lizard Tail"],"picked":"Orrery"}],"items_purged_floors":[14],"is_endless":false,"potions_floor_spawned":[1,7,10,11,19],"killed_by":"Centurion and Healer","ascension_level":2}