{"gold_per_floor":[109,129,129,147,160,185,185,205,205,205,205,221,250,263,263,359,359,372,382,382,382,401,416,450,550,550,119,119,119,149,164,164,263,263,283,298,298,312,312,312],"floor_reached":40,"playtime":6395,"items_purged":["Doubt"],"score":465,"play_id":"df3532a9-e4c5-4c09-a9df-49fae784d17f","local_time":"20181129181803","is_ascension_mode":false,"campfire_choices":[{"floor":7,"key":"REST"},{"data":"Bouncing Flask","floor":10,"key":"SMITH"},{"data":"Deadly Poison","floor":15,"key":"SMITH"},{"floor":28,"key":"REST"},{"floor":32,"key":"REST"}],"neow_cost":"NONE","seed_source_timestamp":263294605737432,"circlet_count":0,"master_deck":["Defend_G","Defend_G","Defend_G","Defend_G","Survivor","Neutralize","Bouncing Flask+1","Dodge and Roll+1","Dagger Spray","Dagger Spray","Deadly Poison","Blur","Poisoned Stab","Distraction","Deadly Poison+1","Envenom","Poisoned Stab","Backflip+1","Bite+1","Bite","Bite","Bite+1","Bite","Flying Knee","After Image","After Image","Flying Knee+1","Noxious Fumes","Parasite"],"relics":["Ring of the Snake","NeowsBlessing","Dream Catcher","Juzu Bracelet","Mummified Hand","Cursed Key","Enchiridion","Question Card","WingedGreaves","Ninja Scroll","Letter Opener","ClockworkSouvenir","Anchor","Whetstone","Eternal Feather"],"potions_floor_usage":[16,16,25,25,33,33,33],"damage_taken":[{"damage":0,"enemies":"2 Louse","floor":1,"turns":1},{"damage":0,"enemies":"Cultist","floor":2,"turns":1},{"damage":0,"enemies":"Small Slimes","floor":4,"turns":1},{"damage":0,"enemies":"2 Fungi Beasts","floor":5,"turns":5},{"damage":22,"enemies":"Lagavulin","floor":6,"turns":7},{"damage":0,"enemies":"Large Slime","floor":8,"turns":5},{"damage":1,"enemies":"Looter","floor":12,"turns":3},{"damage":20,"enemies":"3 Sentries","floor":13,"turns":7},{"damage":2,"enemies":"3 Louse","floor":14,"turns":4},{"damage":23,"enemies":"Hexaghost","floor":16,"turns":8},{"damage":5,"enemies":"Shell Parasite","floor":18,"turns":4},{"damage":0,"enemies":"Spheric Guardian","floor":19,"turns":2},{"damage":1,"enemies":"Cultist and Chosen","floor":22,"turns":4},{"damage":0,"enemies":"Sentry and Sphere","floor":23,"turns":3},{"damage":21,"enemies":"Book of Stabbing","floor":24,"turns":5},{"damage":15,"enemies":"Colosseum Slavers","floor":25,"turns":4},{"damage":30,"enemies":"Colosseum Nobs","floor":25,"turns":4},{"damage":30,"enemies":"Gremlin Leader","floor":30,"turns":5},{"damage":5,"enemies":"Snecko","floor":31,"turns":4},{"damage":53,"enemies":"Collector","floor":33,"turns":9},{"damage":7,"enemies":"Orb Walker","floor":35,"turns":4},{"damage":39,"enemies":"3 Darklings","floor":36,"turns":6},{"damage":19,"enemies":"Writhing Mass","floor":38,"turns":5},{"damage":117,"enemies":"Giant Head","floor":40,"turns":9}],"seed_played":"-4699370837212820347","potions_obtained":[{"floor":4,"key":"Dexterity Potion"},{"floor":6,"key":"Dexterity Potion"},{"floor":13,"key":"GamblersBrew"},{"floor":14,"key":"Strength Potion"},{"floor":22,"key":"EssenceOfSteel"},{"floor":23,"key":"Ancient Potion"},{"floor":25,"key":"AttackPotion"},{"floor":30,"key":"Regen Potion"},{"floor":38,"key":"Weak Potion"}],"is_trial":false,"path_per_floor":["M","M","?","M","M","E","R","M","T","R","?","M","E","M","R","B",null,"M","M","?","?","M","M","E","?","T","$","R","?","E","M","R","B",null,"M","M","?","M","?","E"],"character_chosen":"THE_SILENT","items_purchased":["ClockworkSouvenir","Anchor"],"campfire_rested":3,"item_purchase_floors":[27,27],"current_hp_per_floor":[70,70,70,70,70,48,69,69,69,69,69,69,50,50,50,29,70,65,67,67,51,58,64,51,18,18,18,39,39,19,23,44,22,70,65,31,31,22,70,0],"gold":312,"neow_bonus":"THREE_ENEMY_KILL","is_prod":false,"is_daily":false,"chose_seed":false,"campfire_upgraded":2,"win_rate":0.0,"timestamp":1543544283,"path_taken":["M","M","?","?","M","E","R","M","T","R","?","M","E","M","R","BOSS","M","M","?","?","M","M","E","?","T","$","R","?","E","M","R","BOSS","M","M","?","M","?","E"],"build_version":"2018-11-15","purchased_purges":1,"victory":false,"max_hp_per_floor":[70,70,70,70,70,70,70,70,70,70,70,70,70,70,70,70,70,70,70,70,70,70,70,70,70,70,70,70,70,70,70,70,70,70,70,70,70,70,70,70],"card_choices":[{"not_picked":["Sucker Punch","Deflect"],"picked":"Bouncing Flask","floor":1},{"not_picked":["Blade Dance","Reflex"],"picked":"Dodge and Roll","floor":2},{"not_picked":["Outmaneuver","Reflex"],"picked":"Dagger Spray","floor":4},{"not_picked":["Leg Sweep","Wraith Form v2"],"picked":"Dagger Spray","floor":5},{"not_picked":["Finisher","Acrobatics"],"picked":"Deadly Poison","floor":6},{"not_picked":["Leg Sweep","Predator"],"picked":"Blur","floor":7},{"not_picked":["Infinite Blades","Slice"],"picked":"Poisoned Stab","floor":8},{"not_picked":["Choke","PiercingWail"],"picked":"Distraction","floor":12},{"not_picked":["Prepared","Unload","Glass Knife"],"picked":"SKIP","floor":13},{"not_picked":["Footwork","Underhanded Strike"],"picked":"Deadly Poison","floor":14},{"not_picked":["Phantasmal Killer","After Image"],"picked":"Envenom","floor":16},{"not_picked":["Quick Slash","Choke+1"],"picked":"Poisoned Stab","floor":18},{"not_picked":["Terror","Escape Plan"],"picked":"Backflip+1","floor":19},{"not_picked":["Outmaneuver","PiercingWail","Prepared"],"picked":"SKIP","floor":22},{"not_picked":["Outmaneuver","PiercingWail","Prepared"],"picked":"SKIP","floor":22},{"not_picked":["Dagger Throw","Riddle With Holes","PiercingWail"],"picked":"SKIP","floor":23},{"not_picked":["Backflip","Prepared","Well Laid Plans"],"picked":"SKIP","floor":24},{"not_picked":["Sucker Punch","Skewer","Slice"],"picked":"Flying Knee","floor":28},{"not_picked":["Skewer","Deflect","Dagger Throw"],"picked":"After Image","floor":30},{"not_picked":["Quick Slash","Acrobatics","Reflex","Flechettes"],"picked":"SKIP","floor":31},{"not_picked":["Malaise","Die Die Die","A Thousand Cuts"],"picked":"After Image","floor":33},{"not_picked":["Dash","Poisoned Stab","Sucker Punch+1"],"picked":"Flying Knee+1","floor":35},{"not_picked":["Flying Knee","Dagger Spray+1","Underhanded Strike+1"],"picked":"Noxious Fumes","floor":36},{"not_picked":["Prepared","Riddle With Holes","All Out Attack+1","Flying Knee"],"picked":"SKIP","floor":38},{"not_picked":["Prepared","Riddle With Holes","All Out Attack+1","Flying Knee"],"picked":"SKIP","floor":38}],"player_experience":22402,"relics_obtained":[{"floor":6,"key":"Dream Catcher"},{"floor":9,"key":"Juzu Bracelet"},{"floor":13,"key":"Mummified Hand"},{"floor":21,"key":"Enchiridion"},{"floor":24,"key":"Question Card"},{"floor":25,"key":"WingedGreaves"},{"floor":25,"key":"Ninja Scroll"},{"floor":26,"key":"Letter Opener"},{"floor":30,"key":"Whetstone"}],"event_choices":[{"damage_healed":0,"gold_gain":0,"player_choice":"Forge","damage_taken":0,"max_hp_gain":0,"max_hp_loss":0,"event_name":"Accursed Blacksmith","floor":3,"gold_loss":0,"cards_upgraded":["Dodge and Roll"]},{"damage_healed":0,"gold_gain":0,"player_choice":"Gave Potion","damage_taken":0,"relics_obtained":["Blood Vial"],"max_hp_gain":0,"max_hp_loss":0,"event_name":"WeMeetAgain","floor":11,"gold_loss":0},{"damage_healed":0,"gold_gain":0,"player_choice":"Became a vampire (Vial)","damage_taken":0,"max_hp_gain":0,"max_hp_loss":0,"event_name":"Vampires","floor":20,"relics_lost":["Blood Vial"],"gold_loss":0,"cards_obtained":["Bite","Bite","Bite","Bite","Bite"]},{"damage_healed":0,"gold_gain":0,"player_choice":"Obtained Book","damage_taken":16,"max_hp_gain":0,"max_hp_loss":0,"event_name":"Cursed Tome","floor":21,"gold_loss":0},{"damage_healed":0,"gold_gain":0,"player_choice":"Fight","damage_taken":0,"max_hp_gain":0,"max_hp_loss":0,"event_name":"Colosseum","floor":25,"gold_loss":0},{"damage_healed":0,"gold_gain":0,"player_choice":"Fought Nobs","damage_taken":0,"max_hp_gain":0,"max_hp_loss":0,"event_name":"Colosseum","floor":25,"gold_loss":0},{"damage_healed":0,"gold_gain":0,"player_choice":"Ignored","damage_taken":0,"max_hp_gain":0,"max_hp_loss":0,"event_name":"Ghosts","floor":29,"gold_loss":0},{"cards_removed":["Defend_G"],"damage_healed":0,"gold_gain":0,"player_choice":"Removed Skill","damage_taken":0,"max_hp_gain":0,"max_hp_loss":0,"event_name":"Falling","floor":37,"gold_loss":0},{"damage_healed":48,"gold_gain":0,"player_choice":"Full Heal","damage_taken":0,"max_hp_gain":0,"max_hp_loss":0,"event_name":"Wheel of Change","floor":39,"gold_loss":0}],"is_beta":false,"boss_relics":[{"not_picked":["Black Star","HoveringKite"],"picked":"Cursed Key"},{"not_picked":["Runic Dome","Snecko Eye"],"picked":"Eternal Feather"}],"items_purged_floors":[27],"is_endless":false,"potions_floor_spawned":[4,6,13,14,22,23,25,30,31,38],"killed_by":"Giant Head","ascension_level":0}