{"gold_per_floor":[114,114,130,35,35,62,81,106,133,133,133,10,10,44,44,141,141,159,159,59,19,19,19,36,66,116,116,28,46,46,46],"floor_reached":31,"playtime":648,"items_purged":["Parasite","Writhe"],"score":398,"play_id":"b5a84a47-0610-4872-8e22-134503f85c67","local_time":"20181117004120","is_ascension_mode":true,"campfire_choices":[{"data":"Disarm","floor":10,"key":"SMITH"},{"data":"Sword Boomerang","floor":13,"key":"SMITH"},{"data":"Spot Weakness","floor":15,"key":"SMITH"},{"data":"Uppercut","floor":23,"key":"SMITH"}],"neow_cost":"NONE","seed_source_timestamp":22116506419620,"circlet_count":0,"master_deck":["Strike_R","Strike_R","Strike_R","Strike_R","Defend_R","Defend_R","Defend_R","Defend_R","Bash","Forethought","Pommel Strike","Spot Weakness+1","Shrug It Off","Sword Boomerang+1","Disarm+1","Shrug It Off","Impervious","Feed","Shrug It Off","Uppercut+1","Shrug It Off","Offering","Feel No Pain","Sword Boomerang+1","J.A.X.","Bandage Up","Inflame"],"relics":["Burning Blood","Juzu Bracelet","Potion Belt","Prayer Wheel","Blood Vial","Art of War","Orrery","Bronze Scales","Regal Pillow","Orichalcum"],"potions_floor_usage":[14,18,25,29,31],"damage_taken":[{"damage":1,"enemies":"Cultist","floor":1,"turns":4},{"damage":0,"enemies":"Small Slimes","floor":3,"turns":3},{"damage":7,"enemies":"Jaw Worm","floor":7,"turns":3},{"damage":40,"enemies":"Lagavulin","floor":8,"turns":6},{"damage":14,"enemies":"Gremlin Nob","floor":14,"turns":4},{"damage":2,"enemies":"Hexaghost","floor":16,"turns":8},{"damage":30,"enemies":"Spheric Guardian","floor":18,"turns":7},{"damage":24,"enemies":"2 Thieves","floor":24,"turns":4},{"damage":23,"enemies":"Slavers","floor":25,"turns":5},{"damage":26,"enemies":"Shelled Parasite and Fungi","floor":29,"turns":6},{"damage":33,"enemies":"Colosseum Slavers","floor":30,"turns":5},{"damage":11,"enemies":"Centurion and Healer","floor":31,"turns":2}],"seed_played":"1070852567958998829","potions_obtained":[{"floor":7,"key":"Explosive Potion"},{"floor":14,"key":"Ancient Potion"},{"floor":16,"key":"Weak Potion"},{"floor":21,"key":"SpeedPotion"},{"floor":21,"key":"EssenceOfSteel"},{"floor":21,"key":"FairyPotion"},{"floor":24,"key":"PowerPotion"}],"is_trial":false,"path_per_floor":["M","?","M","$","?","T","M","E","T","R","?","$","R","E","R","B",null,"M","?","$","?","?","R","M","E","T","?","$","M","?","M"],"character_chosen":"IRONCLAD","items_purchased":["Spot Weakness","Shrug It Off","Shrug It Off","Bandage Up"],"campfire_rested":0,"item_purchase_floors":[4,4,12,28],"current_hp_per_floor":[77,70,76,76,69,69,68,34,34,34,54,54,54,48,48,54,71,52,52,52,52,52,52,39,27,27,27,27,16,8,0],"gold":46,"neow_bonus":"RANDOM_COLORLESS","is_prod":false,"is_daily":false,"chose_seed":false,"campfire_upgraded":4,"win_rate":0,"timestamp":1542415280,"path_taken":["M","?","M","$","?","?","M","E","T","R","?","$","R","E","R","BOSS","M","?","$","?","?","R","M","E","T","?","$","M","?","M"],"build_version":"2018-11-15","purchased_purges":2,"victory":false,"max_hp_per_floor":[80,80,80,80,80,80,80,80,80,80,80,77,77,77,77,77,77,80,80,80,80,80,80,83,86,86,86,86,89,89,89],"card_choices":[{"not_picked":["Iron Wave","Rampage"],"picked":"Pommel Strike","floor":1},{"not_picked":["Heavy Blade","Power Through","Havoc"],"picked":"SKIP","floor":3},{"not_picked":["Armaments","Metallicize"],"picked":"Sword Boomerang","floor":7},{"not_picked":["Headbutt","True Grit"],"picked":"Disarm","floor":8},{"not_picked":["Fire Breathing","Twin Strike"],"picked":"Impervious","floor":14},{"not_picked":["Fiend Fire","Reaper"],"picked":"Feed","floor":16},{"not_picked":["Perfected Strike","Clash"],"picked":"Shrug It Off","floor":17},{"not_picked":["Cleave","Clash"],"picked":"Uppercut","floor":17},{"not_picked":["Corruption","Fire Breathing"],"picked":"Shrug It Off","floor":17},{"not_picked":["Rampage","Power Through+1"],"picked":"Offering","floor":18},{"not_picked":["Wild Strike","Havoc+1","Iron Wave"],"picked":"SKIP","floor":18},{"not_picked":["Sword Boomerang","Reckless Charge"],"picked":"Feel No Pain","floor":24},{"not_picked":["Havoc","True Grit","Bloodletting"],"picked":"SKIP","floor":24},{"not_picked":["Shrug It Off","Sentinel"],"picked":"Sword Boomerang+1","floor":25},{"not_picked":["Rampage","Flame Barrier"],"picked":"Inflame","floor":29},{"not_picked":["Cleave+1","Anger+1","Searing Blow"],"picked":"SKIP","floor":29}],"player_experience":180293,"relics_obtained":[{"floor":6,"key":"Potion Belt"},{"floor":8,"key":"Prayer Wheel"},{"floor":9,"key":"Blood Vial"},{"floor":14,"key":"Art of War"},{"floor":25,"key":"Regal Pillow"},{"floor":26,"key":"Orichalcum"}],"event_choices":[{"cards_removed":["Strike_R"],"damage_healed":0,"gold_gain":0,"player_choice":"Card Removal","damage_taken":7,"max_hp_gain":0,"max_hp_loss":0,"event_name":"Golden Wing","floor":2,"gold_loss":0},{"damage_healed":0,"gold_gain":0,"player_choice":"Success","damage_taken":7,"relics_obtained":["Juzu Bracelet"],"max_hp_gain":0,"max_hp_loss":0,"event_name":"Scrap Ooze","floor":5,"gold_loss":0},{"damage_healed":20,"gold_gain":0,"player_choice":"Healed and dodged fight","damage_taken":0,"max_hp_gain":0,"max_hp_loss":0,"event_name":"Mushrooms","floor":11,"gold_loss":0,"cards_obtained":["Parasite"]},{"damage_healed":0,"gold_gain":0,"player_choice":"Opened","damage_taken":0,"relics_obtained":["Bronze Scales"],"max_hp_gain":0,"max_hp_loss":0,"event_name":"The Mausoleum","floor":19,"gold_loss":0,"cards_obtained":["Writhe"]},{"damage_healed":0,"gold_gain":0,"player_choice":"Bought 3 Potions","damage_taken":0,"max_hp_gain":0,"max_hp_loss":0,"event_name":"The Woman in Blue","floor":21,"gold_loss":0},{"damage_healed":0,"gold_gain":0,"player_choice":"Ignored","damage_taken":0,"max_hp_gain":0,"max_hp_loss":0,"event_name":"Ghosts","floor":22,"gold_loss":0},{"damage_healed":0,"gold_gain":0,"player_choice":"Obtain J.A.X.","damage_taken":0,"max_hp_gain":0,"max_hp_loss":0,"event_name":"Drug Dealer","floor":27,"gold_loss":0,"cards_obtained":["J.A.X."]},{"damage_healed":0,"gold_gain":0,"player_choice":"Fight","damage_taken":0,"max_hp_gain":0,"max_hp_loss":0,"event_name":"Colosseum","floor":30,"gold_loss":0},{"damage_healed":0,"gold_gain":0,"player_choice":"Fled From Nobs","damage_taken":0,"max_hp_gain":0,"max_hp_loss":0,"event_name":"Colosseum","floor":30,"gold_loss":0}],"is_beta":false,"boss_relics":[{"not_picked":["Calling Bell","Philosopher\u0027s Stone"],"picked":"Orrery"}],"items_purged_floors":[12,20],"is_endless":false,"potions_floor_spawned":[7,14,16,24,30],"killed_by":"Centurion and Healer","ascension_level":9}