{"gold_per_floor":[11,11,26,45,58,58,89,99,399,399,399,418,418,9,9,111,111,124,159,173,38,50,50,50,50,50,50,61,73,73,88,88,188,188,205,205,80,100,100,100,127,127,157,157],"floor_reached":44,"playtime":4813,"items_purged":["Strike_R","Strike_R","Injury"],"score":598,"play_id":"c8f5fc0a-7cb7-4467-b9d9-4f7512be7e05","local_time":"20180820183936","is_ascension_mode":true,"campfire_choices":[{"data":"Feed","floor":6.0,"key":"SMITH"},{"data":"Demon Form","floor":13,"key":"SMITH"},{"floor":15,"key":"REST"},{"floor":23,"key":"REST"},{"data":"Limit Break","floor":25,"key":"SMITH"},{"data":"Disarm","floor":27,"key":"SMITH"},{"floor":30,"key":"REST"},{"data":"Heavy Blade","floor":32,"key":"SMITH"},{"floor":40,"key":"REST"},{"floor":42,"key":"DIG"}],"neow_cost":"NO_GOLD","seed_source_timestamp":0,"circlet_count":0,"master_deck":["Defend_R","Defend_R","Defend_R","Defend_R","Bash","Feed+1","Carnage","Headbutt","Carnage","Disarm","Infernal Blade","Demon Form+1","Disarm+1","Limit Break+1","Twin Strike","Anger","Ghostly Armor","Seeing Red","Shrug It Off","Bite","Bite","Bite","Bite","Bite","Heavy Blade+1","Sword Boomerang+1","Iron Wave","Impervious+1","Shrug It Off+1"],"special_seed":0,"relics":["Burning Blood","Omamori","Old Coin","Dead Branch","Ice Cream","Sozu","Red Mask","Toxic Egg 2","Calling Bell","Juzu Bracelet","Paper Frog","Shovel","Turnip","Sundial","Unceasing Top","Tiny Chest"],"potions_floor_usage":[28,44],"damage_taken":[{"damage":14.0,"enemies":"Jaw Worm","floor":1.0,"turns":3.0},{"damage":5.0,"enemies":"Small Slimes","floor":3.0,"turns":3.0},{"damage":0.0,"enemies":"Cultist","floor":4.0,"turns":2.0},{"damage":9.0,"enemies":"2 Fungi Beasts","floor":5.0,"turns":3.0},{"damage":34.0,"enemies":"Lagavulin","floor":7.0,"turns":6.0},{"damage":22.0,"enemies":"Lots of Slimes","floor":8.0,"turns":6.0},{"damage":1,"enemies":"3 Louse","floor":12,"turns":3},{"damage":57,"enemies":"The Guardian","floor":16,"turns":7},{"damage":8,"enemies":"Chosen","floor":18,"turns":5},{"damage":41,"floor":19,"turns":4},{"damage":17,"enemies":"2 Thieves","floor":20,"turns":4},{"damage":27,"enemies":"Centurion and Healer","floor":22,"turns":5},{"damage":18,"enemies":"Snake Plant","floor":28,"turns":3},{"damage":23,"enemies":"Cultist and Chosen","floor":29,"turns":6},{"damage":12,"enemies":"Snecko","floor":31,"turns":5},{"damage":21,"enemies":"Champ","floor":33,"turns":7},{"damage":25,"enemies":"3 Shapes","floor":35,"turns":5},{"damage":15,"enemies":"Orb Walker","floor":38,"turns":5},{"damage":11,"floor":39,"turns":8},{"damage":67,"enemies":"Nemesis","floor":41,"turns":11},{"damage":51,"enemies":"Sphere and 2 Shapes","floor":44,"turns":5}],"seed_played":"598587859473378353","potions_obtained":[{"floor":1.0,"key":"Energy Potion"},{"floor":4.0,"key":"Swift Potion"},{"floor":16,"key":"GamblersBrew"}],"is_trial":false,"path_per_floor":["M","?","M","M","M","R","E","M","T","?","?","M","R","$","R","B",null,"M","?","M","$","M","R","?","R","T","R","M","M","R","M","R","B",null,"M","?","$","M","?","R","E","R","T"],"character_chosen":"IRONCLAD","items_purchased":["Disarm","Ice Cream","Seeing Red"],"campfire_rested":4,"item_purchase_floors":[14,14,21],"current_hp_per_floor":[75,75,79,88,88,88,60,48,48,39,36,41,41,41,69,22,81,83,52,41,41,24,57,57,57,57,57,51,44,68,70,70,65,84,73,73,73,74,79,102,49,49,49,0],"gold":157,"neow_bonus":"THREE_RARE_CARDS","is_prod":false,"is_daily":false,"chose_seed":false,"campfire_upgraded":5,"win_rate":0,"timestamp":1534808376,"path_taken":["M","?","M","M","?","R","E","M","T","?","?","M","R","$","R","BOSS","M","?","?","$","?","R","?","R","T","R","M","M","R","M","R","BOSS","M","?","$","M","?","R","E","R","T","M"],"build_version":"2018-08-16","purchased_purges":3,"victory":false,"max_hp_per_floor":[83,83,86,89,92,92,92,96,96,96,96,96,96,96,96,100,100,104,108,108,108,112,112,78,78,78,78,82,82,82,86,86,90,90,94,94,94,98,102,102,102,102,102,102],"card_choices":[{"not_picked":["Fiend Fire","Dark Embrace"],"picked":"Feed","floor":0.0},{"not_picked":["Shrug It Off","Dual Wield"],"picked":"Carnage","floor":1.0},{"not_picked":["Iron Wave","Thunderclap"],"picked":"Headbutt","floor":3.0},{"not_picked":["Corruption","Armaments"],"picked":"Metallicize","floor":4.0},{"not_picked":["Headbutt","Sever Soul"],"picked":"Carnage","floor":5.0},{"not_picked":["Clothesline","Dropkick"],"picked":"Disarm","floor":7.0},{"not_picked":["Sword Boomerang","Havoc"],"picked":"Infernal Blade","floor":8.0},{"not_picked":["Iron Wave","True Grit"],"picked":"Demon Form","floor":12},{"not_picked":["Reaper","Impervious"],"picked":"Limit Break","floor":16},{"not_picked":["Flex","Pommel Strike+1"],"picked":"Twin Strike","floor":18},{"not_picked":["Bludgeon","Infernal Blade+1"],"picked":"Anger","floor":19},{"not_picked":["Warcry","Rupture"],"picked":"Ghostly Armor","floor":20},{"not_picked":["Fire Breathing","Headbutt"],"picked":"Shrug It Off","floor":22},{"not_picked":["Pommel Strike","Sword Boomerang"],"picked":"Heavy Blade","floor":28},{"not_picked":["Rampage","Thunderclap"],"picked":"Sword Boomerang+1","floor":29},{"not_picked":["Armaments+1","Perfected Strike"],"picked":"Iron Wave","floor":31},{"not_picked":["Dark Embrace","Double Tap+1"],"picked":"Impervious+1","floor":33},{"not_picked":["Iron Wave","Dropkick"],"picked":"Shrug It Off+1","floor":35},{"not_picked":["Clash","Perfected Strike+1","Wild Strike"],"picked":"SKIP","floor":38},{"not_picked":["Fire Breathing","Entrench+1","Intimidate+1"],"picked":"SKIP","floor":41}],"player_experience":151930,"relics_obtained":[{"floor":7.0,"key":"Omamori"},{"floor":9,"key":"Old Coin"},{"floor":19,"key":"Red Mask"},{"floor":26,"key":"Toxic Egg 2"},{"floor":34,"key":"Juzu Bracelet"},{"floor":34,"key":"Paper Frog"},{"floor":34,"key":"Shovel"},{"floor":39,"key":"Turnip"},{"floor":41,"key":"Sundial"},{"floor":42,"key":"Unceasing Top"},{"floor":43,"key":"Tiny Chest"}],"event_choices":[{"event_name":"Liars Game","player_choice":"disagreed","floor":2.0,"damage_taken":0.0},{"event_name":"Wheel of Change","player_choice":"Damage","floor":10,"damage_taken":0},{"event_name":"Scrap Ooze","player_choice":"success","floor":11,"damage_taken":3},{"event_name":"Masked Bandits","player_choice":"Fought Bandits","floor":19,"damage_taken":0},{"event_name":"Vampires","player_choice":"Became a vampire","floor":24,"damage_taken":0},{"event_name":"Falling","player_choice":"Removed Power","floor":36,"damage_taken":0},{"event_name":"MindBloom","player_choice":"Fight","floor":39,"damage_taken":0}],"is_beta":false,"boss_relics":[{"not_picked":["Ectoplasm","Velvet Choker"],"picked":"Sozu"},{"not_picked":["Lizard Tail","Empty Cage"],"picked":"Calling Bell"}],"items_purged_floors":[14,21,37],"is_endless":false,"potions_floor_spawned":[1,4,16,18,20,28,29,38],"killed_by":"Sphere and 2 Shapes","ascension_level":5}