{"gold_per_floor":[366,366,22,33,51,51,83,83,139,168,168,44,44,56,56,152,152,164,190,3,3,3,3,16,47,94,94,94,105,105,122,122,122],"floor_reached":33,"playtime":1599,"items_purged":[],"score":437,"play_id":"76cbef00-4a20-4544-96b0-ca25cf1fdaf2","local_time":"20181024003840","is_ascension_mode":true,"campfire_choices":[{"data":"True Grit","floor":6,"key":"SMITH"},{"data":"Clothesline","floor":8,"key":"SMITH"},{"floor":11,"key":"REST"},{"data":"Spot Weakness","floor":13,"key":"SMITH"},{"data":"Carnage","floor":15,"key":"SMITH"},{"floor":23,"key":"REST"},{"floor":30,"key":"REST"},{"floor":32,"key":"REST"}],"neow_cost":"PERCENT_DAMAGE","seed_source_timestamp":2733804029516095,"circlet_count":0,"master_deck":["Strike_R","Strike_R","Strike_R","Defend_R+1","Defend_R","Defend_R","Defend_R","Bash","AscendersBane","Sword Boomerang","True Grit+1","Clothesline+1","Ghostly Armor","Spot Weakness+1","Carnage+1","Demon Form","Sword Boomerang","Seeing Red","Shrug It Off+1","Iron Wave","Flame Barrier","True Grit"],"relics":["Burning Blood","Potion Belt","Lee\u0027s Waffle","Centennial Puzzle","Bird Faced Urn","Tiny Chest","Oddly Smooth Stone","Mark of Pain","Red Mask","Bronze Scales","Champion Belt","War Paint","Enchiridion"],"potions_floor_usage":[7,7,16,19,22,24,25,29],"damage_taken":[{"damage":5,"enemies":"2 Louse","floor":1,"turns":4},{"damage":2,"enemies":"Jaw Worm","floor":4,"turns":4},{"damage":10,"enemies":"Small Slimes","floor":5,"turns":3},{"damage":46,"enemies":"3 Sentries","floor":7,"turns":10},{"damage":18,"enemies":"Gremlin Nob","floor":10,"turns":4},{"damage":7,"enemies":"2 Fungi Beasts","floor":14,"turns":3},{"damage":24,"enemies":"The Guardian","floor":16,"turns":14},{"damage":22,"enemies":"Shell Parasite","floor":18,"turns":7},{"damage":29,"enemies":"Masked Bandits","floor":19,"turns":4},{"damage":0,"enemies":"3 Byrds","floor":22,"turns":1},{"damage":12,"enemies":"Snecko","floor":24,"turns":3},{"damage":45,"enemies":"Slavers","floor":25,"turns":6},{"damage":12,"enemies":"Snake Plant","floor":29,"turns":2},{"damage":23,"enemies":"3 Cultists","floor":31,"turns":7},{"damage":76,"enemies":"Champ","floor":33,"turns":9}],"seed_played":"8471348549249999376","potions_obtained":[{"floor":4,"key":"Explosive Potion"},{"floor":5,"key":"SkillPotion"},{"floor":10,"key":"SmokeBomb"},{"floor":18,"key":"AttackPotion"},{"floor":19,"key":"Swift Potion"},{"floor":25,"key":"PowerPotion"}],"is_trial":false,"path_per_floor":["M","?","$","M","M","R","E","R","T","E","R","$","R","M","R","B",null,"M","?","$","?","M","R","M","E","T","?","?","M","R","M","R"],"character_chosen":"IRONCLAD","items_purchased":["Lee\u0027s Waffle","Centennial Puzzle","Regen Potion","Block Potion","Seeing Red","Bronze Scales"],"campfire_rested":4,"item_purchase_floors":[3,3,12,12,20,20],"current_hp_per_floor":[52,45,87,87,83,83,43,43,43,31,57,57,57,56,56,38,75,61,38,38,38,44,70,66,43,43,27,27,25,51,36,62,0],"gold":122,"neow_bonus":"TWO_FIFTY_GOLD","is_prod":false,"is_daily":false,"chose_seed":false,"campfire_upgraded":4,"win_rate":0,"timestamp":1540359520,"path_taken":["M","?","$","M","M","R","E","R","T","E","R","$","R","M","R","BOSS","M","?","$","?","M","R","M","E","T","?","?","M","R","?","R","BOSS"],"build_version":"2018-10-18","purchased_purges":0,"victory":false,"max_hp_per_floor":[80,80,87,87,87,87,87,87,87,87,87,87,87,87,87,87,87,87,87,87,87,87,87,87,87,87,87,87,87,87,87,87,87],"card_choices":[{"not_picked":["Body Slam","Clash"],"picked":"Sword Boomerang","floor":1},{"not_picked":["Havoc","Clothesline"],"picked":"True Grit","floor":4},{"not_picked":["Wild Strike","Dark Embrace"],"picked":"Clothesline","floor":5},{"not_picked":["Pommel Strike","Sentinel"],"picked":"Ghostly Armor","floor":7},{"not_picked":["Clash","Thunderclap"],"picked":"Spot Weakness","floor":10},{"not_picked":["Fiend Fire","Wild Strike"],"picked":"Carnage","floor":14},{"not_picked":["Fiend Fire","Feed"],"picked":"Demon Form","floor":16},{"not_picked":["Anger","Bloodletting","Searing Blow"],"picked":"SKIP","floor":18},{"not_picked":["Corruption","Heavy Blade"],"picked":"Sword Boomerang","floor":19},{"not_picked":["Thunderclap+1","Armaments"],"picked":"Shrug It Off","floor":24},{"not_picked":["Fire Breathing","Twin Strike","Sentinel"],"picked":"SKIP","floor":25},{"not_picked":["Perfected Strike","Dual Wield"],"picked":"Flame Barrier","floor":29},{"not_picked":["Thunderclap","Armaments"],"picked":"True Grit","floor":31}],"player_experience":407204,"relics_obtained":[{"floor":7,"key":"Bird Faced Urn"},{"floor":9,"key":"Tiny Chest"},{"floor":10,"key":"Oddly Smooth Stone"},{"floor":19,"key":"Red Mask"},{"floor":25,"key":"Champion Belt"},{"floor":26,"key":"War Paint"},{"floor":27,"key":"Enchiridion"}],"event_choices":[{"damage_healed":0,"gold_gain":0,"player_choice":"Success","damage_taken":7,"relics_obtained":["Potion Belt"],"max_hp_gain":0,"max_hp_loss":0,"event_name":"Scrap Ooze","floor":2,"gold_loss":0},{"damage_healed":0,"gold_gain":0,"player_choice":"Fought Bandits","damage_taken":0,"max_hp_gain":0,"max_hp_loss":0,"event_name":"Masked Bandits","floor":19,"gold_loss":0},{"cards_removed":["Strike_R"],"damage_healed":0,"gold_gain":0,"player_choice":"Purged","damage_taken":0,"max_hp_gain":0,"max_hp_loss":0,"event_name":"Purifier","floor":21,"gold_loss":0},{"damage_healed":0,"gold_gain":0,"player_choice":"Obtained Book","damage_taken":16,"max_hp_gain":0,"max_hp_loss":0,"event_name":"Cursed Tome","floor":27,"gold_loss":0},{"damage_healed":0,"gold_gain":0,"cards_transformed":["Strike_R"],"player_choice":"Transformed","damage_taken":0,"max_hp_gain":0,"max_hp_loss":0,"event_name":"Transmorgrifier","floor":28,"gold_loss":0,"cards_obtained":["Iron Wave"]}],"is_beta":false,"boss_relics":[{"not_picked":["Lizard Tail","Astrolabe"],"picked":"Mark of Pain"}],"items_purged_floors":[],"is_endless":false,"potions_floor_spawned":[4,5,10,18,19,22,25],"killed_by":"Champ","ascension_level":12}