{"gold_per_floor":[111,127,127,127,127,162,176,13,13,41,60,135,135,151,151,151],"floor_reached":16,"playtime":1038,"items_purged":["Regret"],"score":243,"play_id":"45da1801-5516-4a91-8cb5-ae0a4c023045","local_time":"20190201050119","is_ascension_mode":true,"campfire_choices":[{"data":"Footwork","floor":13,"key":"SMITH"},{"data":"Cloak And Dagger","floor":15,"key":"SMITH"}],"neow_cost":"NONE","seed_source_timestamp":1855280352588920,"circlet_count":0,"master_deck":["AscendersBane","Defend_G","Defend_G","Defend_G","Defend_G","Defend_G","Strike_G","Strike_G","Strike_G","Strike_G","Survivor","Neutralize","Footwork+1","Wraith Form v2","Backflip","Backstab","Predator","Corpse Explosion","Cloak And Dagger+1"],"relics":["Ring of the Snake","NeowsBlessing","Dodecahedron","Bottled Tornado","Oddly Smooth Stone","Pantograph"],"potions_floor_usage":[7,10],"damage_taken":[{"damage":0,"enemies":"Small Slimes","floor":1,"turns":1},{"damage":0,"enemies":"Jaw Worm","floor":2,"turns":1},{"damage":0,"enemies":"Gremlin Nob","floor":6,"turns":1},{"damage":3,"enemies":"Cultist","floor":7,"turns":5},{"damage":19,"enemies":"3 Sentries","floor":10,"turns":17},{"damage":0,"enemies":"Large Slime","floor":11,"turns":8},{"damage":0,"enemies":"Blue Slaver","floor":14,"turns":4},{"damage":73,"enemies":"Hexaghost","floor":16,"turns":14}],"seed_played":"-7954772852419679554","potions_obtained":[{"floor":2,"key":"GhostInAJar"},{"floor":6,"key":"Regen Potion"}],"is_trial":false,"path_per_floor":["M","M","?","$","?","E","M","$","T","E","M","?","R","M","R","B"],"character_chosen":"THE_SILENT","items_purchased":["Backstab"],"campfire_rested":0,"item_purchase_floors":[8],"current_hp_per_floor":[59,59,59,59,59,59,56,56,56,52,52,41,41,41,41,0],"gold":151,"neow_bonus":"THREE_ENEMY_KILL","is_prod":false,"is_daily":false,"chose_seed":false,"campfire_upgraded":2,"win_rate":0,"timestamp":1549026079,"path_taken":["M","M","?","$","?","E","M","?","T","E","?","?","R","M","R","BOSS"],"build_version":"2019-01-23","purchased_purges":1,"victory":false,"max_hp_per_floor":[66,66,66,66,66,66,66,66,66,66,66,66,66,66,66,66],"card_choices":[{"not_picked":["Quick Slash","Outmaneuver","Underhanded Strike"],"picked":"SKIP","floor":1},{"not_picked":["Cloak And Dagger","PiercingWail"],"picked":"Footwork","floor":2},{"not_picked":["Underhanded Strike","Deadly Poison"],"picked":"Backflip","floor":6},{"not_picked":["Poisoned Stab","Bane","Reflex"],"picked":"SKIP","floor":7},{"not_picked":["Underhanded Strike","Outmaneuver"],"picked":"Predator","floor":10},{"not_picked":["Tactician","Flechettes"],"picked":"Corpse Explosion","floor":11},{"not_picked":["Underhanded Strike","Deflect"],"picked":"Cloak And Dagger","floor":14}],"player_experience":569953,"relics_obtained":[{"floor":6,"key":"Bottled Tornado"},{"floor":9,"key":"Oddly Smooth Stone"},{"floor":10,"key":"Pantograph"}],"event_choices":[{"damage_healed":0,"gold_gain":0,"cards_transformed":["Strike_G"],"player_choice":"Change","damage_taken":0,"max_hp_gain":0,"max_hp_loss":0,"event_name":"Living Wall","floor":3,"gold_loss":0,"cards_obtained":["Wraith Form v2"]},{"damage_healed":0,"gold_gain":0,"player_choice":"Box","damage_taken":0,"relics_obtained":["Dodecahedron"],"max_hp_gain":0,"max_hp_loss":0,"event_name":"Big Fish","floor":5,"gold_loss":0,"cards_obtained":["Regret"]},{"damage_healed":0,"gold_gain":75,"player_choice":"Gather Gold","damage_taken":11,"max_hp_gain":0,"max_hp_loss":0,"event_name":"World of Goop","floor":12,"gold_loss":0}],"is_beta":false,"boss_relics":[],"items_purged_floors":[8],"is_endless":false,"potions_floor_spawned":[2,6],"killed_by":"Hexaghost","ascension_level":16}