{"gold_per_floor":[111,111,36,36,47,47,80,99,99,118,129,163,179,179,179,258,258,272,290,215,265,3,16,32,32,78,78,110,123,38,58,58,135,135,154,167,167,67,81,81,101,101,101,127,138,164,4,19,19,19,19,19,19,19,52,52],"floor_reached":57,"playtime":3943,"items_purged":["Strike_G","Strike_G"],"score":2767,"play_id":"ca861424-dc5c-428f-9cca-586d1b51909d","local_time":"20190205000446","is_ascension_mode":true,"campfire_choices":[{"data":"Footwork","floor":6.0,"key":"SMITH"},{"data":"A Thousand Cuts","floor":15.0,"key":"SMITH"},{"floor":25.0,"key":"REST"},{"data":"After Image","floor":27.0,"key":"SMITH"},{"floor":32.0,"key":"REST"},{"data":"Well Laid Plans","floor":40.0,"key":"SMITH"},{"data":"Neutralize","floor":42.0,"key":"SMITH"},{"floor":49.0,"key":"RECALL"},{"data":"Defend_G","floor":53.0,"key":"SMITH"}],"neow_cost":"NONE","seed_source_timestamp":2140814240015389,"circlet_count":0,"master_deck":["AscendersBane","Defend_G+1","Defend_G","Defend_G","Defend_G","Defend_G","Strike_G","Survivor","Neutralize+1","Footwork+1","Well Laid Plans+1","Quick Slash","Dagger Spray","Deadly Poison+1","Poisoned Stab","A Thousand Cuts+1","After Image+1","Footwork+1","Cloak And Dagger+1","Bane+1","Acrobatics+1","Deflect+1","Backflip+1","Adrenaline+1","Cloak And Dagger+1","Deflect+1","Backflip+1","Backflip+1","Noxious Fumes+1","Dodge and Roll+1","Malaise+1","Night Terror+1","Backflip+1"],"special_seed":0,"relics":["Ring of the Snake","NeowsBlessing","Toxic Egg 2","Lantern","Oddly Smooth Stone","Philosopher\u0027s Stone","Frozen Egg 2","Vajra","Bag of Marbles","Omamori","Sozu","FaceOfCleric","Bottled Flame","Meat on the Bone","Blood Vial"],"potions_floor_usage":[56],"damage_taken":[{"damage":0.0,"enemies":"Cultist","floor":1.0,"turns":1.0},{"damage":0.0,"enemies":"Small Slimes","floor":5.0,"turns":1.0},{"damage":0.0,"enemies":"Gremlin Nob","floor":7.0,"turns":1.0},{"damage":1.0,"enemies":"Jaw Worm","floor":8.0,"turns":5.0},{"damage":3.0,"enemies":"Large Slime","floor":10.0,"turns":10.0},{"damage":0.0,"enemies":"3 Louse","floor":11.0,"turns":3.0},{"damage":5.0,"enemies":"3 Sentries","floor":12.0,"turns":12.0},{"damage":0.0,"enemies":"Red Slaver","floor":13.0,"turns":4.0},{"damage":26.0,"enemies":"Slime Boss","floor":16.0,"turns":10.0},{"damage":6.0,"enemies":"2 Thieves","floor":18.0,"turns":4.0},{"damage":0.0,"enemies":"Chosen","floor":19.0,"turns":6.0},{"damage":11.0,"enemies":"Snecko","floor":23.0,"turns":8.0},{"damage":0.0,"enemies":"Centurion and Healer","floor":24.0,"turns":6.0},{"damage":0.0,"enemies":"Gremlin Leader","floor":28.0,"turns":7.0},{"damage":0.0,"enemies":"Chosen and Byrds","floor":29.0,"turns":4.0},{"damage":40.0,"enemies":"Cultist and Chosen","floor":31.0,"turns":7.0},{"damage":1.0,"enemies":"Automaton","floor":33.0,"turns":11.0},{"damage":0.0,"enemies":"3 Darklings","floor":35.0,"turns":4.0},{"damage":0.0,"enemies":"Orb Walker","floor":36.0,"turns":3.0},{"damage":0.0,"enemies":"Transient","floor":39.0,"turns":6.0},{"damage":11.0,"enemies":"Jaw Worm Horde","floor":41.0,"turns":4.0},{"damage":4.0,"enemies":"Reptomancer","floor":44.0,"turns":5.0},{"damage":8.0,"enemies":"Writhing Mass","floor":45.0,"turns":6.0},{"damage":0.0,"enemies":"Nemesis","floor":46.0,"turns":7.0},{"damage":0.0,"enemies":"4 Shapes","floor":48.0,"turns":5.0},{"damage":34.0,"enemies":"Time Eater","floor":50.0,"turns":16.0},{"damage":12.0,"enemies":"Donu and Deca","floor":51.0,"turns":10.0},{"damage":47.0,"enemies":"Shield and Spear","floor":55.0,"turns":10.0},{"damage":26,"enemies":"The Heart","floor":56,"turns":14}],"seed_played":"-6372765628934316155","potions_obtained":[{"floor":1.0,"key":"Ancient Potion"},{"floor":5.0,"key":"EssenceOfSteel"},{"floor":13.0,"key":"Poison Potion"},{"floor":18.0,"key":"PowerPotion"},{"floor":31.0,"key":"SkillPotion"},{"floor":33.0,"key":"LiquidBronze"}],"is_trial":false,"path_per_floor":["M","?","?","$","M","R","E","M","T","M","M","E","M","?","R","B",null,"M","M","$","?","$","M","M","R","T","R","E","M","?","M","R","B",null,"M","M","?","$","M","R","M","R","T","E","M","E","$","M","R","B","B",null,"R","$","E","B",null],"character_chosen":"THE_SILENT","items_purchased":["Frozen Egg 2","Malaise+1"],"campfire_rested":2,"item_purchase_floors":[22,47],"current_hp_per_floor":[59,52,52,52,52,52,52,51,51,48,48,43,43,43,43,17,54,48,48,48,48,48,37,37,56,56,56,56,56,56,16,35,34,58,58,58,58,58,59,59,49,49,49,46,39,40,40,41,41,20,21,61,61,61,27,16],"gold":52,"neow_bonus":"THREE_ENEMY_KILL","is_prod":false,"is_daily":false,"chose_seed":false,"campfire_upgraded":6,"win_rate":0,"timestamp":1549321486,"path_taken":["M","?","?","?","M","R","E","M","T","M","M","E","M","?","R","BOSS","M","M","$","?","$","M","M","R","T","R","E","?","?","M","R","BOSS","M","M","?","$","?","R","M","R","T","E","M","E","$","M","R","BOSS","BOSS","R","$","E","BOSS"],"build_version":"2019-01-23","purchased_purges":2,"victory":true,"max_hp_per_floor":[66,66,66,66,66,66,66,66,66,66,66,66,66,66,66,66,66,66,66,66,66,66,66,66,66,66,66,66,66,66,66,66,66,66,66,66,66,66,67,67,68,68,68,69,70,71,71,72,72,73,74,74,74,74,75,76],"card_choices":[{"not_picked":["Calculated Gamble","Quick Slash"],"picked":"Footwork","floor":1.0},{"not_picked":["Blade Dance","Backflip"],"picked":"Well Laid Plans","floor":5.0},{"not_picked":["Masterful Stab","Reflex"],"picked":"Quick Slash","floor":7.0},{"not_picked":["Dagger Throw","Well Laid Plans"],"picked":"Dagger Spray","floor":8.0},{"not_picked":["Deflect+1","Flechettes","All Out Attack"],"picked":"SKIP","floor":10.0},{"not_picked":["Slice","Sucker Punch"],"picked":"Deadly Poison+1","floor":11.0},{"not_picked":["Distraction+1","PiercingWail+1"],"picked":"Poisoned Stab","floor":12.0},{"not_picked":["Sucker Punch","Bane"],"picked":"A Thousand Cuts","floor":13.0},{"not_picked":["Bullet Time+1","Unload"],"picked":"After Image","floor":16.0},{"not_picked":["Deflect+1","Bane"],"picked":"Footwork+1","floor":18.0},{"not_picked":["Skewer","Well Laid Plans"],"picked":"Cloak And Dagger+1","floor":19.0},{"not_picked":["Backstab","Masterful Stab"],"picked":"Bane+1","floor":23.0},{"not_picked":["Dash","Reflex+1","Flying Knee"],"picked":"SKIP","floor":24.0},{"not_picked":["Prepared+1","Bane"],"picked":"Acrobatics+1","floor":28.0},{"not_picked":["Acrobatics+1","Doppelganger+1"],"picked":"Deflect+1","floor":29.0},{"not_picked":["Cloak And Dagger+1","Poisoned Stab"],"picked":"Backflip+1","floor":31.0},{"not_picked":["Venomology+1","A Thousand Cuts+1"],"picked":"Adrenaline+1","floor":33.0},{"not_picked":["PiercingWail+1","Finisher"],"picked":"Cloak And Dagger+1","floor":35.0},{"not_picked":["Blade Dance+1","Setup+1"],"picked":"Deflect+1","floor":36.0},{"not_picked":["Calculated Gamble+1","Sucker Punch"],"picked":"Backflip+1","floor":39.0},{"not_picked":["Calculated Gamble+1","Blade Dance+1"],"picked":"Backflip+1","floor":41.0},{"not_picked":["Escape Plan+1","Finisher+1"],"picked":"Noxious Fumes+1","floor":44.0},{"not_picked":["Dagger Spray+1","Prepared+1"],"picked":"Dodge and Roll+1","floor":45.0},{"not_picked":["Outmaneuver+1","Dagger Spray","Flying Knee"],"picked":"SKIP","floor":46.0},{"not_picked":["Outmaneuver+1","Dagger Spray","Flying Knee"],"picked":"SKIP","floor":46.0},{"not_picked":["Backflip+1","Reflex+1"],"picked":"Night Terror+1","floor":48.0},{"not_picked":["Outmaneuver+1","Accuracy+1"],"picked":"Backflip+1","floor":55.0}],"player_experience":2888127,"relics_obtained":[{"floor":7.0,"key":"Toxic Egg 2"},{"floor":9.0,"key":"Lantern"},{"floor":12.0,"key":"Oddly Smooth Stone"},{"floor":26.0,"key":"Vajra"},{"floor":28.0,"key":"Bag of Marbles"},{"floor":44.0,"key":"Bottled Flame"},{"floor":46.0,"key":"Meat on the Bone"},{"floor":55.0,"key":"Blood Vial"}],"event_choices":[{"cards_removed":["Strike_G"],"damage_healed":0.0,"max_hp_gain":0.0,"max_hp_loss":0.0,"gold_gain":0.0,"event_name":"Golden Wing","player_choice":"Card Removal","floor":2.0,"gold_loss":0.0,"damage_taken":7.0},{"cards_removed":["Strike_G"],"damage_healed":0.0,"max_hp_gain":0.0,"max_hp_loss":0.0,"gold_gain":0.0,"event_name":"The Cleric","player_choice":"Card Removal","floor":3.0,"gold_loss":75.0,"damage_taken":0.0},{"damage_healed":0.0,"max_hp_gain":0.0,"max_hp_loss":0.0,"gold_gain":0.0,"event_name":"Shining Light","player_choice":"Ignored","floor":14.0,"gold_loss":0.0,"damage_taken":0.0},{"damage_healed":0.0,"max_hp_gain":0.0,"max_hp_loss":0.0,"gold_gain":100.0,"event_name":"The Joust","player_choice":"Bet on Murderer","floor":21.0,"gold_loss":50.0,"damage_taken":0.0},{"damage_healed":0.0,"max_hp_gain":0.0,"max_hp_loss":0.0,"gold_gain":0.0,"event_name":"Addict","player_choice":"Obtained Relic","floor":30.0,"gold_loss":85.0,"damage_taken":0.0,"relics_obtained":["Omamori"]},{"damage_healed":0.0,"max_hp_gain":0.0,"max_hp_loss":0.0,"gold_gain":0.0,"event_name":"FaceTrader","player_choice":"Trade","floor":37.0,"gold_loss":0.0,"damage_taken":0.0,"relics_obtained":["FaceOfCleric"]}],"is_beta":true,"boss_relics":[{"not_picked":["Orrery","White Beast Statue"],"picked":"Philosopher\u0027s Stone"},{"not_picked":["Pandora\u0027s Box","Eternal Feather"],"picked":"Sozu"}],"items_purged_floors":[20,38],"is_endless":false,"potions_floor_spawned":[1,5,13,18,24,31,33,39,44,55],"ascension_level":20}