{"gold_per_floor":[112,132,132,146,19,45,45,64,64,94,94,94,108,119,119,190,190,206,206,224,66,116,130,147,147,147,147],"floor_reached":27,"playtime":704,"items_purged":["Strike_R"],"score":416,"play_id":"f7604a1e-93f9-4642-bcac-0d9855838872","local_time":"20190110232032","is_ascension_mode":true,"campfire_choices":[{"data":"Whirlwind","floor":7,"key":"SMITH"},{"floor":12,"key":"REST"},{"floor":15,"key":"REST"},{"floor":25,"key":"REST"}],"neow_cost":"NONE","seed_source_timestamp":16713121652052,"circlet_count":0,"master_deck":["AscendersBane","Strike_R","Strike_R","Strike_R","Strike_R","Defend_R","Defend_R","Defend_R","Defend_R","Bash","True Grit","Clothesline","Disarm","Shrug It Off","Whirlwind+1","Spot Weakness","Shrug It Off","Disarm","Thunderclap","Shrug It Off"],"relics":["Burning Blood","NeowsBlessing","Letter Opener","Red Skull","Mummified Hand","Dream Catcher","Runic Dome","Nilry\u0027s Codex","Vajra","Frozen Egg 2"],"potions_floor_usage":[10,24],"damage_taken":[{"damage":0,"enemies":"Small Slimes","floor":1,"turns":1},{"damage":0,"enemies":"Cultist","floor":2,"turns":1},{"damage":0,"enemies":"Jaw Worm","floor":4,"turns":1},{"damage":35,"enemies":"Lagavulin","floor":6,"turns":12},{"damage":23,"enemies":"Exordium Thugs","floor":8,"turns":4},{"damage":28,"enemies":"Gremlin Nob","floor":10,"turns":5},{"damage":13,"enemies":"3 Louse","floor":13,"turns":4},{"damage":12,"enemies":"Lots of Slimes","floor":14,"turns":3},{"damage":30,"enemies":"Hexaghost","floor":16,"turns":12},{"damage":11,"enemies":"Chosen","floor":18,"turns":6},{"damage":12,"enemies":"2 Thieves","floor":20,"turns":3},{"damage":18,"enemies":"Chosen and Byrds","floor":23,"turns":5},{"damage":6,"enemies":"Centurion and Healer","floor":24,"turns":5},{"damage":46,"enemies":"Cultist and Chosen","floor":27,"turns":5}],"seed_played":"-8863603380688130512","potions_obtained":[{"floor":2,"key":"Explosive Potion"},{"floor":8,"key":"Strength Potion"},{"floor":10,"key":"Ancient Potion"},{"floor":11,"key":"LiquidBronze"},{"floor":23,"key":"BloodPotion"}],"is_trial":false,"path_per_floor":["M","M","?","M","$","E","R","M","T","E","?","R","M","M","R","B",null,"M","?","M","$","?","M","M","R","T","M"],"character_chosen":"IRONCLAD","items_purchased":["Shrug It Off","Vajra"],"campfire_rested":3,"item_purchase_floors":[5,21],"current_hp_per_floor":[74,75,75,75,75,46,46,29,29,7,7,29,22,16,38,14,60,55,34,28,28,28,16,23,45,45,0],"gold":147,"neow_bonus":"THREE_ENEMY_KILL","is_prod":false,"is_daily":false,"chose_seed":false,"campfire_upgraded":1,"win_rate":0,"timestamp":1547162432,"path_taken":["M","M","?","M","$","E","R","?","T","E","?","R","M","M","R","BOSS","M","?","M","$","?","M","?","R","T","M"],"build_version":"2019-01-03v4","purchased_purges":1,"victory":false,"max_hp_per_floor":[75,75,75,75,75,75,75,75,75,75,75,75,75,75,75,75,75,75,75,75,75,75,75,75,75,75,75],"card_choices":[{"not_picked":["Bloodletting","Warcry"],"picked":"True Grit","floor":1},{"not_picked":["Headbutt","True Grit"],"picked":"Clothesline","floor":2},{"not_picked":["Hemokinesis","Body Slam"],"picked":"Disarm","floor":4},{"not_picked":["Sword Boomerang","Rampage"],"picked":"Whirlwind","floor":6},{"not_picked":["Immolate","Flex"],"picked":"Spot Weakness","floor":8},{"not_picked":["True Grit","Sentinel"],"picked":"Shrug It Off","floor":10},{"not_picked":["Heavy Blade","Sword Boomerang"],"picked":"Disarm","floor":12},{"not_picked":["Power Through","Warcry","Twin Strike"],"picked":"SKIP","floor":13},{"not_picked":["Cleave","Uppercut","Clash"],"picked":"SKIP","floor":14},{"not_picked":["Headbutt","Reckless Charge"],"picked":"Thunderclap","floor":18},{"not_picked":["Clothesline","Hemokinesis"],"picked":"Shrug It Off","floor":20},{"not_picked":["Anger","Clothesline","Entrench+1"],"picked":"SKIP","floor":23},{"not_picked":["Anger","Iron Wave","Armaments"],"picked":"SKIP","floor":24}],"player_experience":363665,"relics_obtained":[{"floor":6,"key":"Red Skull"},{"floor":9,"key":"Mummified Hand"},{"floor":10,"key":"Dream Catcher"},{"floor":19,"key":"Nilry\u0027s Codex"},{"floor":26,"key":"Frozen Egg 2"}],"event_choices":[{"damage_healed":0,"gold_gain":0,"player_choice":"Gave Potion","damage_taken":0,"relics_obtained":["Letter Opener"],"max_hp_gain":0,"max_hp_loss":0,"event_name":"WeMeetAgain","floor":3,"gold_loss":0},{"damage_healed":0,"gold_gain":0,"player_choice":"Got Potions","damage_taken":0,"max_hp_gain":0,"max_hp_loss":0,"event_name":"Lab","floor":11,"gold_loss":0},{"damage_healed":0,"gold_gain":0,"player_choice":"Obtained Book","damage_taken":21,"max_hp_gain":0,"max_hp_loss":0,"event_name":"Cursed Tome","floor":19,"gold_loss":0},{"damage_healed":0,"gold_gain":100,"player_choice":"Bet on Murderer","damage_taken":0,"max_hp_gain":0,"max_hp_loss":0,"event_name":"The Joust","floor":22,"gold_loss":50}],"is_beta":false,"boss_relics":[{"not_picked":["Empty Cage","White Beast Statue"],"picked":"Runic Dome"}],"items_purged_floors":[5],"is_endless":false,"potions_floor_spawned":[2,8,10,13,23],"killed_by":"Cultist and Chosen","ascension_level":17}