{"gold_per_floor":[116,127,143,163,60,60,94,94,94,112,37,37,49,62,62,165,165,179,192,92,102,102,102,131,131,155,155,172,172,204,223,223,323,323,333,349,349,361,10,10],"floor_reached":40,"playtime":2545,"items_purged":["Strike_B","Strike_B"],"score":541,"play_id":"e78de27e-a558-46c2-bd64-3497193c7446","local_time":"20180910000312","is_ascension_mode":true,"campfire_choices":[{"data":"Defragment","floor":6,"key":"SMITH"},{"data":"Dualcast","floor":8,"key":"SMITH"},{"data":"Beam Cell","floor":12,"key":"SMITH"},{"data":"Redo","floor":15,"key":"SMITH"},{"data":"Multi-Cast","floor":23,"key":"SMITH"},{"floor":25,"key":"REST"},{"data":"Darkness","floor":27,"key":"SMITH"},{"floor":32,"key":"REST"}],"neow_cost":"NONE","seed_source_timestamp":951840861038223,"circlet_count":0,"master_deck":["Strike_B","Strike_B","Defend_B","Defend_B","Defend_B","Defend_B","Zap","Dualcast+1","Cold Snap","Cold Snap","Cold Snap","Beam Cell+1","Defragment+1","Melter","Leap","Glacier","Darkness+1","Redo+1","Multi-Cast+1","Genetic Algorithm+1","Coolheaded+1","White Noise","Chill+1","Cold Snap+1","Glacier","Multi-Cast","Electrodynamics","Ball Lightning+1","Core Surge+1","Ball Lightning+1"],"relics":["Sozu","Question Card","Molten Egg 2","Runic Dome","Bronze Scales","Pen Nib","Omamori","Cursed Key","StoneCalendar"],"potions_floor_usage":[],"damage_taken":[{"damage":0,"enemies":"Cultist","floor":1,"turns":3},{"damage":3,"enemies":"Small Slimes","floor":2,"turns":4},{"damage":0,"enemies":"Jaw Worm","floor":3,"turns":3},{"damage":14,"enemies":"Exordium Wildlife","floor":4,"turns":5},{"damage":18,"enemies":"Gremlin Nob","floor":7,"turns":5},{"damage":3,"enemies":"2 Fungi Beasts","floor":10,"turns":3},{"damage":11,"enemies":"Lots of Slimes","floor":13,"turns":4},{"damage":2,"enemies":"Large Slime","floor":14,"turns":3},{"damage":19,"enemies":"Hexaghost","floor":16,"turns":15},{"damage":0,"enemies":"Spheric Guardian","floor":18,"turns":3},{"damage":4,"enemies":"Shell Parasite","floor":19,"turns":4},{"damage":12,"enemies":"Centurion and Healer","floor":21,"turns":11},{"damage":19,"enemies":"Slavers","floor":24,"turns":12},{"damage":2,"enemies":"Snecko","floor":28,"turns":4},{"damage":7,"enemies":"Book of Stabbing","floor":30,"turns":6},{"damage":5,"enemies":"Snake Plant","floor":31,"turns":4},{"damage":67,"enemies":"Collector","floor":33,"turns":15},{"damage":24,"enemies":"3 Darklings","floor":35,"turns":4},{"damage":5,"enemies":"Orb Walker","floor":36,"turns":5},{"damage":0,"enemies":"Sphere and 2 Shapes","floor":38,"turns":3},{"damage":77,"enemies":"Giant Head","floor":40,"turns":7}],"seed_played":"1298115653013162553","potions_obtained":[],"is_trial":false,"path_per_floor":["M","M","M","M","$","R","E","R","T","M","$","R","M","M","R","B",null,"M","M","$","M","?","R","E","R","T","R","M","$","E","M","R","B",null,"M","M","?","M","$"],"character_chosen":"DEFECT","items_purchased":["Defragment","Melter","StoneCalendar","Ball Lightning+1"],"campfire_rested":2,"item_purchase_floors":[5,5,39,39],"current_hp_per_floor":[75,72,72,58,58,58,40,40,40,37,37,37,26,24,24,5,75,75,71,71,59,59,59,40,62,62,62,60,60,53,48,70,3,75,51,46,46,46,46,0],"gold":10,"neow_bonus":"BOSS_RELIC","is_prod":false,"is_daily":false,"chose_seed":false,"campfire_upgraded":6,"win_rate":0,"timestamp":1536555792,"path_taken":["M","M","?","M","?","R","E","R","T","M","$","R","?","M","R","BOSS","M","M","$","M","?","R","E","R","T","R","M","$","E","M","R","BOSS","M","M","?","M","$","E"],"build_version":"2018-09-06","purchased_purges":2,"victory":false,"max_hp_per_floor":[75,75,75,75,75,75,75,75,75,75,75,75,75,75,75,75,75,75,75,75,75,75,75,75,75,75,75,75,75,75,75,75,75,75,75,75,71,71,71,71],"card_choices":[{"not_picked":["Ball Lightning","Redo"],"picked":"Cold Snap","floor":1},{"not_picked":["Beam Cell","Barrage"],"picked":"Cold Snap","floor":2},{"not_picked":["Steam","Go for the Eyes"],"picked":"Cold Snap","floor":3},{"not_picked":["Storm","Sweeping Beam"],"picked":"Beam Cell","floor":4},{"not_picked":["Stack","Meteor Strike"],"picked":"Leap","floor":7},{"not_picked":["Sweeping Beam+1","Beam Cell+1","Hello World"],"picked":"Glacier","floor":10},{"not_picked":["Stack","Streamline+1","Gash+1"],"picked":"Darkness","floor":13},{"not_picked":["Coolheaded","Sweeping Beam+1","Hologram"],"picked":"Redo","floor":14},{"not_picked":["Thunder Strike+1","Reboot","Amplify"],"picked":"Multi-Cast","floor":16},{"not_picked":["Go for the Eyes+1","Redo+1","Ball Lightning+1"],"picked":"Genetic Algorithm+1","floor":18},{"not_picked":["Storm","Rebound+1","Consume"],"picked":"Coolheaded+1","floor":19},{"not_picked":["Compile Driver+1","FTL+1","Sweeping Beam+1"],"picked":"White Noise","floor":21},{"not_picked":["Melter+1","Hologram","Amplify"],"picked":"Chill+1","floor":24},{"not_picked":["Steam Power","Leap","Steam+1"],"picked":"Cold Snap+1","floor":28},{"not_picked":["Compile Driver+1","Scrape+1","Melter+1"],"picked":"Glacier","floor":30},{"not_picked":["Streamline+1","Gash+1","Beam Cell+1"],"picked":"Multi-Cast","floor":31},{"not_picked":["Biased Cognition","Multi-Cast","Meteor Strike+1"],"picked":"Electrodynamics","floor":33},{"not_picked":["Cold Snap+1","Chill","Melter+1"],"picked":"Ball Lightning+1","floor":35},{"not_picked":["Beam Cell+1","Turbo","Stack+1","Leap+1"],"picked":"SKIP","floor":36},{"not_picked":["Scrape+1","Consume+1","Beam Cell+1"],"picked":"Core Surge+1","floor":38}],"player_experience":293466,"relics_obtained":[{"floor":7,"key":"Question Card"},{"floor":9,"key":"Molten Egg 2"},{"floor":24,"key":"Bronze Scales"},{"floor":26,"key":"Pen Nib"},{"floor":30,"key":"Omamori"}],"event_choices":[{"event_name":"The Mausoleum","player_choice":"No","floor":22,"damage_taken":0},{"event_name":"Winding Halls","player_choice":"Max HP","floor":37,"damage_taken":0}],"is_beta":false,"boss_relics":[{"not_picked":["Runic Pyramid","Philosopher\u0027s Stone"],"picked":"Runic Dome"},{"not_picked":["Calling Bell","Tiny House"],"picked":"Cursed Key"}],"items_purged_floors":[11,20],"is_endless":false,"potions_floor_spawned":[7,10,14,16,19,28,33,35],"killed_by":"Giant Head","ascension_level":4}