{"gold_per_floor":[109,284,14,14,34,69,82,98,98,132,151,165,178,209,209,314,314,332,332,30,43,43,43,70,84,161,173,173,203,203,231,231,328,328,346,356,54,64,77,104,104,130,154,154,179,212,212,242,242,242],"floor_reached":51,"playtime":2504,"items_purged":["Doubt"],"score":1503,"play_id":"d4685aac-b114-4544-b2c2-c8ad05420a42","local_time":"20190202142946","is_ascension_mode":true,"campfire_choices":[{"data":"Uppercut","floor":15,"key":"SMITH"},{"data":"Armaments","floor":23,"key":"SMITH"},{"data":"True Grit","floor":28,"key":"SMITH"},{"data":"Whirlwind","floor":30,"key":"SMITH"},{"floor":32,"key":"REST"},{"data":"Heavy Blade","floor":41,"key":"SMITH"},{"data":"Immolate","floor":44,"key":"SMITH"},{"data":"Bludgeon","floor":49,"key":"SMITH"}],"neow_cost":"NONE","seed_source_timestamp":135764884669357,"circlet_count":0,"master_deck":["Strike_R","Strike_R","Strike_R","Strike_R","Strike_R","Defend_R","Defend_R","Defend_R","Defend_R","Bash","Whirlwind+1","Shockwave","Armaments+1","Ghostly Armor","Headbutt","Pommel Strike","Heavy Blade+1","Uppercut+1","Bludgeon+1","True Grit+1","Immolate+1","Clothesline+1","Bludgeon","Armaments+1"],"relics":["Burning Blood","Brimstone","Meat on the Bone","Singing Bowl","Self Forming Clay","WingedGreaves","Snecko Eye","Gambling Chip","MutagenicStrength","Dodecahedron","Paper Frog","Dream Catcher","Red Skull","Sozu","PreservedInsect","Pen Nib","Frozen Egg 2","Molten Egg 2","Boot","Turnip","Thread and Needle"],"potions_floor_usage":[8,10,10,10,14,16,24,33],"damage_taken":[{"damage":4,"enemies":"Small Slimes","floor":1,"turns":5},{"damage":3,"enemies":"Cultist","floor":5,"turns":3},{"damage":37,"enemies":"3 Sentries","floor":6,"turns":5},{"damage":13,"enemies":"2 Louse","floor":7,"turns":2},{"damage":10,"enemies":"Exordium Wildlife","floor":8,"turns":4},{"damage":19,"enemies":"Lagavulin","floor":10,"turns":6},{"damage":0,"enemies":"Gremlin Gang","floor":11,"turns":3},{"damage":8,"enemies":"Looter","floor":12,"turns":3},{"damage":14,"enemies":"Large Slime","floor":13,"turns":4},{"damage":5,"enemies":"3 Sentries","floor":14,"turns":4},{"damage":57,"enemies":"The Guardian","floor":16,"turns":9},{"damage":19,"enemies":"2 Thieves","floor":18,"turns":2},{"damage":9,"enemies":"Chosen","floor":21,"turns":2},{"damage":1,"enemies":"Book of Stabbing","floor":24,"turns":2},{"damage":0,"enemies":"Shelled Parasite and Fungi","floor":25,"turns":2},{"damage":0,"enemies":"Sentry and Sphere","floor":27,"turns":3},{"damage":0,"enemies":"Gremlin Leader","floor":29,"turns":2},{"damage":3,"enemies":"Book of Stabbing","floor":31,"turns":2},{"damage":35,"enemies":"Automaton","floor":33,"turns":5},{"damage":12,"enemies":"Orb Walker","floor":35,"turns":2},{"damage":5,"enemies":"3 Shapes","floor":36,"turns":3},{"damage":0,"enemies":"Sphere and 2 Shapes","floor":38,"turns":1},{"damage":0,"enemies":"Maw","floor":39,"turns":3},{"damage":4,"enemies":"Giant Head","floor":40,"turns":5},{"damage":13,"enemies":"Nemesis","floor":42,"turns":3},{"damage":0,"enemies":"Reptomancer","floor":45,"turns":2},{"damage":0,"enemies":"Giant Head","floor":46,"turns":3},{"damage":0,"enemies":"Nemesis","floor":48,"turns":1},{"damage":63,"enemies":"Donu and Deca","floor":50,"turns":5}],"seed_played":"-790253479838017470","potions_obtained":[{"floor":6,"key":"Poison Potion"},{"floor":8,"key":"EntropicBrew"},{"floor":10,"key":"GamblersBrew"},{"floor":12,"key":"PowerPotion"},{"floor":14,"key":"FearPotion"},{"floor":16,"key":"Dexterity Potion"},{"floor":18,"key":"Block Potion"},{"floor":25,"key":"LiquidBronze"}],"is_trial":false,"path_per_floor":["M","?","$","?","M","E","M","M","T","E","M","M","M","E","R","B",null,"M","?","$","M","?","R","E","M","T","M","R","E","R","E","R","B",null,"M","M","$","M","M","E","R","E","T","R","E","E","?","E","R","B",null],"character_chosen":"IRONCLAD","items_purchased":["Brimstone","Gambling Chip","PreservedInsect","Pen Nib"],"campfire_rested":1,"item_purchase_floors":[3,20,37,37],"current_hp_per_floor":[74,74,74,74,77,46,51,47,47,46,52,52,58,59,59,20,68,57,57,57,54,54,54,61,69,69,77,77,85,85,88,94,65,87,83,86,86,94,102,104,104,99,99,99,105,108,108,110,110,65],"gold":242,"neow_bonus":"THREE_CARDS","is_prod":false,"is_daily":false,"chose_seed":false,"campfire_upgraded":7,"win_rate":0,"timestamp":1549135786,"path_taken":["M","?","$","?","M","E","M","M","T","E","M","M","M","E","R","BOSS","M","?","$","?","?","R","E","M","T","M","R","E","R","E","R","BOSS","M","M","$","M","M","E","R","E","T","R","E","E","?","E","R","BOSS"],"build_version":"2019-01-23","purchased_purges":1,"victory":true,"max_hp_per_floor":[80,80,80,80,80,80,80,80,80,80,80,82,84,84,84,84,84,86,86,86,86,86,86,88,90,90,92,92,94,94,94,94,94,94,96,98,98,100,102,104,104,106,106,106,106,108,108,110,110,110],"card_choices":[{"not_picked":["Twin Strike","Body Slam"],"picked":"Whirlwind","floor":0},{"not_picked":["Pommel Strike","Wild Strike"],"picked":"Shockwave","floor":1},{"not_picked":["Cleave","Havoc"],"picked":"Armaments","floor":5},{"not_picked":["Searing Blow","Thunderclap","Combust"],"picked":"SKIP","floor":6},{"not_picked":["Blood for Blood","Body Slam"],"picked":"Ghostly Armor","floor":7},{"not_picked":["Berserk","Searing Blow"],"picked":"Headbutt","floor":8},{"not_picked":["Sentinel","Armaments"],"picked":"Pommel Strike","floor":10},{"not_picked":["Metallicize","Sentinel"],"picked":"Heavy Blade","floor":11},{"not_picked":["Rage","Burning Pact","Feel No Pain"],"picked":"Singing Bowl","floor":12},{"not_picked":["Thunderclap","Seeing Red","Rage"],"picked":"Singing Bowl","floor":13},{"not_picked":["Havoc","Flex"],"picked":"Uppercut","floor":14},{"not_picked":["Fiend Fire","Dark Embrace"],"picked":"Bludgeon","floor":16},{"not_picked":["Sword Boomerang","Thunderclap","Headbutt"],"picked":"Singing Bowl","floor":18},{"not_picked":["Wild Strike","Entrench"],"picked":"True Grit","floor":21},{"not_picked":["Entrench","Offering","Rupture"],"picked":"Singing Bowl","floor":24},{"not_picked":["Iron Wave+1","Blood for Blood","Heavy Blade"],"picked":"Singing Bowl","floor":25},{"not_picked":["Feel No Pain","Sever Soul","Shrug It Off"],"picked":"Singing Bowl","floor":27},{"not_picked":["Inflame","Anger+1","Sentinel"],"picked":"Singing Bowl","floor":29},{"not_picked":["Metallicize","True Grit"],"picked":"Immolate","floor":31},{"not_picked":["Shrug It Off","Infernal Blade"],"picked":"Clothesline+1","floor":32},{"not_picked":["Offering","Brutality"],"picked":"Bludgeon","floor":33},{"not_picked":["Rampage+1","Infernal Blade","Thunderclap"],"picked":"Singing Bowl","floor":35},{"not_picked":["Havoc+1","Sword Boomerang+1","Combust+1"],"picked":"Singing Bowl","floor":36},{"not_picked":["Dual Wield+1","Flex","Wild Strike"],"picked":"Singing Bowl","floor":38},{"not_picked":["Sword Boomerang","Body Slam+1","Shrug It Off+1"],"picked":"Singing Bowl","floor":39},{"not_picked":["Impervious","Rage+1","Feel No Pain"],"picked":"Singing Bowl","floor":40},{"not_picked":["Clothesline+1","Headbutt","Blood for Blood"],"picked":"Singing Bowl","floor":42},{"not_picked":["Wild Strike+1","Bloodletting+1"],"picked":"Armaments+1","floor":45},{"not_picked":["Whirlwind+1","Perfected Strike+1","Immolate+1"],"picked":"Singing Bowl","floor":46},{"not_picked":["Clothesline+1","Hemokinesis+1","Pommel Strike+1"],"picked":"Singing Bowl","floor":48}],"player_experience":429833,"relics_obtained":[{"floor":6,"key":"Meat on the Bone"},{"floor":9,"key":"Singing Bowl"},{"floor":10,"key":"Self Forming Clay"},{"floor":14,"key":"WingedGreaves"},{"floor":24,"key":"Dodecahedron"},{"floor":26,"key":"Paper Frog"},{"floor":29,"key":"Dream Catcher"},{"floor":31,"key":"Red Skull"},{"floor":40,"key":"Frozen Egg 2"},{"floor":42,"key":"Molten Egg 2"},{"floor":45,"key":"Boot"},{"floor":46,"key":"Turnip"},{"floor":48,"key":"Thread and Needle"}],"event_choices":[{"damage_healed":0,"gold_gain":175,"player_choice":"AGREE","damage_taken":0,"max_hp_gain":0,"max_hp_loss":0,"event_name":"Liars Game","floor":2,"gold_loss":0,"cards_obtained":["Doubt"]},{"damage_healed":0,"gold_gain":0,"player_choice":"Leave","damage_taken":0,"max_hp_gain":0,"max_hp_loss":0,"event_name":"The Cleric","floor":4,"gold_loss":0},{"damage_healed":0,"gold_gain":0,"player_choice":"Bought 0 Potions","damage_taken":0,"max_hp_gain":0,"max_hp_loss":0,"event_name":"The Woman in Blue","floor":19,"gold_loss":0},{"damage_healed":0,"gold_gain":0,"player_choice":"Inject Mutagens","damage_taken":0,"relics_obtained":["MutagenicStrength"],"max_hp_gain":0,"max_hp_loss":0,"event_name":"Drug Dealer","floor":22,"gold_loss":0},{"damage_healed":0,"gold_gain":0,"player_choice":"Got Potions","damage_taken":0,"max_hp_gain":0,"max_hp_loss":0,"event_name":"Lab","floor":47,"gold_loss":0}],"is_beta":false,"boss_relics":[{"not_picked":["Philosopher\u0027s Stone","Astrolabe"],"picked":"Snecko Eye"},{"not_picked":["Velvet Choker","Orrery"],"picked":"Sozu"}],"items_purged_floors":[3],"is_endless":false,"potions_floor_spawned":[6,8,10,12,13,14,16,18,21,25,31,35,39,40,45],"ascension_level":9}