{"gold_per_floor":[117,117,42,42,7,7,24,44,67,85,99,125,136,36,36,141,141,153,153,169,22,37,37,37],"floor_reached":24,"playtime":537,"items_purged":["Strike_B","Strike_B","Strike_B"],"score":248,"play_id":"aee4bbf0-9291-4069-b64c-4f877707b15d","local_time":"20181004190156","is_ascension_mode":true,"campfire_choices":[{"data":"Darkness","floor":6,"key":"SMITH"},{"data":"Darkness","floor":15,"key":"SMITH"},{"floor":23,"key":"REST"}],"neow_cost":"TEN_PERCENT_HP_LOSS","seed_source_timestamp":724796611895,"circlet_count":0,"master_deck":["Strike_B+1","Defend_B","Defend_B","Defend_B","Defend_B","Zap+1","Dualcast","Darkness+1","Doom and Gloom","Loop","FTL","Conserve Battery","Darkness+1","Seek","Leap","Reinforced Body+1"],"relics":["Cracked Core","Girya","Oddly Smooth Stone","Ornamental Fan","Inserter"],"potions_floor_usage":[16,18,20],"damage_taken":[{"damage":5,"enemies":"Small Slimes","floor":1,"turns":3},{"damage":2,"enemies":"Jaw Worm","floor":7,"turns":3},{"damage":1,"enemies":"Cultist","floor":8,"turns":3},{"damage":13,"enemies":"3 Louse","floor":10,"turns":3},{"damage":0,"enemies":"Large Slime","floor":11,"turns":4},{"damage":18,"enemies":"3 Sentries","floor":12,"turns":4},{"damage":3,"enemies":"Exordium Thugs","floor":13,"turns":3},{"damage":14,"enemies":"Hexaghost","floor":16,"turns":7},{"damage":19,"enemies":"2 Thieves","floor":18,"turns":3},{"damage":3,"enemies":"Shell Parasite","floor":20,"turns":4},{"damage":1,"enemies":"Centurion and Healer","floor":22,"turns":8},{"damage":57,"enemies":"Chosen and Byrds","floor":24,"turns":5}],"seed_played":"8094805291090257079","potions_obtained":[{"floor":10,"key":"SkillPotion"},{"floor":13,"key":"Fire Potion"},{"floor":16,"key":"FocusPotion"},{"floor":18,"key":"Block Potion"}],"is_trial":false,"path_per_floor":["M","?","$","?","?","R","M","M","T","M","M","E","M","$","R","B",null,"M","?","M","$","M","R"],"character_chosen":"DEFECT","items_purchased":["Leap"],"campfire_rested":1,"item_purchase_floors":[21],"current_hp_per_floor":[63,68,68,53,71,71,69,68,68,55,55,37,34,34,34,20,60,41,28,25,25,24,47,0],"gold":37,"neow_bonus":"ONE_RARE_RELIC","is_prod":false,"is_daily":false,"chose_seed":false,"campfire_upgraded":2,"win_rate":0,"timestamp":1538676116,"path_taken":["M","?","$","?","?","R","M","M","T","M","M","E","?","$","R","BOSS","M","?","M","?","M","R","M"],"build_version":"2018-09-27","purchased_purges":3,"victory":false,"max_hp_per_floor":[68,73,73,73,73,73,73,73,73,73,73,73,73,73,73,73,73,73,78,78,78,78,78,78],"card_choices":[{"not_picked":["Compile Driver","Ball Lightning"],"picked":"Darkness","floor":1},{"not_picked":["Ball Lightning","Beam Cell"],"picked":"Doom and Gloom","floor":7},{"not_picked":["Sweeping Beam","Beam Cell"],"picked":"Loop","floor":8},{"not_picked":["Leap","Reinforced Body"],"picked":"FTL","floor":10},{"not_picked":["Sweeping Beam","Meteor Strike","Stack"],"picked":"SKIP","floor":11},{"not_picked":["Coolheaded","Steam Power"],"picked":"Conserve Battery","floor":12},{"not_picked":["Ball Lightning","Hologram"],"picked":"Darkness","floor":13},{"not_picked":["Creative AI","Multi-Cast"],"picked":"Seek","floor":16},{"not_picked":["Redo+1","Barrage","Go for the Eyes"],"picked":"SKIP","floor":18},{"not_picked":["Steam","Leap","Chaos+1"],"picked":"SKIP","floor":20},{"not_picked":["Beam Cell","Rainbow"],"picked":"Reinforced Body+1","floor":22}],"player_experience":57440,"relics_obtained":[{"floor":9,"key":"Oddly Smooth Stone"},{"floor":12,"key":"Ornamental Fan"}],"event_choices":[{"event_name":"Big Fish","player_choice":"Donut","floor":2,"damage_taken":0},{"event_name":"Shining Light","player_choice":"Entered Light","floor":4,"damage_taken":0},{"event_name":"The Cleric","player_choice":"Healed","floor":5,"damage_taken":0},{"event_name":"Forgotten Altar","player_choice":"Shed Blood","floor":19,"damage_taken":0}],"is_beta":false,"boss_relics":[{"not_picked":["Black Star","Lizard Tail"],"picked":"Inserter"}],"items_purged_floors":[3,14,21],"is_endless":false,"potions_floor_spawned":[10,13,16,18],"killed_by":"Chosen and Byrds","ascension_level":5}