{"gold_per_floor":[112,2,19,35,35,68,68,102,102,131,131,131,141,206,206,303,303,313,313,326,85,85,85,118,118,118,118,33,52,52,52,52,52],"floor_reached":33,"playtime":2255,"items_purged":["Decay","Strike_R"],"score":319,"play_id":"5c403145-2300-4821-b4f8-714dca84115f","local_time":"20190115200551","is_ascension_mode":true,"campfire_choices":[{"data":"Rupture","floor":7.0,"key":"SMITH"},{"data":"Uppercut","floor":12.0,"key":"SMITH"},{"floor":15.0,"key":"REST"},{"data":"Limit Break","floor":23,"key":"SMITH"},{"floor":27,"key":"REST"},{"floor":30,"key":"REST"},{"data":"Offering","floor":32,"key":"SMITH"}],"neow_cost":"CURSE","seed_source_timestamp":0,"circlet_count":0,"master_deck":["Strike_R","Strike_R","Defend_R+1","Defend_R","Defend_R+1","Bash","Bludgeon","Limit Break","Pommel Strike","Rupture+1","Headbutt","Regret","Hemokinesis","Uppercut+1","Limit Break+1","Pommel Strike","Sword Boomerang","Bludgeon","Iron Wave","Shrug It Off","Offering+1","Combust","Flex+1","Flex+1"],"special_seed":0,"relics":["Black Blood","Orichalcum","StoneCalendar","War Paint","Bottled Flame","Anchor","Torii","Toxic Egg 2","Omamori","Bag of Marbles","Oddly Smooth Stone"],"potions_floor_usage":[],"damage_taken":[{"damage":0.0,"enemies":"Small Slimes","floor":1.0,"turns":2.0},{"damage":13.0,"enemies":"Jaw Worm","floor":3.0,"turns":3.0},{"damage":10.0,"enemies":"Cultist","floor":4.0,"turns":4.0},{"damage":18.0,"enemies":"Gremlin Nob","floor":6.0,"turns":4.0},{"damage":11.0,"enemies":"3 Sentries","floor":8.0,"turns":4.0},{"damage":6.0,"enemies":"Gremlin Nob","floor":10.0,"turns":3.0},{"damage":0.0,"enemies":"Red Slaver","floor":13.0,"turns":2.0},{"damage":7.0,"enemies":"3 Sentries","floor":14.0,"turns":5.0},{"damage":18.0,"enemies":"Hexaghost","floor":16.0,"turns":8.0},{"damage":38,"enemies":"3 Byrds","floor":18,"turns":7},{"damage":5,"enemies":"Chosen","floor":20,"turns":4},{"damage":26,"enemies":"Book of Stabbing","floor":24,"turns":5},{"damage":35,"enemies":"3 Cultists","floor":29,"turns":5},{"damage":86,"enemies":"Automaton","floor":33,"turns":6}],"seed_played":"6887340506310566299","potions_obtained":[{"floor":1.0,"key":"Dexterity Potion"},{"floor":4.0,"key":"Ancient Potion"},{"floor":6.0,"key":"Strength Potion"},{"floor":13.0,"key":"Dexterity Potion"},{"floor":24,"key":"Poison Potion"},{"floor":29,"key":"FearPotion"}],"is_trial":false,"path_per_floor":["M","$","M","M","?","E","R","E","T","E","?","R","M","?","R","B",null,"M","?","M","$","T","R","E","$","T","R","?","M","R","?","R","B"],"character_chosen":"IRONCLAD","items_purchased":["Rupture","Offering","Combust"],"campfire_rested":3,"item_purchase_floors":[2,21,21],"current_hp_per_floor":[80,80,73,69,69,57,57,52,52,52,49,49,55,54,78,66,80,52,52,57,57,57,57,41,41,41,65,65,40,64,80,80,0],"gold":52,"neow_bonus":"TRANSFORM_TWO_CARDS","is_prod":false,"is_daily":false,"chose_seed":false,"campfire_upgraded":4,"win_rate":0,"timestamp":1547611551,"path_taken":["M","$","M","M","?","E","R","E","T","E","?","R","M","?","R","BOSS","M","?","?","$","?","R","E","$","T","R","?","M","R","?","R","BOSS"],"build_version":"2019-01-10","purchased_purges":2,"victory":false,"max_hp_per_floor":[80,80,80,80,80,80,80,80,80,80,80,80,80,80,80,80,80,80,80,80,80,80,80,80,80,80,80,80,80,80,80,80,80],"card_choices":[{"not_picked":["Warcry","Sentinel"],"picked":"Pommel Strike","floor":1.0},{"not_picked":["Perfected Strike","Carnage","Armaments"],"picked":"SKIP","floor":3.0},{"not_picked":["Wild Strike","Feel No Pain"],"picked":"Headbutt","floor":4.0},{"not_picked":["Carnage","Armaments"],"picked":"Hemokinesis","floor":6.0},{"not_picked":["Power Through","Metallicize"],"picked":"Uppercut","floor":8.0},{"not_picked":["Entrench","Sever Soul"],"picked":"Limit Break","floor":10.0},{"not_picked":["Perfected Strike","Wild Strike"],"picked":"Pommel Strike","floor":13.0},{"not_picked":["Wild Strike","Cleave"],"picked":"Sword Boomerang","floor":14.0},{"not_picked":["Exhume","Limit Break"],"picked":"Bludgeon","floor":16.0},{"not_picked":["Wild Strike","Havoc"],"picked":"Iron Wave","floor":18},{"not_picked":["Uppercut","Flex"],"picked":"Shrug It Off","floor":20},{"not_picked":["Sword Boomerang","Hemokinesis"],"picked":"Flex+1","floor":24},{"not_picked":["Fire Breathing","Perfected Strike"],"picked":"Flex+1","floor":29}],"player_experience":37056,"relics_obtained":[{"floor":6.0,"key":"StoneCalendar"},{"floor":8.0,"key":"War Paint"},{"floor":9.0,"key":"Bottled Flame"},{"floor":10.0,"key":"Anchor"},{"floor":14.0,"key":"Torii"},{"floor":22,"key":"Toxic Egg 2"},{"floor":24,"key":"Omamori"},{"floor":26,"key":"Bag of Marbles"}],"event_choices":[{"damage_healed":0.0,"max_hp_gain":0.0,"max_hp_loss":0.0,"gold_gain":0.0,"event_name":"Big Fish","player_choice":"Box","floor":5.0,"gold_loss":0.0,"damage_taken":0.0,"relics_obtained":["Orichalcum"],"cards_obtained":["Regret"]},{"damage_healed":0.0,"max_hp_gain":0.0,"max_hp_loss":0.0,"gold_gain":0.0,"event_name":"Scrap Ooze","player_choice":"Fled","floor":11.0,"gold_loss":0.0,"damage_taken":3.0},{"damage_healed":0.0,"max_hp_gain":0.0,"max_hp_loss":0.0,"gold_gain":0.0,"event_name":"Dead Adventurer","player_choice":"Searched \u00271\u0027 times","floor":14.0,"gold_loss":0.0,"damage_taken":0.0},{"cards_removed":["Strike_R"],"damage_healed":0,"gold_gain":0,"player_choice":"Purged","damage_taken":0,"max_hp_gain":0,"max_hp_loss":0,"event_name":"Purifier","floor":19,"gold_loss":0},{"damage_healed":0,"gold_gain":0,"player_choice":"Obtained Relic","damage_taken":0,"relics_obtained":["Oddly Smooth Stone"],"max_hp_gain":0,"max_hp_loss":0,"event_name":"Addict","floor":28,"gold_loss":85},{"damage_healed":26,"gold_gain":0,"player_choice":"Heal","damage_taken":0,"max_hp_gain":0,"max_hp_loss":0,"event_name":"The Library","floor":31,"gold_loss":0}],"is_beta":false,"boss_relics":[{"not_picked":["Cursed Key","White Beast Statue"],"picked":"Black Blood"}],"items_purged_floors":[2,21],"is_endless":false,"potions_floor_spawned":[1,4,6,13,24,29],"killed_by":"Automaton","ascension_level":1}