{"gold_per_floor":[109,28,28,41,58,58,40,55,79,4,4,14,34,47,47,144,144,163,182,28,43,43,43,77,97,97,108,119,139,151,163,163,261,261,271,13,31,43,43],"floor_reached":39,"playtime":1990,"items_purged":[],"score":608,"play_id":"82b22787-87b6-4f99-a6ed-b1546cbe37f8","local_time":"20181130232451","is_ascension_mode":true,"campfire_choices":[{"data":"Prepared","floor":6,"key":"SMITH"},{"data":"Well Laid Plans","floor":11,"key":"SMITH"},{"data":"Neutralize","floor":15,"key":"SMITH"},{"data":"After Image","floor":23,"key":"SMITH"},{"floor":32,"key":"REST"}],"neow_cost":"NONE","seed_source_timestamp":10560057312763,"circlet_count":0,"master_deck":["AscendersBane","Defend_G","Defend_G","Defend_G","Defend_G","Defend_G","Strike_G","Strike_G","Strike_G","Survivor","Neutralize+1","Grand Finale","Blade Dance","Flash of Steel","Backstab","Prepared+1","Footwork","Well Laid Plans+1","Dagger Throw","PiercingWail","After Image+1","PiercingWail","Footwork","PiercingWail+1","Night Terror"],"relics":["Ring of the Snake","Snake Skull","Empty Cage","Bag of Marbles","Meat on the Bone","Runic Dome","Bottled Tornado"],"potions_floor_usage":[16,24,25,28,30],"damage_taken":[{"damage":7,"enemies":"Cultist","floor":1,"turns":5},{"damage":3,"enemies":"Jaw Worm","floor":4,"turns":4},{"damage":0,"enemies":"2 Louse","floor":5,"turns":2},{"damage":1,"enemies":"Exordium Thugs","floor":7,"turns":4},{"damage":7,"enemies":"3 Louse","floor":8,"turns":3},{"damage":0,"enemies":"Large Slime","floor":12,"turns":3},{"damage":13,"enemies":"Exordium Thugs","floor":13,"turns":3},{"damage":4,"enemies":"Looter","floor":14,"turns":3},{"damage":9,"enemies":"Hexaghost","floor":16,"turns":11},{"damage":0,"enemies":"Spheric Guardian","floor":18,"turns":3},{"damage":9,"enemies":"Chosen","floor":19,"turns":6},{"damage":0,"enemies":"Centurion and Healer","floor":21,"turns":5},{"damage":27,"enemies":"Book of Stabbing","floor":24,"turns":10},{"damage":0,"enemies":"Snake Plant","floor":25,"turns":5},{"damage":7,"enemies":"Shelled Parasite and Fungi","floor":27,"turns":8},{"damage":17,"enemies":"Chosen and Byrds","floor":28,"turns":12},{"damage":8,"enemies":"Snake Plant","floor":29,"turns":6},{"damage":12,"enemies":"Snecko","floor":30,"turns":6},{"damage":6,"enemies":"Centurion and Healer","floor":31,"turns":7},{"damage":34,"enemies":"Collector","floor":33,"turns":11},{"damage":7,"enemies":"3 Shapes","floor":35,"turns":8},{"damage":31,"enemies":"Orb Walker","floor":37,"turns":5},{"damage":0,"enemies":"Jaw Worm Horde","floor":38,"turns":4},{"damage":39,"enemies":"4 Shapes","floor":39,"turns":11}],"seed_played":"6191582834120107711","potions_obtained":[{"floor":1,"key":"SkillPotion"},{"floor":4,"key":"Block Potion"},{"floor":7,"key":"SteroidPotion"},{"floor":13,"key":"AttackPotion"},{"floor":18,"key":"Energy Potion"},{"floor":29,"key":"PowerPotion"}],"is_trial":false,"path_per_floor":["M","$","$","M","M","R","M","M","T","$","R","M","M","M","R","B",null,"M","M","$","M","$","R","E","M","T","M","M","M","M","M","R","B",null,"M","$","M","M","M"],"character_chosen":"THE_SILENT","items_purchased":["Flash of Steel","Well Laid Plans","After Image","Bottled Tornado"],"campfire_rested":1,"item_purchase_floors":[2,10,20,36],"current_hp_per_floor":[56,56,56,53,53,53,52,45,45,45,45,45,32,28,28,19,57,57,48,48,48,48,48,21,21,21,26,21,25,25,31,52,30,60,53,53,34,46,7],"gold":43,"neow_bonus":"ONE_RANDOM_RARE_CARD","is_prod":false,"is_daily":false,"chose_seed":false,"campfire_upgraded":4,"win_rate":0,"timestamp":1543620291,"path_taken":["M","?","$","M","M","R","M","?","T","$","R","M","?","M","R","BOSS","M","M","$","?","$","R","E","M","T","M","M","M","M","?","R","BOSS","M","$","?","M","?"],"build_version":"2018-11-15","purchased_purges":0,"victory":false,"max_hp_per_floor":[70,70,70,70,70,70,70,70,70,70,70,70,70,70,70,70,70,70,70,70,70,70,70,70,70,70,70,70,70,70,70,70,70,70,70,70,70,70,70],"card_choices":[{"not_picked":["Concentrate","Cloak And Dagger"],"picked":"Blade Dance","floor":1},{"not_picked":["Dagger Spray","Slice"],"picked":"Backstab","floor":4},{"not_picked":["Dagger Spray","Deflect"],"picked":"Prepared","floor":5},{"not_picked":["Flying Knee","Endless Agony"],"picked":"Footwork","floor":7},{"not_picked":["Poisoned Stab","Eviscerate","Choke"],"picked":"SKIP","floor":8},{"not_picked":["Eviscerate","Dodge and Roll","Deadly Poison"],"picked":"SKIP","floor":12},{"not_picked":["PiercingWail","Dodge and Roll"],"picked":"Dagger Throw","floor":13},{"not_picked":["Quick Slash","Flechettes","Bouncing Flask"],"picked":"SKIP","floor":14},{"not_picked":["Well Laid Plans","Backflip","Outmaneuver"],"picked":"SKIP","floor":18},{"not_picked":["Blade Dance","Slice"],"picked":"PiercingWail","floor":19},{"not_picked":["Blade Dance+1","Expertise","Accuracy"],"picked":"SKIP","floor":21},{"not_picked":["Skewer","Quick Slash","Phantasmal Killer"],"picked":"SKIP","floor":24},{"not_picked":["Well Laid Plans","Bouncing Flask+1"],"picked":"PiercingWail","floor":25},{"not_picked":["Flechettes","Dagger Spray"],"picked":"Footwork","floor":27},{"not_picked":["Catalyst","Prepared","Bouncing Flask"],"picked":"SKIP","floor":28},{"not_picked":["Acrobatics","Choke+1","Skewer+1"],"picked":"SKIP","floor":29},{"not_picked":["Dagger Spray","Terror"],"picked":"PiercingWail+1","floor":30},{"not_picked":["Tools of the Trade","Blade Dance","Poisoned Stab"],"picked":"SKIP","floor":31},{"not_picked":["Phantasmal Killer","Unload"],"picked":"Night Terror","floor":33},{"not_picked":["Bane","Footwork+1","Deflect+1"],"picked":"SKIP","floor":35},{"not_picked":["Dagger Spray","Underhanded Strike+1","Outmaneuver"],"picked":"SKIP","floor":37},{"not_picked":["Cloak And Dagger","Catalyst","Flying Knee"],"picked":"SKIP","floor":38}],"player_experience":226316,"relics_obtained":[{"floor":9,"key":"Snake Skull"},{"floor":24,"key":"Bag of Marbles"},{"floor":26,"key":"Meat on the Bone"}],"event_choices":[],"is_beta":false,"boss_relics":[{"not_picked":["Snecko Eye","Ectoplasm"],"picked":"Empty Cage"},{"not_picked":["Lizard Tail","Astrolabe"],"picked":"Runic Dome"}],"items_purged_floors":[],"is_endless":false,"potions_floor_spawned":[1,4,7,13,18,19,21,29],"killed_by":"4 Shapes","ascension_level":10}