{"gold_per_floor":[112,129,129,129,15,49,49,81,81,81,113,113,127,12,12,108,108,124,83,97,116,34,60,60,89,89,89,116,131,149,119,119,219,269,280,292,306,52,152,182,194,228,228,245,273,273,306,67,67,67,67,67,41,75,75],"floor_reached":56,"playtime":7415,"items_purged":["Pain","Strike_G"],"score":1524,"play_id":"966db7d7-0424-4f54-b03d-5a1f3fd69549","local_time":"20190203212814","is_ascension_mode":true,"campfire_choices":[{"data":"Footwork","floor":7.0,"key":"SMITH"},{"floor":10.0,"key":"REST"},{"data":"After Image","floor":12.0,"key":"SMITH"},{"floor":15.0,"key":"REST"},{"floor":27.0,"key":"REST"},{"floor":32.0,"key":"RECALL"},{"floor":49,"key":"REST"},{"floor":52,"key":"REST"}],"neow_cost":"NONE","seed_source_timestamp":0,"circlet_count":0,"master_deck":["Defend_G","Defend_G","Defend_G+1","Defend_G","Defend_G","Strike_G","Strike_G","Survivor","Neutralize+1","Cloak And Dagger+1","Footwork+1","Deflect","Prepared","Caltrops","After Image+1","Backflip+1","Expertise+1","Malaise+1","Backflip+1","Footwork+1","Bouncing Flask+1","Deflect+1","Noxious Fumes","Cloak And Dagger+1","Envenom","Distraction+1","Leg Sweep+1","Tools of the Trade","Backflip+1","Blur+1","Cloak And Dagger+1","Leg Sweep+1","Terror+1","PiercingWail+1","Well Laid Plans+1","Noxious Fumes","Blur+1","Escape Plan+1","Cloak And Dagger+1","Distraction+1"],"special_seed":0,"relics":["Ring of the Snake","NeowsBlessing","WarpedTongs","Sundial","War Paint","Toxic Egg 2","Darkstone Periapt","Fusion Hammer","Potion Belt","Paper Crane","Oddly Smooth Stone","PreservedInsect","Tiny House","Ancient Tea Set","Nunchaku","Ornamental Fan","Art of War","Happy Flower","Dodecahedron","Kunai","Snake Skull"],"potions_floor_usage":[55,55,55],"damage_taken":[{"damage":0.0,"enemies":"Small Slimes","floor":1.0,"turns":1.0},{"damage":0.0,"enemies":"Cultist","floor":2.0,"turns":1.0},{"damage":2.0,"enemies":"Lagavulin","floor":6.0,"turns":1.0},{"damage":44.0,"enemies":"Gremlin Nob","floor":8.0,"turns":6.0},{"damage":25.0,"enemies":"3 Sentries","floor":11.0,"turns":10.0},{"damage":4.0,"enemies":"2 Louse","floor":13.0,"turns":3.0},{"damage":1.0,"enemies":"The Guardian","floor":16.0,"turns":13.0},{"damage":0.0,"enemies":"Chosen","floor":18.0,"turns":10.0},{"damage":23.0,"enemies":"2 Thieves","floor":20.0,"turns":5.0},{"damage":0.0,"enemies":"Shelled Parasite and Fungi","floor":21.0,"turns":9.0},{"damage":15.0,"enemies":"Gremlin Leader","floor":23.0,"turns":10.0},{"damage":0.0,"enemies":"Book of Stabbing","floor":25.0,"turns":7.0},{"damage":6.0,"enemies":"Gremlin Leader","floor":28.0,"turns":9.0},{"damage":0.0,"enemies":"Centurion and Healer","floor":29.0,"turns":8.0},{"damage":1.0,"enemies":"3 Cultists","floor":30.0,"turns":6.0},{"damage":12.0,"enemies":"Champ","floor":33.0,"turns":14.0},{"damage":0.0,"enemies":"3 Darklings","floor":35.0,"turns":8.0},{"damage":11.0,"enemies":"3 Shapes","floor":36.0,"turns":7.0},{"damage":0.0,"enemies":"Jaw Worm Horde","floor":37.0,"turns":9.0},{"damage":0.0,"enemies":"Mind Bloom Boss Battle","floor":39.0,"turns":10.0},{"damage":43.0,"enemies":"Reptomancer","floor":40.0,"turns":8.0},{"damage":0.0,"enemies":"Spire Growth","floor":41.0,"turns":9.0},{"damage":0.0,"enemies":"Nemesis","floor":42.0,"turns":11.0},{"damage":0.0,"enemies":"3 Darklings","floor":44.0,"turns":6.0},{"damage":0.0,"enemies":"Reptomancer","floor":45.0,"turns":8.0},{"damage":0.0,"enemies":"Nemesis","floor":47.0,"turns":11.0},{"damage":2,"enemies":"Donu and Deca","floor":50,"turns":12},{"damage":0,"enemies":"Shield and Spear","floor":54,"turns":7},{"damage":6,"enemies":"The Heart","floor":55,"turns":11}],"seed_played":"-2030543377677964709","potions_obtained":[{"floor":2.0,"key":"GhostInAJar"},{"floor":8.0,"key":"SkillPotion"},{"floor":16.0,"key":"Strength Potion"},{"floor":18.0,"key":"Swift Potion"},{"floor":21.0,"key":"Explosive Potion"},{"floor":25.0,"key":"GamblersBrew"},{"floor":29.0,"key":"SkillPotion"},{"floor":31.0,"key":"SneckoOil"},{"floor":31.0,"key":"Regen Potion"},{"floor":34.0,"key":"AttackPotion"},{"floor":35.0,"key":"SmokeBomb"},{"floor":40.0,"key":"Block Potion"},{"floor":42.0,"key":"GamblersBrew"},{"floor":44.0,"key":"SkillPotion"},{"floor":54,"key":"Block Potion"}],"is_trial":false,"path_per_floor":["M","M","?","?","$","E","R","E","T","R","E","R","M","$","R","B",null,"M","$","M","M","$","E","?","E","T","R","E","M","M","?","R","B",null,"M","M","M","$","?","E","M","E","T","M","E","?","E","$","R","B",null,"R","$","E","B",null],"character_chosen":"THE_SILENT","items_purchased":["Footwork","Deflect","Expertise+1","Footwork","Noxious Fumes","Ancient Tea Set","Kunai","Cloak And Dagger+1"],"campfire_rested":5,"item_purchase_floors":[5,5,14,19,22,38,48,53],"current_hp_per_floor":[70,70,63,63,63,61,61,17,17,38,13,13,9,9,30,29,70,70,70,47,47,47,32,32,32,32,53,47,47,46,46,46,34,75,75,75,75,75,75,32,32,32,32,32,32,32,32,32,54,52,75,75,75,75,69],"gold":75,"neow_bonus":"THREE_ENEMY_KILL","is_prod":false,"is_daily":false,"chose_seed":false,"campfire_upgraded":2,"win_rate":0,"timestamp":1549258094,"path_taken":["M","M","?","?","$","E","R","E","T","R","E","R","?","$","R","BOSS","M","?","?","M","$","E","?","E","T","R","E","M","?","?","R","BOSS","M","M","M","$","?","E","M","E","T","M","E","?","E","$","R","BOSS","R","$","E","BOSS"],"build_version":"2019-01-23","purchased_purges":2,"victory":true,"max_hp_per_floor":[70,70,70,70,70,70,70,70,70,70,70,70,70,70,70,70,70,70,70,70,70,70,70,70,70,70,70,70,70,70,70,70,70,75,75,75,75,75,75,75,75,75,75,75,75,75,75,75,75,75,75,75,75,75,75],"card_choices":[{"not_picked":["Deflect","Prepared"],"picked":"Cloak And Dagger","floor":1.0},{"not_picked":["Slice","Flying Knee","Predator"],"picked":"SKIP","floor":2.0},{"not_picked":["Slice","Sucker Punch"],"picked":"Prepared","floor":6.0},{"not_picked":["Flechettes","Endless Agony"],"picked":"Caltrops","floor":8.0},{"not_picked":["Footwork","Dodge and Roll+1"],"picked":"After Image","floor":11.0},{"not_picked":["Outmaneuver+1","Accuracy"],"picked":"Backflip+1","floor":13.0},{"not_picked":["A Thousand Cuts","Bullet Time+1"],"picked":"Malaise+1","floor":16.0},{"not_picked":["Deadly Poison+1","Bouncing Flask+1"],"picked":"Backflip+1","floor":18.0},{"not_picked":["Poisoned Stab+1","PiercingWail+1"],"picked":"Bouncing Flask+1","floor":20.0},{"not_picked":["Dash","Crippling Poison+1"],"picked":"Deflect+1","floor":21.0},{"not_picked":["Bouncing Flask+1","Blade Dance+1"],"picked":"Cloak And Dagger+1","floor":23.0},{"not_picked":["Backstab","Deflect+1"],"picked":"Envenom","floor":25.0},{"not_picked":["Acrobatics+1","Dash"],"picked":"Distraction+1","floor":28.0},{"not_picked":["Underhanded Strike","Accuracy+1","Heel Hook+1"],"picked":"SKIP","floor":29.0},{"not_picked":["Calculated Gamble+1","Flying Knee"],"picked":"Leg Sweep+1","floor":30.0},{"not_picked":["Glass Knife","Bullet Time+1"],"picked":"Tools of the Trade","floor":33.0},{"not_picked":["Bane","Skewer"],"picked":"Backflip+1","floor":35.0},{"not_picked":["Leg Sweep+1","Reflex+1"],"picked":"Blur+1","floor":36.0},{"not_picked":["Prepared+1","PiercingWail+1"],"picked":"Cloak And Dagger+1","floor":37.0},{"not_picked":["Bouncing Flask+1","Bane+1"],"picked":"Leg Sweep+1","floor":39.0},{"not_picked":["PiercingWail+1","Bullet Time+1"],"picked":"Terror+1","floor":40.0},{"not_picked":["Blade Dance+1","Backstab+1"],"picked":"PiercingWail+1","floor":41.0},{"not_picked":["Cloak And Dagger+1","Envenom"],"picked":"Well Laid Plans+1","floor":42.0},{"not_picked":["Calculated Gamble+1","Sucker Punch+1"],"picked":"Noxious Fumes","floor":44.0},{"not_picked":["Sucker Punch","Eviscerate"],"picked":"Blur+1","floor":45.0},{"not_picked":["Skewer+1","Slice+1"],"picked":"Escape Plan+1","floor":47.0},{"not_picked":["Reflex+1","Prepared+1"],"picked":"Distraction+1","floor":54}],"player_experience":257423,"relics_obtained":[{"floor":6.0,"key":"Sundial"},{"floor":8.0,"key":"War Paint"},{"floor":9.0,"key":"Toxic Egg 2"},{"floor":11.0,"key":"Darkstone Periapt"},{"floor":23.0,"key":"Potion Belt"},{"floor":25.0,"key":"Paper Crane"},{"floor":26.0,"key":"Oddly Smooth Stone"},{"floor":28.0,"key":"PreservedInsect"},{"floor":39.0,"key":"Nunchaku"},{"floor":40.0,"key":"Ornamental Fan"},{"floor":42.0,"key":"Art of War"},{"floor":45.0,"key":"Happy Flower"},{"floor":47.0,"key":"Dodecahedron"},{"floor":54,"key":"Snake Skull"}],"event_choices":[{"cards_removed":["Strike_G"],"damage_healed":0.0,"max_hp_gain":0.0,"max_hp_loss":0.0,"gold_gain":0.0,"event_name":"Golden Wing","player_choice":"Card Removal","floor":3.0,"gold_loss":0.0,"damage_taken":7.0},{"damage_healed":0.0,"max_hp_gain":0.0,"max_hp_loss":0.0,"gold_gain":0.0,"event_name":"Accursed Blacksmith","player_choice":"Rummage","floor":4.0,"gold_loss":0.0,"damage_taken":0.0,"relics_obtained":["WarpedTongs"],"cards_obtained":["Pain"]},{"cards_removed":["Strike_G"],"damage_healed":0.0,"max_hp_gain":0.0,"max_hp_loss":0.0,"gold_gain":0.0,"event_name":"Purifier","player_choice":"Purged","floor":24.0,"gold_loss":0.0,"damage_taken":0.0},{"damage_healed":0.0,"max_hp_gain":0.0,"max_hp_loss":0.0,"gold_gain":0.0,"event_name":"The Woman in Blue","player_choice":"Bought 2 Potions","floor":31.0,"gold_loss":0.0,"damage_taken":0.0},{"damage_healed":0.0,"max_hp_gain":0.0,"max_hp_loss":0.0,"gold_gain":0.0,"event_name":"MindBloom","player_choice":"Fight","floor":39.0,"gold_loss":0.0,"damage_taken":0.0},{"damage_healed":0.0,"max_hp_gain":0.0,"max_hp_loss":0.0,"gold_gain":0.0,"event_name":"Upgrade Shrine","player_choice":"Upgraded","floor":46.0,"gold_loss":0.0,"damage_taken":0.0,"cards_upgraded":["Footwork"]}],"is_beta":false,"boss_relics":[{"not_picked":["Sozu","Astrolabe"],"picked":"Fusion Hammer"},{"not_picked":["Velvet Choker","Cursed Key"],"picked":"Tiny House"}],"items_purged_floors":[14,38],"is_endless":false,"potions_floor_spawned":[2,8,16,18,21,25,29,35,40,42,44,54],"ascension_level":1}