{"gold_per_floor":[109,128,145,145,145,145,176,176,202,202,215,234,267,283,283,383,383,399,413,78,78,78,78,98,23,47,47,66,66,66,66,66,163,163,178,278,278,33,33,60,73,73,97,114,14,14,28,54,54,54],"floor_reached":51,"playtime":2951,"items_purged":["Strike_R","Strike_R"],"score":988,"play_id":"5cea1eac-3d40-4aa6-9989-31a46b6f0d3e","local_time":"20190131092222","is_ascension_mode":true,"campfire_choices":[{"data":"Bash","floor":6,"key":"SMITH"},{"data":"Spot Weakness","floor":8,"key":"SMITH"},{"data":"Havoc","floor":10,"key":"SMITH"},{"data":"Flame Barrier","floor":15,"key":"SMITH"},{"floor":23,"key":"REST"},{"data":"Armaments","floor":27,"key":"SMITH"},{"data":"Disarm","floor":30,"key":"SMITH"},{"floor":32,"key":"REST"},{"data":"Reaper","floor":42,"key":"SMITH"},{"data":"Madness","floor":49,"key":"SMITH"}],"neow_cost":"NONE","seed_source_timestamp":30698176412944,"circlet_count":0,"master_deck":["Defend_R","Defend_R","Defend_R","Bash+1","Flame Barrier+1","Clothesline","Carnage","Bludgeon","Spot Weakness+1","Havoc+1","Combust","Heavy Blade","Immolate","Offering","Bludgeon+1","Impervious+1","Carnage+1","Feel No Pain+1","Body Slam+1","Armaments+1","Disarm+1","Reaper+1","Necronomicurse","Shrug It Off+1","Burning Pact+1","Uppercut+1","Madness","Madness+1","Reaper"],"relics":["Burning Blood","Oddly Smooth Stone","Potion Belt","Ancient Tea Set","Astrolabe","Gambling Chip","MutagenicStrength","Pen Nib","Necronomicon","Velvet Choker","Unceasing Top","Paper Frog","Dead Branch","Ice Cream"],"potions_floor_usage":[12,13,16,16,18,24,47,50],"damage_taken":[{"damage":4,"enemies":"2 Louse","floor":1,"turns":3},{"damage":8,"enemies":"Cultist","floor":2,"turns":4},{"damage":2,"enemies":"Jaw Worm","floor":3,"turns":4},{"damage":32,"enemies":"Gremlin Nob","floor":7,"turns":4},{"damage":0,"enemies":"Blue Slaver","floor":11,"turns":4},{"damage":5,"enemies":"Exordium Wildlife","floor":12,"turns":4},{"damage":18,"enemies":"Lagavulin","floor":13,"turns":5},{"damage":0,"enemies":"Looter","floor":14,"turns":1},{"damage":14,"enemies":"Hexaghost","floor":16,"turns":9},{"damage":15,"enemies":"2 Thieves","floor":18,"turns":5},{"damage":25,"enemies":"3 Byrds","floor":19,"turns":4},{"damage":6,"enemies":"Centurion and Healer","floor":24,"turns":6},{"damage":8,"enemies":"Chosen and Byrds","floor":28,"turns":6},{"damage":10,"enemies":"Collector","floor":33,"turns":6},{"damage":6,"enemies":"3 Shapes","floor":35,"turns":2},{"damage":11,"enemies":"Mind Bloom Boss Battle","floor":36,"turns":6},{"damage":8,"enemies":"Giant Head","floor":40,"turns":6},{"damage":17,"enemies":"Orb Walker","floor":41,"turns":4},{"damage":16,"enemies":"4 Shapes","floor":44,"turns":2},{"damage":1,"enemies":"Sphere and 2 Shapes","floor":47,"turns":5},{"damage":17,"enemies":"Reptomancer","floor":48,"turns":5},{"damage":22,"enemies":"Donu and Deca","floor":50,"turns":6}],"seed_played":"1454630632342678203","potions_obtained":[{"floor":0,"key":"FairyPotion"},{"floor":0,"key":"LiquidBronze"},{"floor":0,"key":"Fire Potion"},{"floor":7,"key":"BloodPotion"},{"floor":12,"key":"Energy Potion"},{"floor":13,"key":"FearPotion"},{"floor":16,"key":"Energy Potion"},{"floor":19,"key":"Weak Potion"},{"floor":24,"key":"Poison Potion"},{"floor":28,"key":"Energy Potion"},{"floor":40,"key":"FearPotion"},{"floor":47,"key":"Dexterity Potion"},{"floor":48,"key":"Swift Potion"}],"is_trial":false,"path_per_floor":["M","M","M","?","?","R","E","R","T","R","M","M","E","M","R","B",null,"M","M","$","?","?","R","M","$","T","R","M","?","R","?","R","B",null,"M","?","?","$","?","E","M","R","T","M","$","?","M","E","R","B",null],"character_chosen":"IRONCLAD","items_purchased":["Gambling Chip","Armaments","Paper Frog"],"campfire_rested":2,"item_purchase_floors":[20,20,38],"current_hp_per_floor":[74,72,76,81,81,81,55,55,55,55,61,62,50,56,56,48,76,67,48,48,32,32,59,59,59,59,59,57,57,57,41,68,76,87,87,90,90,90,90,89,78,78,78,90,90,79,90,79,79,63],"gold":54,"neow_bonus":"THREE_SMALL_POTIONS","is_prod":false,"is_daily":false,"chose_seed":false,"campfire_upgraded":8,"win_rate":0,"timestamp":1548944542,"path_taken":["M","M","M","?","?","R","E","R","T","R","?","M","E","M","R","BOSS","M","M","$","?","?","R","M","?","T","R","M","?","R","?","R","BOSS","M","?","?","$","?","E","M","R","T","M","$","?","M","E","R","BOSS"],"build_version":"2019-01-23","purchased_purges":2,"victory":true,"max_hp_per_floor":[80,80,80,85,85,85,85,85,85,85,85,85,85,85,85,85,85,85,85,85,90,90,90,90,90,90,90,90,90,90,90,90,90,90,90,90,90,90,90,90,90,90,90,90,90,90,90,90,90,90],"card_choices":[{"not_picked":["Havoc","Rampage"],"picked":"Flame Barrier","floor":1},{"not_picked":["Seeing Red","Sword Boomerang"],"picked":"Clothesline","floor":2},{"not_picked":["Double Tap","Twin Strike"],"picked":"Carnage","floor":3},{"not_picked":["Pommel Strike","Clash"],"picked":"Havoc","floor":7},{"not_picked":["Evolve","Carnage"],"picked":"Combust","floor":11},{"not_picked":["Hemokinesis","Clothesline","Clash"],"picked":"SKIP","floor":12},{"not_picked":["Corruption","Pommel Strike"],"picked":"Heavy Blade","floor":13},{"not_picked":["Twin Strike","Combust"],"picked":"Immolate","floor":14},{"not_picked":["Dark Embrace","Brutality"],"picked":"Offering","floor":16},{"not_picked":["Flex","Clothesline"],"picked":"Feel No Pain+1","floor":18},{"not_picked":["Wild Strike","Blood for Blood"],"picked":"Body Slam+1","floor":19},{"not_picked":["Wild Strike+1","Cleave"],"picked":"Disarm","floor":24},{"not_picked":["Inflame","Armaments"],"picked":"Reaper","floor":28},{"not_picked":["Fire Breathing+1","Searing Blow+1","Thunderclap"],"picked":"SKIP","floor":35},{"not_picked":["Iron Wave+1","Twin Strike"],"picked":"Shrug It Off+1","floor":36},{"not_picked":["Entrench","Dual Wield+1"],"picked":"Burning Pact+1","floor":40},{"not_picked":["Twin Strike","Clothesline+1"],"picked":"Uppercut+1","floor":41},{"not_picked":["Heavy Blade+1","Shrug It Off+1","Metallicize+1"],"picked":"SKIP","floor":44},{"not_picked":["Infernal Blade","Thunderclap+1","Anger"],"picked":"SKIP","floor":47},{"not_picked":["Dropkick+1","Iron Wave"],"picked":"Reaper","floor":48}],"player_experience":418448,"relics_obtained":[{"floor":7,"key":"Oddly Smooth Stone"},{"floor":9,"key":"Potion Belt"},{"floor":13,"key":"Ancient Tea Set"},{"floor":26,"key":"Pen Nib"},{"floor":31,"key":"Necronomicon"},{"floor":36,"key":"Unceasing Top"},{"floor":40,"key":"Dead Branch"},{"floor":48,"key":"Ice Cream"}],"event_choices":[{"damage_healed":0,"gold_gain":0,"player_choice":"Donut","damage_taken":0,"max_hp_gain":5,"max_hp_loss":0,"event_name":"Big Fish","floor":4,"gold_loss":0},{"damage_healed":0,"gold_gain":0,"player_choice":"2 cards matched","damage_taken":0,"max_hp_gain":0,"max_hp_loss":0,"event_name":"Match and Keep!","floor":5,"gold_loss":0,"cards_obtained":["Bludgeon","Spot Weakness"]},{"damage_healed":0,"gold_gain":0,"player_choice":"Shed Blood","damage_taken":21,"max_hp_gain":5,"max_hp_loss":0,"event_name":"Forgotten Altar","floor":21,"gold_loss":0},{"damage_healed":0,"gold_gain":0,"player_choice":"Inject Mutagens","damage_taken":0,"relics_obtained":["MutagenicStrength"],"max_hp_gain":0,"max_hp_loss":0,"event_name":"Drug Dealer","floor":22,"gold_loss":0},{"damage_healed":0,"gold_gain":0,"player_choice":"Ignored","damage_taken":0,"max_hp_gain":0,"max_hp_loss":0,"event_name":"The Mausoleum","floor":29,"gold_loss":0},{"damage_healed":0,"gold_gain":0,"player_choice":"Obtained Book","damage_taken":16,"max_hp_gain":0,"max_hp_loss":0,"event_name":"Cursed Tome","floor":31,"gold_loss":0},{"damage_healed":0,"gold_gain":0,"player_choice":"Fight","damage_taken":0,"max_hp_gain":0,"max_hp_loss":0,"event_name":"MindBloom","floor":36,"gold_loss":0},{"damage_healed":0,"gold_gain":0,"player_choice":"Ignored","damage_taken":0,"max_hp_gain":0,"max_hp_loss":0,"event_name":"Tomb of Lord Red Mask","floor":37,"gold_loss":0},{"cards_removed":["Defend_R"],"damage_healed":0,"gold_gain":0,"player_choice":"Removed Skill","damage_taken":0,"max_hp_gain":0,"max_hp_loss":0,"event_name":"Falling","floor":39,"gold_loss":0},{"damage_healed":0,"gold_gain":0,"player_choice":"Embrace Madness","damage_taken":11,"max_hp_gain":0,"max_hp_loss":0,"event_name":"Winding Halls","floor":46,"gold_loss":0,"cards_obtained":["Madness","Madness"]}],"is_beta":false,"boss_relics":[{"not_picked":["Tiny House","Calling Bell"],"picked":"Astrolabe"},{"not_picked":["White Beast Statue","Pandora\u0027s Box"],"picked":"Velvet Choker"}],"items_purged_floors":[25,45],"is_endless":false,"potions_floor_spawned":[1,7,12,13,16,19,24,28,40,47,48],"ascension_level":8}