{"gold_per_floor":[117,117,128,128,147,147,166,6,6,6,16,29,48,64,64,162,162,172,186,35,35,51,51,51],"floor_reached":24,"playtime":1549,"items_purged":["Strike_R"],"score":192,"play_id":"22bf18cf-e850-440b-80f6-7774bde3e369","local_time":"20190130045757","is_ascension_mode":false,"campfire_choices":[{"data":"Flex","floor":6,"key":"SMITH"},{"data":"Defend_R","floor":10,"key":"SMITH"},{"data":"Dual Wield","floor":15,"key":"SMITH"},{"floor":23,"key":"REST"}],"neow_cost":"NONE","seed_source_timestamp":236799836593320,"circlet_count":0,"master_deck":["Strike_R","Strike_R","Strike_R","Defend_R+1","Defend_R","Defend_R","Defend_R","Bash","Flex+1","Anger","Bloodletting","Enlightenment","Heavy Blade+1","Dual Wield+1","Battle Trance","Feed+1","Heavy Blade+1","Heavy Blade+1"],"relics":["Burning Blood","NeowsBlessing","Gremlin Horn","Molten Egg 2","Black Star","Lantern"],"potions_floor_usage":[16,16,16,22,22,22],"damage_taken":[{"damage":0,"enemies":"Jaw Worm","floor":1,"turns":1},{"damage":0,"enemies":"Cultist","floor":3,"turns":1},{"damage":0,"enemies":"Small Slimes","floor":5,"turns":1},{"damage":21,"enemies":"Gremlin Gang","floor":7,"turns":4},{"damage":6,"enemies":"Blue Slaver","floor":11,"turns":3},{"damage":0,"enemies":"Exordium Thugs","floor":12,"turns":2},{"damage":13,"enemies":"Lots of Slimes","floor":13,"turns":4},{"damage":4,"enemies":"Gremlin Gang","floor":14,"turns":3},{"damage":30,"enemies":"Hexaghost","floor":16,"turns":7},{"damage":43,"enemies":"Shell Parasite","floor":18,"turns":7},{"damage":37,"enemies":"Spheric Guardian","floor":19,"turns":6},{"damage":22,"enemies":"Snecko","floor":22,"turns":5},{"damage":33,"enemies":"Book of Stabbing","floor":24,"turns":3}],"seed_played":"-5592617513924171790","potions_obtained":[{"floor":3,"key":"Block Potion"},{"floor":11,"key":"FearPotion"},{"floor":13,"key":"Strength Potion"},{"floor":14,"key":"AttackPotion"},{"floor":19,"key":"Weak Potion"},{"floor":21,"key":"BloodPotion"},{"floor":21,"key":"AttackPotion"},{"floor":21,"key":"SkillPotion"}],"is_trial":false,"path_per_floor":["?","M","?","M","?"],"character_chosen":"IRONCLAD","items_purchased":["Enlightenment","Lantern"],"campfire_rested":1,"item_purchase_floors":[8,20],"current_hp_per_floor":[80,80,80,80,80,80,65,65,65,65,65,71,64,66,66,42,80,47,16,16,16,8,33,0],"gold":51,"neow_bonus":"THREE_ENEMY_KILL","is_prod":false,"is_daily":false,"chose_seed":false,"campfire_upgraded":3,"win_rate":0.0,"timestamp":1548820677,"path_taken":["M","?","?","?","M","R","M","$","T","R","M","M","?","M","R","BOSS","M","M","$","?","M","R","E"],"build_version":"2019-01-23","purchased_purges":1,"victory":false,"max_hp_per_floor":[80,80,80,80,80,80,80,80,80,80,80,80,80,80,80,80,80,84,84,84,84,84,84,84],"card_choices":[{"not_picked":["Pommel Strike","Shrug It Off"],"picked":"Flex","floor":1},{"not_picked":["Shrug It Off","True Grit","Twin Strike"],"picked":"SKIP","floor":3},{"not_picked":["Cleave","Iron Wave"],"picked":"Anger","floor":5},{"not_picked":["Hemokinesis","Reckless Charge"],"picked":"Bloodletting","floor":7},{"not_picked":["Sword Boomerang+1","Second Wind"],"picked":"Heavy Blade+1","floor":11},{"not_picked":["Heavy Blade+1","Iron Wave+1"],"picked":"Dual Wield","floor":12},{"not_picked":["Ghostly Armor","Bludgeon+1"],"picked":"Battle Trance","floor":13},{"not_picked":["Hemokinesis+1","Shrug It Off","Carnage+1"],"picked":"SKIP","floor":14},{"not_picked":["Impervious","Bludgeon+1"],"picked":"Feed+1","floor":16},{"not_picked":["Infernal Blade","Second Wind","Cleave+1"],"picked":"SKIP","floor":18},{"not_picked":["Iron Wave+1","Rage"],"picked":"Heavy Blade+1","floor":19},{"not_picked":["Ghostly Armor","Sword Boomerang+1"],"picked":"Heavy Blade+1","floor":22}],"player_experience":20679,"relics_obtained":[{"floor":9,"key":"Molten Egg 2"}],"event_choices":[{"cards_removed":["Strike_R"],"damage_healed":0,"gold_gain":0,"player_choice":"Purged","damage_taken":0,"max_hp_gain":0,"max_hp_loss":0,"event_name":"Purifier","floor":2,"gold_loss":0},{"damage_healed":0,"gold_gain":0,"player_choice":"Gave Potion","damage_taken":0,"relics_obtained":["Gremlin Horn"],"max_hp_gain":0,"max_hp_loss":0,"event_name":"WeMeetAgain","floor":4,"gold_loss":0},{"damage_healed":0,"gold_gain":0,"player_choice":"Got Potions","damage_taken":0,"max_hp_gain":0,"max_hp_loss":0,"event_name":"Lab","floor":21,"gold_loss":0}],"is_beta":false,"boss_relics":[{"not_picked":["Runic Dome","Runic Pyramid"],"picked":"Black Star"}],"items_purged_floors":[8],"is_endless":false,"potions_floor_spawned":[3,11,13,14,19],"killed_by":"Book of Stabbing","ascension_level":0}