{"gold_per_floor":[111,111,26,26,76,76,108,108,188,188,204,215,1,27,27,100,100,111,131,5,28,28,53,53,65,65,65,81,6,6,6,6,83,83,96,168,24,0,13,39,39,39],"floor_reached":42,"playtime":1287,"items_purged":["Strike_G","Strike_G"],"score":968,"play_id":"19491460-40d6-4bf9-a8ee-ae5e2ccb4b08","local_time":"20190204003038","is_ascension_mode":true,"campfire_choices":[{"data":"Noxious Fumes","floor":6,"key":"SMITH"},{"data":"Bane","floor":8,"key":"SMITH"},{"data":"Neutralize","floor":10,"key":"SMITH"},{"data":"Survivor","floor":15,"key":"SMITH"},{"floor":27,"key":"REST"},{"floor":32,"key":"REST"}],"neow_cost":"NONE","seed_source_timestamp":15331060583600,"circlet_count":0,"master_deck":["AscendersBane","Defend_G","Defend_G","Defend_G","Defend_G","Defend_G+1","Strike_G","Survivor+1","Neutralize+1","Noxious Fumes+1","Bane+1","PiercingWail+1","Crippling Poison+1","Deflect+1","Doppelganger+1","Blur+1","Catalyst+1","Bouncing Flask+1","Crippling Poison+1","Deflect+1","Night Terror+1","Leg Sweep+1","After Image"],"relics":["Ring of the Snake","NeowsBlessing","Mercury Hourglass","Lantern","Toxic Egg 2","Tiny Chest","The Courier","Orrery","Bag of Preparation","Happy Flower","Bronze Scales","Strawberry","Nunchaku","Sozu","Sundial","Red Mask","Oddly Smooth Stone"],"potions_floor_usage":[16,16,23,33],"damage_taken":[{"damage":0,"enemies":"Jaw Worm","floor":1,"turns":1},{"damage":0,"enemies":"Gremlin Nob","floor":7,"turns":1},{"damage":0,"enemies":"Cultist","floor":11,"turns":1},{"damage":0,"enemies":"2 Louse","floor":12,"turns":2},{"damage":5,"enemies":"3 Sentries","floor":14,"turns":6},{"damage":16,"enemies":"Hexaghost","floor":16,"turns":8},{"damage":3,"enemies":"3 Byrds","floor":18,"turns":3},{"damage":9,"enemies":"Shell Parasite","floor":19,"turns":2},{"damage":23,"enemies":"Book of Stabbing","floor":23,"turns":4},{"damage":24,"enemies":"Cultist and Chosen","floor":25,"turns":4},{"damage":12,"enemies":"Shelled Parasite and Fungi","floor":28,"turns":3},{"damage":40,"enemies":"Collector","floor":33,"turns":6},{"damage":0,"enemies":"3 Shapes","floor":35,"turns":3},{"damage":0,"enemies":"3 Darklings","floor":39,"turns":3},{"damage":0,"enemies":"Nemesis","floor":40,"turns":5},{"damage":61,"enemies":"Maw","floor":42,"turns":9}],"seed_played":"-3178645341859925233","potions_obtained":[{"floor":7,"key":"LiquidBronze"},{"floor":11,"key":"FearPotion"},{"floor":16,"key":"AttackPotion"},{"floor":18,"key":"Strength Potion"},{"floor":33,"key":"Weak Potion"}],"is_trial":false,"path_per_floor":["M","?","$","T","?","R","E","R","T","R","M","M","$","E","R","B",null,"M","M","$","T","?","E","?","M","T","R","M","?","T","?","R","B",null,"M","T","$","?","M","E","?","M"],"character_chosen":"THE_SILENT","items_purchased":["Noxious Fumes","Tiny Chest","Bag of Preparation","Leg Sweep+1"],"campfire_rested":2,"item_purchase_floors":[3,13,20,37],"current_hp_per_floor":[59,59,59,59,53,53,53,53,53,53,53,53,53,48,48,32,58,55,46,46,46,46,23,36,12,19,40,28,28,28,28,49,9,57,57,57,57,57,57,57,57,0],"gold":39,"neow_bonus":"THREE_ENEMY_KILL","is_prod":false,"is_daily":false,"chose_seed":false,"campfire_upgraded":4,"win_rate":0,"timestamp":1549233038,"path_taken":["M","?","$","?","?","R","E","R","T","R","M","M","$","E","R","BOSS","M","M","$","?","?","E","?","M","T","R","M","?","?","?","R","BOSS","M","?","$","?","M","E","?","?"],"build_version":"2019-01-23","purchased_purges":2,"victory":false,"max_hp_per_floor":[66,66,66,66,66,66,66,66,66,66,66,66,66,66,66,66,66,66,66,66,66,66,66,66,66,73,73,73,73,73,73,73,73,73,73,73,73,73,73,73,69,69],"card_choices":[{"not_picked":["Cloak And Dagger","Outmaneuver","Prepared"],"picked":"SKIP","floor":1},{"not_picked":["Quick Slash","Dodge and Roll"],"picked":"Bane","floor":7},{"not_picked":["Outmaneuver+1","Blade Dance+1"],"picked":"PiercingWail+1","floor":11},{"not_picked":["Underhanded Strike","Dagger Spray"],"picked":"Crippling Poison+1","floor":12},{"not_picked":["Distraction+1","Poisoned Stab"],"picked":"Deflect+1","floor":14},{"not_picked":["Wraith Form v2","Unload"],"picked":"Doppelganger+1","floor":16},{"not_picked":["Cloak And Dagger+1","Deflect+1"],"picked":"Blur+1","floor":17},{"not_picked":["Finisher","Prepared+1"],"picked":"Catalyst+1","floor":17},{"not_picked":["Quick Slash","Choke"],"picked":"Bouncing Flask+1","floor":17},{"not_picked":["Caltrops","Underhanded Strike"],"picked":"Crippling Poison+1","floor":18},{"not_picked":["Endless Agony","Poisoned Stab","Underhanded Strike"],"picked":"SKIP","floor":19},{"not_picked":["Quick Slash","Slice"],"picked":"Deflect+1","floor":23},{"not_picked":["Flying Knee","Bouncing Flask+1","Bane"],"picked":"SKIP","floor":25},{"not_picked":["Dash","Tools of the Trade","Sucker Punch"],"picked":"SKIP","floor":28},{"not_picked":["Phantasmal Killer+1","Unload"],"picked":"Night Terror+1","floor":33},{"not_picked":["Tactician+1","Prepared+1","Reflex+1"],"picked":"SKIP","floor":35},{"not_picked":["Blade Dance+1","Deflect+1","Sucker Punch"],"picked":"SKIP","floor":39},{"not_picked":["Bane+1","Underhanded Strike"],"picked":"After Image","floor":40}],"player_experience":595040,"relics_obtained":[{"floor":4,"key":"Mercury Hourglass"},{"floor":7,"key":"Lantern"},{"floor":9,"key":"Toxic Egg 2"},{"floor":14,"key":"The Courier"},{"floor":21,"key":"Happy Flower"},{"floor":23,"key":"Bronze Scales"},{"floor":26,"key":"Strawberry"},{"floor":30,"key":"Nunchaku"},{"floor":36,"key":"Sundial"},{"floor":40,"key":"Oddly Smooth Stone"}],"event_choices":[{"cards_removed":["Strike_G"],"damage_healed":0,"gold_gain":0,"player_choice":"Purged","damage_taken":0,"max_hp_gain":0,"max_hp_loss":0,"event_name":"Purifier","floor":2,"gold_loss":0},{"damage_healed":0,"gold_gain":50,"player_choice":"Touch","damage_taken":6,"max_hp_gain":0,"max_hp_loss":0,"event_name":"FaceTrader","floor":5,"gold_loss":0},{"damage_healed":13,"gold_gain":0,"player_choice":"Heal","damage_taken":0,"max_hp_gain":0,"max_hp_loss":0,"event_name":"The Library","floor":24,"gold_loss":0},{"cards_removed":["Strike_G"],"damage_healed":0,"gold_gain":0,"player_choice":"Gave Gold","damage_taken":0,"max_hp_gain":0,"max_hp_loss":0,"event_name":"Beggar","floor":29,"gold_loss":75},{"damage_healed":0,"gold_gain":0,"player_choice":"Upgraded","damage_taken":0,"max_hp_gain":0,"max_hp_loss":0,"event_name":"Upgrade Shrine","floor":31,"gold_loss":0,"cards_upgraded":["Defend_G"]},{"damage_healed":0,"gold_gain":0,"player_choice":"Paid","damage_taken":0,"relics_obtained":["Red Mask"],"max_hp_gain":0,"max_hp_loss":0,"event_name":"Tomb of Lord Red Mask","floor":38,"gold_loss":24},{"damage_healed":0,"gold_gain":0,"player_choice":"Max HP","damage_taken":0,"max_hp_gain":0,"max_hp_loss":4,"event_name":"Winding Halls","floor":41,"gold_loss":0}],"is_beta":false,"boss_relics":[{"not_picked":["WristBlade","Runic Pyramid"],"picked":"Orrery"},{"not_picked":["Pandora\u0027s Box","Coffee Dripper"],"picked":"Sozu"}],"items_purged_floors":[13,37],"is_endless":false,"potions_floor_spawned":[7,11,16,18,33,39,40],"killed_by":"Maw","ascension_level":17}