{"gold_per_floor":[114,126,136,151,167,167,194,369,393,456,456,471,471,496,496,595,595,606,133,151,178,195,195,226,226,226,246,72,72,83,103,103,198,198,217,228,159,214,214,273,76,76,103,132,354,365,365,385,385,385,385,385,104,135,135],"floor_reached":55,"playtime":9092,"items_purged":["Defend_B","Doubt","Strike_B+1"],"score":896,"play_id":"933cd10d-53b9-4282-a9c4-0ad6fee56ebd","local_time":"20190114233826","is_ascension_mode":true,"campfire_choices":[{"data":"Go for the Eyes","floor":6,"key":"SMITH"},{"floor":11,"key":"REST"},{"data":"Chill","floor":13,"key":"SMITH"},{"data":"Rainbow","floor":15,"key":"SMITH"},{"floor":23,"key":"REST"},{"data":"Echo Form","floor":29,"key":"SMITH"},{"data":"Defragment","floor":32,"key":"SMITH"},{"floor":42,"key":"RECALL"},{"floor":47,"key":"REST"},{"floor":49,"key":"REST"},{"data":"Defragment","floor":52,"key":"SMITH"}],"neow_cost":"NONE","seed_source_timestamp":359052283246843,"circlet_count":0,"master_deck":["Strike_B+1","Defend_B+1","Defend_B+1","Zap+1","Dualcast+1","Reinforced Body+1","Reinforced Body+1","Go for the Eyes+1","Chill+1","Rainbow+1","Echo Form+1","Skim+1","Defragment+1","Master of Strategy+1","Glacier+1","Undo+1","Cold Snap+1","Defragment+1","Blizzard+1","Reboot+1","Beam Cell+1","Thunder Strike+1","Go for the Eyes+1","FTL+1","Capacitor+1","Defragment+1"],"relics":["Philosopher\u0027s Stone","Blue Candle","Pen Nib","Vajra","Omamori","Sozu","Lantern","Red Mask","Gremlin Horn","Centennial Puzzle","Astrolabe","Prayer Wheel","Mark of the Bloom","Tiny Chest","Medical Kit","Dream Catcher","Anchor","FossilizedHelix"],"potions_floor_usage":[5,7,16,18,21,33],"damage_taken":[{"damage":0,"enemies":"Cultist","floor":1,"turns":3},{"damage":6,"enemies":"2 Louse","floor":2,"turns":3},{"damage":0,"enemies":"Small Slimes","floor":3,"turns":3},{"damage":6,"enemies":"2 Fungi Beasts","floor":4,"turns":5},{"damage":7,"enemies":"Gremlin Gang","floor":5,"turns":5},{"damage":0,"enemies":"Gremlin Nob","floor":7,"turns":5},{"damage":46,"enemies":"Lagavulin Event","floor":10,"turns":8},{"damage":5,"enemies":"Lots of Slimes","floor":12,"turns":4},{"damage":8,"enemies":"3 Sentries","floor":14,"turns":11},{"damage":9,"enemies":"Hexaghost","floor":16,"turns":11},{"damage":32,"enemies":"3 Byrds","floor":18,"turns":7},{"damage":1,"enemies":"Spheric Guardian","floor":20,"turns":4},{"damage":1,"enemies":"Masked Bandits","floor":21,"turns":6},{"damage":22,"enemies":"Snake Plant","floor":22,"turns":4},{"damage":4,"enemies":"Book of Stabbing","floor":24,"turns":7},{"damage":1,"enemies":"Sentry and Sphere","floor":27,"turns":5},{"damage":0,"enemies":"Cultist and Chosen","floor":30,"turns":6},{"damage":0,"enemies":"Centurion and Healer","floor":31,"turns":4},{"damage":1,"enemies":"Collector","floor":33,"turns":9},{"damage":5,"enemies":"Orb Walker","floor":35,"turns":4},{"damage":0,"enemies":"3 Shapes","floor":36,"turns":7},{"damage":2,"enemies":"2 Orb Walkers","floor":38,"turns":6},{"damage":8,"enemies":"Giant Head","floor":40,"turns":8},{"damage":0,"enemies":"Nemesis","floor":44,"turns":7},{"damage":0,"enemies":"Spire Growth","floor":46,"turns":5},{"damage":0,"enemies":"Jaw Worm Horde","floor":48,"turns":4},{"damage":15,"enemies":"Time Eater","floor":50,"turns":11},{"damage":14,"enemies":"Shield and Spear","floor":54,"turns":7},{"damage":55,"enemies":"The Heart","floor":55,"turns":3}],"seed_played":"-5527237345368241241","potions_obtained":[{"floor":1,"key":"Fire Potion"},{"floor":4,"key":"Energy Potion"},{"floor":5,"key":"Strength Potion"},{"floor":10,"key":"Block Potion"},{"floor":14,"key":"Poison Potion"},{"floor":16,"key":"Energy Potion"}],"is_trial":false,"path_per_floor":["M","M","M","M","M","R","E","?","T","?","R","M","R","E","R","B",null,"M","$","M","?","M","R","E","?","T","M","$","R","M","M","R","B",null,"M","M","$","?","?","E","$","R","T","E","?","M","R","M","R","B",null,"R","$","E","B"],"character_chosen":"DEFECT","items_purchased":["Defragment","Master of Strategy","Lantern","Defragment","FTL","Medical Kit","Anchor"],"campfire_rested":4,"item_purchase_floors":[19,19,19,28,37,41,53],"current_hp_per_floor":[75,69,69,63,56,56,56,56,56,10,32,27,27,19,19,10,75,43,43,42,41,19,41,37,37,37,36,36,36,36,36,36,35,75,70,70,70,68,68,60,60,60,60,60,60,60,60,60,60,45,45,45,45,31,0],"gold":135,"neow_bonus":"BOSS_RELIC","is_prod":false,"is_daily":false,"chose_seed":false,"campfire_upgraded":6,"win_rate":0,"timestamp":1547537906,"path_taken":["M","M","?","M","?","R","E","?","T","?","R","M","R","E","R","BOSS","M","$","M","?","M","R","E","?","T","M","$","R","M","M","R","BOSS","M","?","?","?","?","E","$","R","T","E","?","M","R","M","R","BOSS","R","$","E","BOSS"],"build_version":"2019-01-10","purchased_purges":3,"victory":false,"max_hp_per_floor":[75,75,75,75,75,75,75,75,75,75,75,75,75,75,75,75,75,75,75,75,75,75,75,75,75,75,75,75,75,75,75,75,75,75,75,75,75,75,75,75,75,75,75,75,75,75,75,75,75,75,75,75,75,75,75],"card_choices":[{"not_picked":["Hello World","Heatsinks","Turbo"],"picked":"SKIP","floor":1},{"not_picked":["Darkness","Force Field"],"picked":"Reinforced Body","floor":2},{"not_picked":["Compile Driver","Sweeping Beam"],"picked":"Reinforced Body","floor":3},{"not_picked":["Stack","Compile Driver","Leap"],"picked":"SKIP","floor":4},{"not_picked":["Reinforced Body","Hologram"],"picked":"Go for the Eyes","floor":5},{"not_picked":["Gash","Stack","Compile Driver"],"picked":"SKIP","floor":7},{"not_picked":["Self Repair","Rebound"],"picked":"Chill","floor":12},{"not_picked":["Stack","Melter"],"picked":"Rainbow","floor":14},{"not_picked":["Thunder Strike","Creative AI"],"picked":"Echo Form","floor":16},{"not_picked":["Streamline","Compile Driver"],"picked":"Skim+1","floor":18},{"not_picked":["Sunder+1","Hologram"],"picked":"Glacier","floor":20},{"not_picked":["Auto Shields","Coolheaded"],"picked":"Undo+1","floor":22},{"not_picked":["Coolheaded","Double Energy"],"picked":"Cold Snap+1","floor":24},{"not_picked":["Hologram+1","Stack","Cold Snap"],"picked":"SKIP","floor":27},{"not_picked":["Gash","Compile Driver+1"],"picked":"Blizzard","floor":30},{"not_picked":["Aggregate","Steam","Hyperbeam"],"picked":"SKIP","floor":31},{"not_picked":["Thunder Strike","All For One"],"picked":"Reboot","floor":33},{"not_picked":["Go for the Eyes+1","Tempest","Compile Driver+1"],"picked":"SKIP","floor":35},{"not_picked":["Conserve Battery","Streamline","Melter"],"picked":"SKIP","floor":36},{"not_picked":["Stack+1","Steam+1","Barrage+1"],"picked":"SKIP","floor":40},{"not_picked":["Ball Lightning","Lockon+1","Streamline"],"picked":"SKIP","floor":44},{"not_picked":["Beam Cell","Steam","Chaos"],"picked":"SKIP","floor":46},{"not_picked":["Darkness","Rebound+1","Barrage+1"],"picked":"SKIP","floor":46},{"not_picked":["Barrage","Meteor Strike"],"picked":"Capacitor+1","floor":48},{"not_picked":["Barrage+1","Beam Cell","Ball Lightning"],"picked":"SKIP","floor":48},{"not_picked":["Chaos+1","Conserve Battery+1"],"picked":"Defragment","floor":49},{"not_picked":["Chaos+1","Steam","Scrape+1"],"picked":"SKIP","floor":54}],"player_experience":320917,"relics_obtained":[{"floor":7,"key":"Blue Candle"},{"floor":9,"key":"Pen Nib"},{"floor":10,"key":"Vajra"},{"floor":14,"key":"Omamori"},{"floor":21,"key":"Red Mask"},{"floor":24,"key":"Gremlin Horn"},{"floor":26,"key":"Centennial Puzzle"},{"floor":38,"key":"Prayer Wheel"},{"floor":40,"key":"Tiny Chest"},{"floor":44,"key":"Dream Catcher"},{"floor":54,"key":"FossilizedHelix"}],"event_choices":[{"damage_healed":0,"gold_gain":175,"player_choice":"AGREE","damage_taken":0,"max_hp_gain":0,"max_hp_loss":0,"event_name":"Liars Game","floor":8,"gold_loss":0,"cards_obtained":["Doubt"]},{"damage_healed":0,"gold_gain":0,"player_choice":"Searched \u00271\u0027 times","damage_taken":0,"max_hp_gain":0,"max_hp_loss":0,"event_name":"Dead Adventurer","floor":10,"gold_loss":0},{"damage_healed":0,"gold_gain":0,"player_choice":"Fought Bandits","damage_taken":0,"max_hp_gain":0,"max_hp_loss":0,"event_name":"Masked Bandits","floor":21,"gold_loss":0},{"damage_healed":0,"gold_gain":0,"player_choice":"Bought 0 Potions","damage_taken":0,"max_hp_gain":0,"max_hp_loss":0,"event_name":"The Woman in Blue","floor":25,"gold_loss":0},{"damage_healed":0,"gold_gain":0,"player_choice":"Fight","damage_taken":0,"max_hp_gain":0,"max_hp_loss":0,"event_name":"Mysterious Sphere","floor":38,"gold_loss":0},{"damage_healed":0,"gold_gain":0,"player_choice":"Upgrade","damage_taken":0,"relics_obtained":["Mark of the Bloom"],"max_hp_gain":0,"max_hp_loss":0,"event_name":"MindBloom","floor":39,"gold_loss":0,"cards_upgraded":["Strike_B","Strike_B","Defend_B","Defend_B","Zap","Dualcast","Reinforced Body","Reinforced Body","Master of Strategy","Glacier","Defragment","Blizzard","Reboot","FTL"]},{"damage_healed":0,"gold_gain":222,"player_choice":"Wore Mask","damage_taken":0,"max_hp_gain":0,"max_hp_loss":0,"event_name":"Tomb of Lord Red Mask","floor":45,"gold_loss":0}],"is_beta":false,"boss_relics":[{"not_picked":["Orrery","Coffee Dripper"],"picked":"Sozu"},{"not_picked":["White Beast Statue","Black Star"],"picked":"Astrolabe"}],"items_purged_floors":[19,28,53],"is_endless":false,"potions_floor_spawned":[1,4,5,10,14,16,18,22,24,30,33,36,38,40,46,54],"killed_by":"The Heart","ascension_level":3}