{"gold_per_floor":[119,133,17,32,207,207,39,39,62,78,78],"floor_reached":11,"playtime":548,"items_purged":["Doubt"],"score":63,"play_id":"e0ec72dd-742b-4068-9ebe-5892930f99f7","local_time":"20190125113846","is_ascension_mode":false,"campfire_choices":[{"data":"BootSequence","floor":6,"key":"SMITH"}],"neow_cost":"PERCENT_DAMAGE","seed_source_timestamp":348375704814155,"circlet_count":0,"master_deck":["Strike_B","Strike_B","Defend_B","Defend_B","Defend_B","Defend_B","Zap","Dualcast","Fusion","Ball Lightning","BootSequence+1","Coolheaded","Conserve Battery","Finesse","Cold Snap"],"relics":["Cracked Core"],"potions_floor_usage":[],"damage_taken":[{"damage":1,"enemies":"Cultist","floor":1,"turns":4},{"damage":1,"enemies":"Jaw Worm","floor":2,"turns":4},{"damage":0,"enemies":"Small Slimes","floor":4,"turns":3},{"damage":3,"enemies":"Looter","floor":10,"turns":4},{"damage":52,"enemies":"Gremlin Nob","floor":11,"turns":5}],"seed_played":"-5048298993985659236","potions_obtained":[{"floor":10,"key":"Weak Potion"}],"is_trial":false,"path_per_floor":["M","M","$","M","?","R","$","?","T","M","E"],"character_chosen":"DEFECT","items_purchased":["BootSequence","Coolheaded","Finesse"],"campfire_rested":0,"item_purchase_floors":[3,3,7],"current_hp_per_floor":[53,52,52,52,52,52,52,52,52,49,0],"gold":78,"neow_bonus":"REMOVE_TWO","is_prod":false,"is_daily":false,"chose_seed":false,"campfire_upgraded":1,"win_rate":0,"timestamp":1548445126,"path_taken":["M","M","$","M","?","R","$","?","T","M","E"],"build_version":"2019-01-23","purchased_purges":1,"victory":false,"max_hp_per_floor":[75,75,75,75,75,75,75,75,75,75,75],"card_choices":[{"not_picked":["Rebound","Compile Driver"],"picked":"Fusion","floor":1},{"not_picked":["Streamline","Lockon"],"picked":"Ball Lightning","floor":2},{"not_picked":["Genetic Algorithm","Leap"],"picked":"Conserve Battery","floor":4},{"not_picked":["Go for the Eyes","Rebound"],"picked":"Cold Snap","floor":10}],"player_experience":135553,"relics_obtained":[],"event_choices":[{"damage_healed":0,"gold_gain":175,"player_choice":"AGREE","damage_taken":0,"max_hp_gain":0,"max_hp_loss":0,"event_name":"Liars Game","floor":5,"gold_loss":0,"cards_obtained":["Doubt"]},{"damage_healed":0,"gold_gain":0,"player_choice":"Ignored","damage_taken":0,"max_hp_gain":0,"max_hp_loss":0,"event_name":"NoteForYourself","floor":8,"gold_loss":0}],"is_beta":false,"boss_relics":[],"items_purged_floors":[7],"is_endless":false,"potions_floor_spawned":[10],"killed_by":"Gremlin Nob","ascension_level":0}