{"gold_per_floor":[12,12,87,87,104,104,129,30,30,30,48,48,80,93,93,192,192,206,206],"floor_reached":19,"playtime":1316,"items_purged":["Strike_B"],"score":193,"play_id":"a0a5c30f-8a25-4d63-94d4-ef9fc3e3bc64","local_time":"20180821013651","is_ascension_mode":true,"campfire_choices":[{"data":"Redo","floor":6,"key":"SMITH"},{"floor":10,"key":"REST"},{"floor":15,"key":"REST"}],"neow_cost":"NO_GOLD","seed_source_timestamp":1303698078950748,"circlet_count":0,"master_deck":["Strike_B","Strike_B","Strike_B","Defend_B","Defend_B","Defend_B","Defend_B+1","Zap+1","Dualcast","Electrodynamics","Redo+1","Storm","Static Discharge","Double Energy+1","Echo Form","Hologram","Creative AI","Conserve Battery"],"relics":["Cracked Core","Potion Belt","MawBank","The Courier","Cables","Black Star"],"potions_floor_usage":[7],"damage_taken":[{"damage":6,"enemies":"Small Slimes","floor":1,"turns":2},{"damage":10,"enemies":"2 Louse","floor":5,"turns":2},{"damage":27,"enemies":"Gremlin Nob","floor":7,"turns":4},{"damage":7,"enemies":"Jaw Worm","floor":11,"turns":2},{"damage":4,"enemies":"3 Sentries","floor":13,"turns":2},{"damage":12,"enemies":"Looter","floor":14,"turns":3},{"damage":21,"enemies":"The Guardian","floor":16,"turns":8},{"damage":49,"enemies":"2 Thieves","floor":18,"turns":4},{"damage":31,"enemies":"Shell Parasite","floor":19,"turns":3}],"seed_played":"6856724308178621170","potions_obtained":[{"floor":1,"key":"FocusPotion"},{"floor":5,"key":"Strength Potion"},{"floor":13,"key":"Explosive Potion"}],"is_trial":false,"path_per_floor":["M","?","?","?","M","R","E","$","T","R","M","?","E","M","R","B",null,"M"],"character_chosen":"DEFECT","items_purchased":["Static Discharge"],"campfire_rested":2,"item_purchase_floors":[8],"current_hp_per_floor":[69,69,58,58,48,48,21,21,21,43,36,21,17,5,27,6,75,26,0],"gold":206,"neow_bonus":"THREE_RARE_CARDS","is_prod":false,"is_daily":false,"chose_seed":false,"campfire_upgraded":1,"win_rate":0,"timestamp":1534833411,"path_taken":["M","?","?","?","?","R","E","$","T","R","M","?","E","M","R","BOSS","M","M"],"build_version":"2018-08-16","purchased_purges":1,"victory":false,"max_hp_per_floor":[75,75,75,75,75,75,75,75,75,75,75,75,75,75,75,75,75,75,75],"card_choices":[{"not_picked":["Hyperbeam","Core Surge"],"picked":"Electrodynamics","floor":0},{"not_picked":["Undo","Gash"],"picked":"Beam Cell","floor":1},{"not_picked":["Rip and Tear","Gash"],"picked":"Redo","floor":5},{"not_picked":["Barrage","BootSequence"],"picked":"Storm","floor":7},{"not_picked":["Turbo","Coolheaded"],"picked":"Double Energy","floor":11},{"not_picked":["Reprogram","Sweeping Beam"],"picked":"Echo Form","floor":13},{"not_picked":["Steam Power","Streamline"],"picked":"Hologram","floor":14},{"not_picked":["Machine Learning","Hyperbeam"],"picked":"Creative AI","floor":16},{"not_picked":["Beam Cell","Barrage"],"picked":"Conserve Battery","floor":18}],"player_experience":179607,"relics_obtained":[{"floor":7,"key":"MawBank"},{"floor":9,"key":"The Courier"},{"floor":13,"key":"Cables"}],"event_choices":[{"event_name":"Living Wall","player_choice":"Grow","floor":2,"damage_taken":0},{"event_name":"World of Goop","player_choice":"Gather Gold","floor":3,"damage_taken":0},{"event_name":"WeMeetAgain","player_choice":"Card","floor":4,"damage_taken":0},{"event_name":"Shining Light","player_choice":"Entered Light","floor":12,"damage_taken":0}],"is_beta":false,"boss_relics":[{"not_picked":["White Beast Statue","Coffee Dripper"],"picked":"Black Star"}],"items_purged_floors":[8],"is_endless":false,"potions_floor_spawned":[1,5,13],"killed_by":"Shell Parasite","ascension_level":2}