{"gold_per_floor":[10,10,30,30,44,44,44,70,70,86,105,105,124,135,135,230,230,241,259,358,358],"floor_reached":21,"playtime":1522,"items_purged":[],"score":229,"play_id":"1e7ef9f1-4ef8-4a0c-9452-20233ad937a8","local_time":"20180826210934","is_ascension_mode":true,"campfire_choices":[{"data":"Deadly Poison","floor":7,"key":"SMITH"},{"floor":12,"key":"REST"},{"floor":15,"key":"REST"}],"neow_cost":"NO_GOLD","seed_source_timestamp":415240855019214,"circlet_count":0,"master_deck":["Defend_G","Defend_G","Defend_G","Defend_G","Defend_G","Strike_G","Strike_G","Strike_G","Strike_G","Survivor","Neutralize","Envenom+1","Dodge and Roll","Deadly Poison+1","Dodge and Roll","Poisoned Stab","Sucker Punch","All Out Attack","Quick Slash","PiercingWail","A Thousand Cuts","Bouncing Flask","Escape Plan","Slice","Blur","Infinite Blades+1"],"relics":["Ring of the Snake","Pear","Pantograph","Orrery"],"potions_floor_usage":[8,14,18,21],"damage_taken":[{"damage":5,"enemies":"Jaw Worm","floor":1,"turns":6},{"damage":2,"enemies":"Small Slimes","floor":3,"turns":5},{"damage":0,"enemies":"Cultist","floor":5,"turns":4},{"damage":42,"enemies":"3 Sentries","floor":8,"turns":16},{"damage":7,"enemies":"2 Fungi Beasts","floor":10,"turns":4},{"damage":13,"enemies":"Exordium Thugs","floor":11,"turns":5},{"damage":18,"enemies":"Exordium Wildlife","floor":13,"turns":5},{"damage":8,"enemies":"Red Slaver","floor":14,"turns":4},{"damage":35,"enemies":"The Guardian","floor":16,"turns":10},{"damage":30,"enemies":"3 Byrds","floor":18,"turns":6},{"damage":24,"enemies":"Shell Parasite","floor":19,"turns":7},{"damage":14,"enemies":"Snecko","floor":21,"turns":4}],"seed_played":"-4909393101064439062","potions_obtained":[{"floor":5,"key":"Ancient Potion"},{"floor":8,"key":"SpeedPotion"},{"floor":13,"key":"Regen Potion"},{"floor":14,"key":"Ancient Potion"},{"floor":16,"key":"Swift Potion"}],"is_trial":false,"path_per_floor":["M","?","M","?","M","$","R","E","T","M","M","R","M","M","R","B",null,"M","M","?"],"character_chosen":"THE_SILENT","items_purchased":[],"campfire_rested":2,"item_purchase_floors":[],"current_hp_per_floor":[65,58,56,56,56,56,56,24,24,17,4,28,10,14,38,28,67,37,13,13,0],"gold":358,"neow_bonus":"THREE_RARE_CARDS","is_prod":false,"is_daily":false,"chose_seed":false,"campfire_upgraded":1,"win_rate":0,"timestamp":1535335774,"path_taken":["M","?","M","?","?","?","R","E","T","M","M","R","M","M","R","BOSS","M","M","?","M"],"build_version":"2018-08-23v2","purchased_purges":0,"victory":false,"max_hp_per_floor":[70,70,70,70,70,70,70,80,80,80,80,80,80,80,80,80,80,80,80,80,80],"card_choices":[{"not_picked":["Storm of Steel","Glass Knife"],"picked":"Envenom","floor":0},{"not_picked":["Prepared","Calculated Gamble"],"picked":"Dodge and Roll","floor":1},{"not_picked":["Prepared","Flying Knee"],"picked":"Deadly Poison","floor":3},{"not_picked":["Underhanded Strike","Backflip"],"picked":"Dodge and Roll","floor":5},{"not_picked":["Riddle With Holes","Dagger Throw"],"picked":"Poisoned Stab","floor":8},{"not_picked":["Grand Finale","Cloak And Dagger"],"picked":"Sucker Punch","floor":10},{"not_picked":["Cloak And Dagger","Acrobatics"],"picked":"All Out Attack","floor":11},{"not_picked":["Blade Dance","Prepared"],"picked":"Quick Slash","floor":13},{"not_picked":["Reflex","Blade Dance"],"picked":"PiercingWail","floor":14},{"not_picked":["Doppelganger","Bullet Time"],"picked":"A Thousand Cuts","floor":16},{"not_picked":["Dodge and Roll","Flying Knee"],"picked":"Bouncing Flask","floor":17},{"not_picked":["Storm of Steel","Outmaneuver"],"picked":"Escape Plan","floor":17},{"not_picked":["Flying Knee","Blade Dance"],"picked":"Slice","floor":17},{"not_picked":["Dodge and Roll","Deflect"],"picked":"Blur","floor":18},{"not_picked":["Outmaneuver","Riddle With Holes"],"picked":"Infinite Blades+1","floor":19}],"player_experience":249408,"relics_obtained":[{"floor":8,"key":"Pear"},{"floor":9,"key":"Pantograph"}],"event_choices":[{"event_name":"Golden Wing","player_choice":"Card Removal","floor":2,"damage_taken":0},{"event_name":"Accursed Blacksmith","player_choice":"Forge","floor":4,"damage_taken":0},{"event_name":"Nest","player_choice":"Stole From Cult","floor":20,"damage_taken":0}],"is_beta":false,"boss_relics":[{"not_picked":["Tiny House","White Beast Statue"],"picked":"Orrery"}],"items_purged_floors":[],"is_endless":false,"potions_floor_spawned":[5,8,13,14,16],"killed_by":"Snecko","ascension_level":5}