{"gold_per_floor":[116,116,136,24,42,42,57,57,110,110,10,10,22,45,57,69],"floor_reached":16,"playtime":367,"items_purged":["Defend_B","Defend_B"],"score":90,"play_id":"89823778-5d89-4cd0-bf1c-6858a76c2ab5","local_time":"20180902200236","is_ascension_mode":false,"campfire_choices":[{"data":"Fusion","floor":6,"key":"SMITH"},{"data":"Defragment","floor":8,"key":"SMITH"},{"data":"Capacitor","floor":15,"key":"SMITH"}],"neow_cost":"NONE","seed_source_timestamp":20156644185795,"circlet_count":0,"master_deck":["Strike_B","Strike_B","Strike_B+1","Strike_B","Defend_B","Defend_B+1","Zap+1","Dualcast","Conserve Battery","Fusion+1","Defragment+1","Conserve Battery","Capacitor+1"],"relics":["Cracked Core","Anchor","Pen Nib","MawBank"],"potions_floor_usage":[16],"damage_taken":[{"damage":2,"enemies":"Small Slimes","floor":1,"turns":3},{"damage":0,"enemies":"Cultist","floor":3,"turns":4},{"damage":0,"enemies":"2 Louse","floor":5,"turns":3},{"damage":8,"enemies":"Red Slaver","floor":7,"turns":3},{"damage":7,"enemies":"Blue Slaver","floor":14,"turns":3},{"damage":45,"enemies":"Hexaghost","floor":16,"turns":11}],"seed_played":"6896627410458666209","potions_obtained":[{"floor":3,"key":"Ancient Potion"},{"floor":7,"key":"Weak Potion"},{"floor":14,"key":"Block Potion"}],"is_trial":false,"path_per_floor":["M","?","M","$","M","R","M","R","T","?","$","?","$","M","R"],"character_chosen":"DEFECT","items_purchased":["Defragment"],"campfire_rested":0,"item_purchase_floors":[4],"current_hp_per_floor":[73,73,73,73,73,73,65,65,65,50,50,50,50,43,43,0],"gold":69,"neow_bonus":"RANDOM_COMMON_RELIC","is_prod":false,"is_daily":false,"chose_seed":false,"campfire_upgraded":3,"win_rate":1,"timestamp":1535914956,"path_taken":["M","?","?","$","M","R","M","R","T","?","?","?","$","M","R","BOSS"],"build_version":"2018-08-30","purchased_purges":2,"victory":false,"max_hp_per_floor":[75,75,75,75,75,75,75,75,75,75,75,75,75,75,75,75],"card_choices":[{"not_picked":["Go for the Eyes","Barrage"],"picked":"Conserve Battery","floor":1},{"not_picked":["Steam Power","Coolheaded"],"picked":"Fusion","floor":3},{"not_picked":["Coolheaded","Aggregate","Leap"],"picked":"SKIP","floor":5},{"not_picked":["Biased Cognition","Leap"],"picked":"Conserve Battery","floor":7},{"not_picked":["Double Energy","Go for the Eyes"],"picked":"Capacitor","floor":14}],"player_experience":6192,"relics_obtained":[{"floor":9,"key":"Pen Nib"}],"event_choices":[{"event_name":"Accursed Blacksmith","player_choice":"Forge","floor":2,"damage_taken":0},{"event_name":"Shining Light","player_choice":"Entered Light","floor":10,"damage_taken":0},{"event_name":"WeMeetAgain","player_choice":"Potion","floor":12,"damage_taken":0}],"is_beta":false,"boss_relics":[],"items_purged_floors":[4,11],"is_endless":false,"potions_floor_spawned":[3,7,14],"killed_by":"Hexaghost","ascension_level":0}