{"gold_per_floor":[110,185,185,360,374,403,403,431,454,44,44,77,27,44,44,141,141,153,171,185,200,200,200,229,229,229,229,244,256,268,283,283,380,380,398,408,408,83,101,101,129,129,129,147,158,88,120,94,94,94],"floor_reached":51,"playtime":5049,"items_purged":["Doubt","Pain"],"score":783,"play_id":"bf737ad0-6576-46e2-ac50-a794d706dbd7","local_time":"20190203143539","is_ascension_mode":true,"campfire_choices":[{"floor":7,"key":"REST"},{"floor":11,"key":"REST"},{"floor":15,"key":"REST"},{"data":"After Image","floor":23,"key":"SMITH"},{"data":"Neutralize","floor":25,"key":"SMITH"},{"data":"Cloak And Dagger","floor":27,"key":"SMITH"},{"floor":32,"key":"REST"},{"floor":40,"key":"REST"},{"data":"Mind Blast","floor":49,"key":"SMITH"}],"neow_cost":"NONE","seed_source_timestamp":501741110238591,"circlet_count":0,"master_deck":["Survivor","Neutralize+1","Escape Plan","Blade Dance","Cloak And Dagger+1","After Image+1","Calculated Gamble","Infinite Blades","PiercingWail","Dodge and Roll","Glass Knife","Dodge and Roll+1","Cloak And Dagger+1","Dagger Spray","Malaise","Skewer+1","Blade Dance+1","Footwork+1","Blur","Poisoned Stab","Wraith Form v2+1","Predator","PiercingWail","Backstab","Infinite Blades+1","Finisher","Expertise","Backstab+1","Blur","Mind Blast+1","Infinite Blades+1","Deflect","Backflip","Accuracy+1","Slice+1","Cloak And Dagger"],"relics":["Ring of the Snake","Vajra","Strawberry","PreservedInsect","Incense Burner","Regal Pillow","Cursed Key","Boot","Frozen Egg 2","Pandora\u0027s Box","Bag of Marbles","Pen Nib","Oddly Smooth Stone"],"potions_floor_usage":[6,8,19,28,33,33,39,44,47,50,50],"damage_taken":[{"damage":3,"enemies":"2 Louse","floor":1,"turns":3},{"damage":0,"enemies":"Small Slimes","floor":5,"turns":3},{"damage":44,"enemies":"Gremlin Nob","floor":6,"turns":6},{"damage":18,"enemies":"Lagavulin","floor":8,"turns":10},{"damage":9,"enemies":"Gremlin Nob","floor":12,"turns":4},{"damage":2,"enemies":"Jaw Worm","floor":14,"turns":3},{"damage":27,"enemies":"Slime Boss","floor":16,"turns":13},{"damage":0,"enemies":"Chosen","floor":18,"turns":5},{"damage":0,"enemies":"Shell Parasite","floor":19,"turns":4},{"damage":5,"enemies":"Shelled Parasite and Fungi","floor":20,"turns":7},{"damage":0,"enemies":"Cultist and Chosen","floor":21,"turns":7},{"damage":24,"enemies":"Slavers","floor":24,"turns":5},{"damage":18,"enemies":"Snake Plant","floor":28,"turns":5},{"damage":5,"enemies":"Centurion and Healer","floor":29,"turns":6},{"damage":7,"enemies":"Shelled Parasite and Fungi","floor":30,"turns":7},{"damage":13,"enemies":"Sentry and Sphere","floor":31,"turns":6},{"damage":30,"enemies":"Collector","floor":33,"turns":13},{"damage":13,"enemies":"3 Shapes","floor":35,"turns":3},{"damage":13,"enemies":"3 Darklings","floor":36,"turns":3},{"damage":16,"enemies":"Writhing Mass","floor":39,"turns":6},{"damage":4,"enemies":"Giant Head","floor":41,"turns":7},{"damage":2,"enemies":"Sphere and 2 Shapes","floor":44,"turns":4},{"damage":0,"enemies":"Jaw Worm Horde","floor":45,"turns":3},{"damage":0,"enemies":"Nemesis","floor":47,"turns":3},{"damage":27,"enemies":"Donu and Deca","floor":50,"turns":8}],"seed_played":"9038456212760844589","potions_obtained":[{"floor":5,"key":"Strength Potion"},{"floor":6,"key":"Poison Potion"},{"floor":14,"key":"PowerPotion"},{"floor":16,"key":"Poison Potion"},{"floor":19,"key":"Block Potion"},{"floor":20,"key":"Poison Potion"},{"floor":29,"key":"Ancient Potion"},{"floor":33,"key":"FearPotion"},{"floor":39,"key":"Fire Potion"},{"floor":45,"key":"AttackPotion"},{"floor":47,"key":"Ancient Potion"}],"is_trial":false,"path_per_floor":["M","?","?","?","M","E","R","E","T","$","R","E","?","M","R","B",null,"M","M","M","M","?","R","E","R","T","R","M","M","M","M","R","B",null,"M","M","?","$","M","R","E","?","T","M","M","$","E","$","R","B",null],"character_chosen":"THE_SILENT","items_purchased":["Infinite Blades","Incense Burner","Bag of Marbles","GhostInAJar","Accuracy+1","Cloak And Dagger"],"campfire_rested":5,"item_purchase_floors":[10,10,38,38,46,48],"current_hp_per_floor":[67,56,61,61,61,17,39,28,28,28,52,43,43,41,80,53,82,82,82,77,77,77,77,53,53,53,53,35,30,23,10,49,19,82,69,56,56,56,40,79,75,75,75,73,73,73,73,73,73,46],"gold":94,"neow_bonus":"TRANSFORM_CARD","is_prod":false,"is_daily":false,"chose_seed":false,"campfire_upgraded":4,"win_rate":0,"timestamp":1549233339,"path_taken":["M","?","?","?","?","E","R","E","T","$","R","E","?","M","R","BOSS","M","M","M","M","?","R","E","R","T","R","M","M","M","M","R","BOSS","M","M","?","$","M","R","E","?","T","M","M","$","E","?","R","BOSS"],"build_version":"2019-01-23","purchased_purges":2,"victory":true,"max_hp_per_floor":[70,70,75,75,75,75,75,82,82,82,82,82,82,82,82,82,82,82,82,82,82,82,82,82,82,82,82,82,82,82,82,82,82,82,82,82,82,82,82,82,82,82,82,82,82,82,82,82,82,82],"card_choices":[{"not_picked":["Prepared","Tactician"],"picked":"Blade Dance","floor":1},{"not_picked":["Setup","Heel Hook"],"picked":"Cloak And Dagger","floor":5},{"not_picked":["Masterful Stab","Crippling Poison"],"picked":"After Image","floor":6},{"not_picked":["Terror","Slice"],"picked":"Calculated Gamble","floor":8},{"not_picked":["Deflect","Dodge and Roll"],"picked":"PiercingWail","floor":12},{"not_picked":["Prepared","Slice"],"picked":"Dodge and Roll","floor":14},{"not_picked":["Storm of Steel","Grand Finale"],"picked":"Glass Knife","floor":16},{"not_picked":["Cloak And Dagger","Blade Dance"],"picked":"Dodge and Roll+1","floor":18},{"not_picked":["Poisoned Stab","Eviscerate"],"picked":"Cloak And Dagger+1","floor":19},{"not_picked":["Bouncing Flask","Poisoned Stab+1"],"picked":"Dagger Spray","floor":20},{"not_picked":["Prepared","Slice"],"picked":"Malaise","floor":21},{"not_picked":["Dagger Throw","Dodge and Roll"],"picked":"Skewer+1","floor":24},{"not_picked":["Concentrate","Quick Slash"],"picked":"Blade Dance+1","floor":28},{"not_picked":["Bane+1","Caltrops+1"],"picked":"Footwork+1","floor":29},{"not_picked":["Quick Slash","Crippling Poison"],"picked":"Blur","floor":30},{"not_picked":["Flying Knee","Dagger Spray"],"picked":"Poisoned Stab","floor":31},{"not_picked":["Doppelganger","A Thousand Cuts+1"],"picked":"Wraith Form v2+1","floor":33},{"not_picked":["PiercingWail+1","Crippling Poison"],"picked":"Backstab+1","floor":35},{"not_picked":["Skewer","Quick Slash"],"picked":"Blur","floor":36},{"not_picked":["Violence","Enlightenment"],"picked":"Mind Blast","floor":37},{"not_picked":["Cloak And Dagger","Backflip+1"],"picked":"Infinite Blades+1","floor":39},{"not_picked":["PiercingWail","Heel Hook"],"picked":"Deflect","floor":41},{"not_picked":["Distraction+1","Deadly Poison+1"],"picked":"Backflip","floor":44},{"not_picked":["Slice","Dodge and Roll","Underhanded Strike"],"picked":"SKIP","floor":45},{"not_picked":["Outmaneuver+1","Calculated Gamble+1"],"picked":"Slice+1","floor":47}],"player_experience":424988,"relics_obtained":[{"floor":6,"key":"Vajra"},{"floor":8,"key":"Strawberry"},{"floor":9,"key":"PreservedInsect"},{"floor":12,"key":"Regal Pillow"},{"floor":24,"key":"Boot"},{"floor":26,"key":"Frozen Egg 2"},{"floor":41,"key":"Pen Nib"},{"floor":47,"key":"Oddly Smooth Stone"}],"event_choices":[{"damage_healed":0,"gold_gain":75,"player_choice":"Gather Gold","damage_taken":11,"max_hp_gain":0,"max_hp_loss":0,"event_name":"World of Goop","floor":2,"gold_loss":0},{"damage_healed":0,"gold_gain":0,"player_choice":"Donut","damage_taken":0,"max_hp_gain":5,"max_hp_loss":0,"event_name":"Big Fish","floor":3,"gold_loss":0},{"damage_healed":0,"gold_gain":175,"player_choice":"AGREE","damage_taken":0,"max_hp_gain":0,"max_hp_loss":0,"event_name":"Liars Game","floor":4,"gold_loss":0,"cards_obtained":["Doubt"]},{"cards_removed":["Defend_G"],"damage_healed":0,"gold_gain":0,"player_choice":"Card Removal","damage_taken":0,"max_hp_gain":0,"max_hp_loss":0,"event_name":"The Cleric","floor":13,"gold_loss":50},{"cards_removed":["Defend_G"],"damage_healed":0,"gold_gain":0,"player_choice":"Offered Basic","damage_taken":0,"max_hp_gain":0,"max_hp_loss":0,"event_name":"Bonfire Elementals","floor":22,"gold_loss":0},{"damage_healed":0,"gold_gain":0,"player_choice":"Memory 1","damage_taken":0,"max_hp_gain":0,"max_hp_loss":0,"event_name":"SensoryStone","floor":37,"gold_loss":0},{"cards_removed":["Bane"],"damage_healed":0,"gold_gain":0,"player_choice":"Removed Attack","damage_taken":0,"max_hp_gain":0,"max_hp_loss":0,"event_name":"Falling","floor":42,"gold_loss":0}],"is_beta":false,"boss_relics":[{"not_picked":["Runic Dome","Coffee Dripper"],"picked":"Cursed Key"},{"not_picked":["WristBlade","Eternal Feather"],"picked":"Pandora\u0027s Box"}],"items_purged_floors":[10,38],"is_endless":false,"potions_floor_spawned":[5,6,14,16,19,20,21,29,30,33,39,41,45,47],"ascension_level":1}