{"gold_per_floor":[111,36,48,48,48,48,79,96,120,120,20,20,50,68,68,167,167,182,182],"floor_reached":19,"playtime":351,"items_purged":["Strike_R","Strike_R"],"score":263,"play_id":"8cccab5f-96b2-4367-b8cc-75fb53cd418b","local_time":"20181123190632","is_ascension_mode":true,"campfire_choices":[{"data":"Whirlwind","floor":6,"key":"SMITH"},{"data":"Flex","floor":10,"key":"SMITH"},{"data":"Bash","floor":15,"key":"SMITH"}],"neow_cost":"TEN_PERCENT_HP_LOSS","seed_source_timestamp":4422965146648,"circlet_count":0,"master_deck":["AscendersBane","Strike_R","Defend_R","Defend_R","Defend_R","Defend_R","Bash+1","Whirlwind+1","Reckless Charge+1","Flex+1","Spot Weakness+1","Feed","Reckless Charge+1"],"relics":["Burning Blood","Blood Vial","Question Card","Red Skull","Boot","Runic Cube"],"potions_floor_usage":[13,13,16],"damage_taken":[{"damage":6,"enemies":"2 Louse","floor":1,"turns":2},{"damage":4,"enemies":"Jaw Worm","floor":3,"turns":4},{"damage":27,"enemies":"Gremlin Nob","floor":7,"turns":4},{"damage":0,"enemies":"Small Slimes","floor":8,"turns":3},{"damage":12,"enemies":"3 Sentries","floor":13,"turns":2},{"damage":0,"enemies":"Gremlin Gang","floor":14,"turns":1},{"damage":47,"enemies":"Hexaghost","floor":16,"turns":8},{"damage":28,"enemies":"2 Thieves","floor":18,"turns":3},{"damage":43,"enemies":"Spheric Guardian","floor":19,"turns":5}],"seed_played":"8911579775063946719","potions_obtained":[{"floor":3,"key":"FearPotion"},{"floor":7,"key":"BloodPotion"},{"floor":12,"key":"GamblersBrew"},{"floor":12,"key":"Dexterity Potion"}],"is_trial":false,"path_per_floor":["M","$","M","?","?","R","E","M","T","R","$","?","E","M","R","B",null,"M","M"],"character_chosen":"IRONCLAD","items_purchased":[],"campfire_rested":0,"item_purchase_floors":[],"current_hp_per_floor":[72,72,72,60,46,46,27,35,35,35,35,35,38,46,46,7,56,39,0],"gold":182,"neow_bonus":"TRANSFORM_TWO_CARDS","is_prod":false,"is_daily":false,"chose_seed":false,"campfire_upgraded":3,"win_rate":0,"timestamp":1542999992,"path_taken":["M","$","M","?","?","R","E","M","T","R","$","?","E","M","R","BOSS","M","?"],"build_version":"2018-11-15","purchased_purges":2,"victory":false,"max_hp_per_floor":[72,72,72,72,72,72,72,72,72,72,72,72,72,72,72,72,72,75,75],"card_choices":[{"not_picked":["Cleave","Dual Wield"],"picked":"Flex","floor":1},{"not_picked":["Carnage","Seeing Red"],"picked":"Spot Weakness","floor":3},{"not_picked":["Body Slam","Armaments","Anger"],"picked":"SKIP","floor":7},{"not_picked":["Cleave","Iron Wave","Headbutt","Clothesline"],"picked":"SKIP","floor":8},{"not_picked":["Spot Weakness","Flex","Combust","Clothesline"],"picked":"SKIP","floor":13},{"not_picked":["Heavy Blade","Anger","Clash","Havoc"],"picked":"SKIP","floor":14},{"not_picked":["Brutality","Demon Form","Immolate"],"picked":"Feed","floor":16},{"not_picked":["Searing Blow","Inflame","Uppercut+1"],"picked":"Reckless Charge+1","floor":18}],"player_experience":200001,"relics_obtained":[{"floor":7,"key":"Question Card"},{"floor":9,"key":"Red Skull"},{"floor":13,"key":"Boot"}],"event_choices":[{"damage_healed":0,"gold_gain":0,"player_choice":"Success","damage_taken":12,"relics_obtained":["Blood Vial"],"max_hp_gain":0,"max_hp_loss":0,"event_name":"Scrap Ooze","floor":4,"gold_loss":0},{"damage_healed":0,"gold_gain":0,"player_choice":"Entered Light","damage_taken":14,"max_hp_gain":0,"max_hp_loss":0,"event_name":"Shining Light","floor":5,"gold_loss":0,"cards_upgraded":["Spot Weakness","Reckless Charge"]},{"damage_healed":0,"gold_gain":0,"player_choice":"Got Potions","damage_taken":0,"max_hp_gain":0,"max_hp_loss":0,"event_name":"Lab","floor":12,"gold_loss":0}],"is_beta":false,"boss_relics":[{"not_picked":["Eternal Feather","Black Star"],"picked":"Runic Cube"}],"items_purged_floors":[2,11],"is_endless":false,"potions_floor_spawned":[3,7],"killed_by":"Spheric Guardian","ascension_level":10}