{"gold_per_floor":[11,11,11,24,39,68,80,97,97,110,28,28,41,41,41,41],"floor_reached":16,"playtime":507,"items_purged":[],"score":151,"play_id":"80e93bc6-018d-4894-9236-a357b0c28244","local_time":"20181127183842","is_ascension_mode":true,"campfire_choices":[{"floor":12,"key":"REST"},{"data":"Neutralize","floor":15,"key":"SMITH"}],"neow_cost":"NO_GOLD","seed_source_timestamp":975839196919,"circlet_count":0,"master_deck":["Defend_G","Defend_G","Defend_G","Defend_G","Strike_G","Strike_G+1","Strike_G+1","Strike_G","Survivor","Neutralize+1","Cloak And Dagger","Backflip","Caltrops","Prepared","Cloak And Dagger","Terror","Footwork+1","Prepared","Decay"],"relics":["Ring of the Snake","Letter Opener","Du-Vu Doll","Frozen Egg 2"],"potions_floor_usage":[6],"damage_taken":[{"damage":0,"enemies":"Cultist","floor":1,"turns":6},{"damage":0,"enemies":"Jaw Worm","floor":4,"turns":4},{"damage":0,"enemies":"Small Slimes","floor":5,"turns":3},{"damage":26,"enemies":"Lagavulin","floor":6,"turns":7},{"damage":16,"enemies":"Exordium Thugs","floor":7,"turns":7},{"damage":2,"enemies":"2 Fungi Beasts","floor":8,"turns":4},{"damage":0,"enemies":"Large Slime","floor":10,"turns":5},{"damage":2,"enemies":"3 Louse","floor":13,"turns":4},{"damage":28,"enemies":"Slime Boss","floor":16,"turns":9}],"seed_played":"3816782385574920972","potions_obtained":[{"floor":1,"key":"Strength Potion"},{"floor":10,"key":"LiquidBronze"},{"floor":13,"key":"Ancient Potion"}],"is_trial":false,"path_per_floor":["M","?","T","M","M","E","M","M","T","M","$","R","M","?","R","B"],"character_chosen":"THE_SILENT","items_purchased":["Footwork+1"],"campfire_rested":1,"item_purchase_floors":[11],"current_hp_per_floor":[63,49,49,49,49,23,7,5,5,5,5,26,24,24,24,0],"gold":41,"neow_bonus":"REMOVE_TWO","is_prod":false,"is_daily":false,"chose_seed":false,"campfire_upgraded":1,"win_rate":0,"timestamp":1543343922,"path_taken":["M","?","?","M","M","E","M","M","T","M","$","R","M","?","R","BOSS"],"build_version":"2018-11-15","purchased_purges":0,"victory":false,"max_hp_per_floor":[70,70,70,70,70,70,70,70,70,70,70,70,70,70,70,70],"card_choices":[{"not_picked":["Slice","Prepared"],"picked":"Cloak And Dagger","floor":1},{"not_picked":["Flying Knee","Underhanded Strike"],"picked":"Backflip","floor":4},{"not_picked":["Dodge and Roll","Acrobatics","Night Terror"],"picked":"SKIP","floor":5},{"not_picked":["All Out Attack","Cloak And Dagger"],"picked":"Caltrops","floor":6},{"not_picked":["Deadly Poison","Dagger Spray"],"picked":"Prepared","floor":7},{"not_picked":["Slice","Dash"],"picked":"Cloak And Dagger","floor":8},{"not_picked":["Dodge and Roll","Dagger Spray"],"picked":"Terror","floor":10},{"not_picked":["Choke","Dodge and Roll"],"picked":"Prepared","floor":13}],"player_experience":211382,"relics_obtained":[{"floor":3,"key":"Letter Opener"},{"floor":6,"key":"Du-Vu Doll"},{"floor":9,"key":"Frozen Egg 2"}],"event_choices":[{"damage_healed":0,"gold_gain":0,"player_choice":"Entered Light","damage_taken":14,"max_hp_gain":0,"max_hp_loss":0,"event_name":"Shining Light","floor":2,"gold_loss":0,"cards_upgraded":["Strike_G","Strike_G"]},{"damage_healed":0,"gold_gain":0,"player_choice":"Cursed","damage_taken":0,"max_hp_gain":0,"max_hp_loss":0,"event_name":"Wheel of Change","floor":14,"gold_loss":0,"cards_obtained":["Decay"]}],"is_beta":false,"boss_relics":[],"items_purged_floors":[],"is_endless":false,"potions_floor_spawned":[1,10,13],"killed_by":"Slime Boss","ascension_level":9}