{"gold_per_floor":[116,127,87,97,5,5,17,52,76,93,18,93,93,103,103,199,199,213,50,100,31,45,45,45,45,71,71,129,129,129,144,144,144],"floor_reached":33,"playtime":828,"items_purged":["Strike_R"],"score":288,"play_id":"a87c2ac7-c0c0-428d-931e-a4842bc5e56b","local_time":"20181209182219","is_ascension_mode":false,"campfire_choices":[{"data":"Uppercut","floor":6,"key":"SMITH"},{"data":"True Grit","floor":13,"key":"SMITH"},{"data":"Sadistic Nature","floor":15,"key":"SMITH"},{"data":"Intimidate","floor":23,"key":"SMITH"},{"data":"Master of Strategy","floor":25,"key":"SMITH"},{"data":"Offering","floor":27,"key":"SMITH"},{"data":"Shrug It Off","floor":32,"key":"SMITH"}],"neow_cost":"PERCENT_DAMAGE","seed_source_timestamp":13009932956351,"circlet_count":0,"master_deck":["Strike_R","Strike_R","Strike_R","Strike_R","Defend_R","Defend_R","Defend_R","Defend_R","Bash","Sadistic Nature+1","Master of Strategy+1","Battle Trance","Uppercut+1","Shrug It Off+1","True Grit+1","Reaper","Thunderclap","Thunderclap","Feed","Headbutt+1","Offering+1","Intimidate+1","Pommel Strike+1","Limit Break"],"relics":["Burning Blood","Strawberry","Orichalcum","Runic Dome","Bag of Marbles","Tiny Chest","Self Forming Clay"],"potions_floor_usage":[8,8,22,33,33],"damage_taken":[{"damage":1,"enemies":"Cultist","floor":1,"turns":4},{"damage":1,"enemies":"Jaw Worm","floor":2,"turns":3},{"damage":6,"enemies":"Small Slimes","floor":4,"turns":3},{"damage":6,"enemies":"2 Fungi Beasts","floor":7,"turns":3},{"damage":28,"enemies":"3 Sentries","floor":8,"turns":8},{"damage":3,"enemies":"Red Slaver","floor":10,"turns":2},{"damage":9,"enemies":"Exordium Wildlife","floor":14,"turns":6},{"damage":39,"enemies":"Hexaghost","floor":16,"turns":13},{"damage":3,"enemies":"Shell Parasite","floor":18,"turns":6},{"damage":20,"enemies":"2 Thieves","floor":22,"turns":4},{"damage":18,"enemies":"Book of Stabbing","floor":28,"turns":4},{"damage":6,"enemies":"Snake Plant","floor":31,"turns":3},{"damage":73,"enemies":"Champ","floor":33,"turns":9}],"seed_played":"-778670049365747870","potions_obtained":[{"floor":1,"key":"EssenceOfSteel"},{"floor":3,"key":"Poison Potion"},{"floor":3,"key":"Swift Potion"},{"floor":8,"key":"Poison Potion"},{"floor":31,"key":"LiquidBronze"}],"is_trial":false,"path_per_floor":["M","M","?","M","$","R","M","E","T","M","$","?","R","M","R","B",null,"M","$","?","$","M","R","?","R","T","R","E","?","T","M","R","B"],"character_chosen":"IRONCLAD","items_purchased":["Shrug It Off","True Grit","Offering","Intimidate"],"campfire_rested":0,"item_purchase_floors":[5,5,19,21],"current_hp_per_floor":[61,66,66,66,66,66,66,65,65,68,68,57,57,54,54,27,87,87,87,87,87,76,76,76,76,76,76,70,52,52,52,52,0],"gold":144,"neow_bonus":"RANDOM_COLORLESS_2","is_prod":false,"is_daily":false,"chose_seed":false,"campfire_upgraded":7,"win_rate":0,"timestamp":1544379739,"path_taken":["M","?","?","M","$","R","?","E","T","M","?","?","R","M","R","BOSS","M","$","?","$","?","R","?","R","T","R","E","?","?","M","R","BOSS"],"build_version":"2018-12-06","purchased_purges":1,"victory":false,"max_hp_per_floor":[80,80,80,80,80,80,80,87,87,87,87,87,87,87,87,87,87,87,87,87,87,90,90,90,90,90,90,90,95,95,95,95,95],"card_choices":[{"not_picked":["Anger","Flame Barrier"],"picked":"Battle Trance","floor":1},{"not_picked":["Corruption","Heavy Blade"],"picked":"Uppercut","floor":2},{"not_picked":["Sentinel","Havoc","Headbutt"],"picked":"SKIP","floor":4},{"not_picked":["Headbutt","Armaments"],"picked":"Reaper","floor":7},{"not_picked":["Sword Boomerang","Searing Blow"],"picked":"Thunderclap","floor":8},{"not_picked":["Twin Strike","Rupture","Searing Blow"],"picked":"SKIP","floor":10},{"not_picked":["Metallicize","Armaments"],"picked":"Thunderclap","floor":14},{"not_picked":["Reaper","Exhume"],"picked":"Feed","floor":16},{"not_picked":["Perfected Strike","Bloodletting"],"picked":"Headbutt+1","floor":18},{"not_picked":["Evolve+1","Burning Pact"],"picked":"Pommel Strike+1","floor":22},{"not_picked":["Warcry","Hemokinesis"],"picked":"Limit Break","floor":28},{"not_picked":["Sentinel+1","Clothesline","Armaments"],"picked":"SKIP","floor":31}],"player_experience":255433,"relics_obtained":[{"floor":8,"key":"Strawberry"},{"floor":9,"key":"Orichalcum"},{"floor":26,"key":"Bag of Marbles"},{"floor":28,"key":"Tiny Chest"},{"floor":30,"key":"Self Forming Clay"}],"event_choices":[{"damage_healed":0,"gold_gain":0,"player_choice":"Bought 3 Potions","damage_taken":0,"max_hp_gain":0,"max_hp_loss":0,"event_name":"The Woman in Blue","floor":3,"gold_loss":0},{"damage_healed":0,"gold_gain":75,"player_choice":"Gather Gold","damage_taken":11,"max_hp_gain":0,"max_hp_loss":0,"event_name":"World of Goop","floor":12,"gold_loss":0},{"damage_healed":0,"gold_gain":100,"player_choice":"Bet on Murderer","damage_taken":0,"max_hp_gain":0,"max_hp_loss":0,"event_name":"The Joust","floor":20,"gold_loss":50},{"damage_healed":0,"gold_gain":0,"player_choice":"Ignored","damage_taken":0,"max_hp_gain":0,"max_hp_loss":0,"event_name":"Ghosts","floor":24,"gold_loss":0},{"damage_healed":0,"gold_gain":0,"player_choice":"Shed Blood","damage_taken":23,"max_hp_gain":5,"max_hp_loss":0,"event_name":"Forgotten Altar","floor":29,"gold_loss":0}],"is_beta":false,"boss_relics":[{"not_picked":["Runic Cube","Fusion Hammer"],"picked":"Runic Dome"}],"items_purged_floors":[11],"is_endless":false,"potions_floor_spawned":[1,8,31],"killed_by":"Champ","ascension_level":0}