{"gold_per_floor":[118,118,118,136,61,61,71,91,115,143,214,252,280,305,317,427,439,466,504,533,495,506,535,549,464,518,518,271,282,292,309,309,410,410,427,446,245,265,265,265,284,284,284,184,197,197,197,215,215,215],"floor_reached":51,"playtime":1874,"items_purged":["Strike_R","Strike_R","Strike_R","Strike_R","Defend_R"],"score":683,"play_id":"d17a5ad8-9c48-4d50-8765-6594646da596","local_time":"20180909195524","is_ascension_mode":false,"campfire_choices":[{"data":"Iron Wave","floor":6.0,"key":"SMITH"},{"data":"Inflame","floor":15,"key":"SMITH"},{"data":"Burning Pact","floor":27,"key":"SMITH"},{"floor":32,"key":"REST"},{"data":"Finesse","floor":40,"key":"SMITH"},{"data":"Iron Wave","floor":42,"key":"SMITH"},{"data":"Body Slam","floor":46,"key":"SMITH"},{"data":"Offering","floor":49,"key":"SMITH"}],"neow_cost":"NONE","seed_source_timestamp":0,"circlet_count":0,"master_deck":["Defend_R","Defend_R+1","Defend_R+1","Bash","Iron Wave+1","Iron Wave+1","Iron Wave+1","Inflame+1","Offering+1","Body Slam+1","Intimidate+1","Burning Pact+1","Quick Slash+1","Feel No Pain+1","Warcry+1","Finesse+1","Warcry","Body Slam+1","Hologram+1"],"special_seed":0,"relics":["Burning Blood","Smiling Mask","MawBank","Strawberry","Darkstone Periapt","Busted Crown","Red Mask","Happy Flower","Gremlin Horn","Bronze Scales","PrismaticShard","Eternal Feather","Self Forming Clay","War Paint"],"potions_floor_usage":[10,11,12,16,19,33,33,33,38,50,50,50],"damage_taken":[{"damage":7.0,"enemies":"Small Slimes","floor":1.0,"turns":5.0},{"damage":0.0,"enemies":"Cultist","floor":4.0,"turns":3.0},{"damage":0.0,"enemies":"Jaw Worm","floor":7.0,"turns":3.0},{"damage":3.0,"enemies":"Exordium Wildlife","floor":8.0,"turns":5.0},{"damage":34,"enemies":"3 Sentries","floor":10,"turns":12},{"damage":39,"enemies":"Lagavulin Event","floor":11,"turns":8},{"damage":6,"enemies":"Gremlin Nob","floor":12,"turns":4},{"damage":7,"enemies":"Exordium Thugs","floor":13,"turns":6},{"damage":0,"enemies":"2 Fungi Beasts","floor":14,"turns":5},{"damage":16,"enemies":"The Guardian","floor":16,"turns":10},{"damage":6,"enemies":"Chosen","floor":18,"turns":4},{"damage":19,"enemies":"Masked Bandits","floor":19,"turns":5},{"damage":6,"enemies":"Shell Parasite","floor":20,"turns":3},{"damage":6,"enemies":"Snake Plant","floor":22,"turns":3},{"damage":13,"enemies":"Book of Stabbing","floor":23,"turns":6},{"damage":10,"enemies":"Chosen and Byrds","floor":24,"turns":6},{"damage":6,"enemies":"Cultist and Chosen","floor":29,"turns":3},{"damage":9,"enemies":"Snake Plant","floor":30,"turns":3},{"damage":10,"enemies":"Snecko","floor":31,"turns":4},{"damage":47,"enemies":"Champ","floor":33,"turns":8},{"damage":9,"enemies":"3 Darklings","floor":35,"turns":5},{"damage":6,"enemies":"Orb Walker","floor":36,"turns":3},{"damage":6,"enemies":"Reptomancer","floor":38,"turns":5},{"damage":7,"enemies":"Maw","floor":41,"turns":8},{"damage":13,"enemies":"Spire Growth","floor":45,"turns":4},{"damage":6,"enemies":"Sphere and 2 Shapes","floor":48,"turns":4},{"damage":35,"enemies":"Time Eater","floor":50,"turns":7}],"seed_played":"-5053157350001202457","potions_obtained":[{"floor":7.0,"key":"Regen Potion"},{"floor":10,"key":"Regen Potion"},{"floor":11,"key":"Ancient Potion"},{"floor":12,"key":"LiquidBronze"},{"floor":13,"key":"BloodPotion"},{"floor":16,"key":"Explosive Potion"},{"floor":18,"key":"PowerPotion"},{"floor":23,"key":"SpeedPotion"},{"floor":33,"key":"AttackPotion"},{"floor":35,"key":"SpeedPotion"},{"floor":38,"key":"Poison Potion"},{"floor":41,"key":"EssenceOfSteel"},{"floor":48,"key":"Block Potion"}],"is_trial":false,"path_per_floor":["M","?","?","M","$","R","M","M","T","E","?","E","M","M","R","B",null,"M","?","M","$","M","E","M","?","T","R","$","M","M","M","R","B",null,"M","M","$","M","?","R","M","R","T","$","M","R","?","M","R","B"],"character_chosen":"IRONCLAD","items_purchased":["PrismaticShard","Finesse","Warcry","Body Slam"],"campfire_rested":1,"item_purchase_floors":[28,37,37,44],"current_hp_per_floor":[79,72,72,78,78,78,80,80,80,65,54,54,53,59,59,49,87,87,74,74,74,74,67,63,63,63,63,63,63,60,56,82,49,87,84,84,84,84,84,87,86,87,87,87,80,87,77,77,86,57],"gold":215,"neow_bonus":"THREE_CARDS","is_prod":false,"is_daily":false,"chose_seed":false,"campfire_upgraded":7,"win_rate":0,"timestamp":1536519324,"path_taken":["M","?","?","M","?","R","?","M","T","E","?","E","M","M","R","BOSS","M","?","M","$","?","E","M","?","T","R","$","?","M","M","R","BOSS","M","M","$","M","?","R","M","R","T","$","M","R","?","M","R","BOSS"],"build_version":"2018-09-06","purchased_purges":5,"victory":true,"max_hp_per_floor":[80,80,80,80,80,80,80,80,80,80,87,87,87,87,87,87,87,87,87,87,87,87,87,87,87,87,87,87,87,87,87,87,87,87,87,87,87,87,87,87,87,87,87,87,87,87,87,87,87,87],"card_choices":[{"not_picked":["Body Slam","Headbutt"],"picked":"Iron Wave","floor":0.0},{"not_picked":["Heavy Blade","Perfected Strike","Warcry"],"picked":"SKIP","floor":1.0},{"not_picked":["Thunderclap","Berserk"],"picked":"Iron Wave","floor":4.0},{"not_picked":["Body Slam","Power Through"],"picked":"Iron Wave","floor":7.0},{"not_picked":["Iron Wave","Sword Boomerang","Rampage"],"picked":"SKIP","floor":8.0},{"not_picked":["Flex","Anger"],"picked":"Inflame","floor":10},{"not_picked":["Clothesline","Carnage","Searing Blow"],"picked":"SKIP","floor":12},{"not_picked":["Clothesline","Rampage","Flex"],"picked":"SKIP","floor":13},{"not_picked":["Burning Pact","Clothesline"],"picked":"Offering","floor":14},{"not_picked":["Rupture"],"picked":"SKIP","floor":18},{"not_picked":[],"picked":"Body Slam+1","floor":19},{"not_picked":[],"picked":"Intimidate+1","floor":20},{"not_picked":["Pummel"],"picked":"SKIP","floor":22},{"not_picked":["Anger"],"picked":"SKIP","floor":23},{"not_picked":[],"picked":"Burning Pact","floor":24},{"not_picked":["True Grit"],"picked":"SKIP","floor":29},{"not_picked":["Bloodletting+1"],"picked":"SKIP","floor":30},{"not_picked":[],"picked":"Quick Slash+1","floor":31},{"not_picked":["Feel No Pain+1"],"picked":"SKIP","floor":35},{"not_picked":[],"picked":"Feel No Pain+1","floor":35},{"not_picked":[],"picked":"Warcry+1","floor":36},{"not_picked":["Rupture"],"picked":"SKIP","floor":38},{"not_picked":["Catalyst"],"picked":"SKIP","floor":41},{"not_picked":[],"picked":"Hologram+1","floor":45},{"not_picked":["Masterful Stab"],"picked":"SKIP","floor":48}],"player_experience":29581,"relics_obtained":[{"floor":9.0,"key":"Smiling Mask"},{"floor":10,"key":"MawBank"},{"floor":11,"key":"Strawberry"},{"floor":12,"key":"Darkstone Periapt"},{"floor":19,"key":"Red Mask"},{"floor":23,"key":"Happy Flower"},{"floor":26,"key":"Bronze Scales"},{"floor":39,"key":"Self Forming Clay"},{"floor":43,"key":"War Paint"}],"event_choices":[{"event_name":"Golden Wing","player_choice":"Card Removal","floor":2.0,"damage_taken":0.0},{"event_name":"Living Wall","player_choice":"Grow","floor":3.0,"damage_taken":0.0},{"event_name":"Dead Adventurer","player_choice":"Searched \u00272\u0027 times","floor":11,"damage_taken":0},{"event_name":"Masked Bandits","player_choice":"Fought Bandits","floor":19,"damage_taken":0},{"event_name":"Addict","player_choice":"Obtained Relic","floor":25,"damage_taken":0},{"event_name":"Wheel of Change","player_choice":"Relic","floor":39,"damage_taken":0},{"event_name":"SensoryStone","player_choice":"Memory 3","floor":47,"damage_taken":0}],"is_beta":false,"boss_relics":[{"not_picked":["White Beast Statue","Runic Cube"],"picked":"Busted Crown"},{"not_picked":["Cursed Key","Coffee Dripper"],"picked":"Eternal Feather"}],"items_purged_floors":[5,21,28,37,44],"is_endless":false,"potions_floor_spawned":[7,10,11,12,13,16,18,23,33,35,38,41,48],"ascension_level":0}