{"gold_per_floor":[118,118,45,9,29,29,29,57,134,134,59,70,84,104,104,200,200,211,222,222,222,235,265,285,295,319,229,37,56,81,106,118,231,243,274,14,14,14],"floor_reached":38,"playtime":1602,"items_purged":["Strike_G","Strike_G"],"score":464,"play_id":"b2edc4c2-25a3-4afb-93d0-a002543031fb","local_time":"20181215155927","is_ascension_mode":false,"campfire_choices":[{"data":"Neutralize","floor":6,"key":"SMITH"},{"floor":10,"key":"REST"},{"data":"Caltrops","floor":15,"key":"SMITH"},{"floor":32,"key":"DIG"}],"neow_cost":"PERCENT_DAMAGE","seed_source_timestamp":1621338713938,"circlet_count":0,"master_deck":["Defend_G","Defend_G","Defend_G","Defend_G","Survivor+1","Neutralize+1","Burst","Terror","Caltrops+1","Sucker Punch","PiercingWail","After Image","PiercingWail","Backflip","Well Laid Plans","Distraction","Footwork","Deflect","Backflip","Caltrops","Caltrops","Malaise","Panache"],"relics":["Ring of the Snake","Dream Catcher","Blood Vial","Letter Opener","Odd Mushroom","Runic Dome","Shovel","Bag of Marbles","Bronze Scales","MawBank","Pocketwatch","White Beast Statue"],"potions_floor_usage":[8,14,16,19,23,24,30,33],"damage_taken":[{"damage":4,"enemies":"2 Louse","floor":1,"turns":4},{"damage":1,"enemies":"Jaw Worm","floor":5,"turns":4},{"damage":29,"enemies":"3 Sentries","floor":8,"turns":11},{"damage":0,"enemies":"Cultist","floor":12,"turns":3},{"damage":0,"enemies":"Blue Slaver","floor":13,"turns":5},{"damage":5,"enemies":"The Mushroom Lair","floor":14,"turns":5},{"damage":14,"enemies":"The Guardian","floor":16,"turns":15},{"damage":0,"enemies":"3 Byrds","floor":18,"turns":2},{"damage":0,"enemies":"Spheric Guardian","floor":19,"turns":5},{"damage":9,"enemies":"Colosseum Slavers","floor":21,"turns":5},{"damage":0,"enemies":"Snake Plant","floor":22,"turns":4},{"damage":0,"enemies":"Book of Stabbing","floor":23,"turns":7},{"damage":26,"enemies":"Sentry and Sphere","floor":24,"turns":9},{"damage":0,"enemies":"Centurion and Healer","floor":25,"turns":11},{"damage":0,"enemies":"Snake Plant","floor":29,"turns":4},{"damage":0,"enemies":"Gremlin Leader","floor":30,"turns":8},{"damage":1,"enemies":"3 Cultists","floor":31,"turns":4},{"damage":3,"enemies":"Automaton","floor":33,"turns":16},{"damage":23,"enemies":"3 Shapes","floor":35,"turns":5},{"damage":0,"enemies":"Orb Walker","floor":38,"turns":1}],"seed_played":"-2318507704614036135","potions_obtained":[{"floor":5,"key":"LiquidBronze"},{"floor":8,"key":"Explosive Potion"},{"floor":12,"key":"Block Potion"},{"floor":18,"key":"PowerPotion"},{"floor":19,"key":"Block Potion"},{"floor":23,"key":"SkillPotion"},{"floor":25,"key":"Fire Potion"},{"floor":30,"key":"Strength Potion"},{"floor":31,"key":"Swift Potion"},{"floor":35,"key":"Fire Potion"}],"is_trial":false,"path_per_floor":["M","?","$","?","M","R","$","E","T","R","$","M","M","?","R","B",null,"M","M","?","?","M","E","M","M","T","?","$","M","E","M","R","B",null,"M","$","?","M"],"character_chosen":"THE_SILENT","items_purchased":["Caltrops","Bronze Scales","Backflip","Panache"],"campfire_rested":1,"item_purchase_floors":[3,28,28,36],"current_hp_per_floor":[45,38,38,38,37,37,37,8,8,29,29,31,33,30,30,18,70,70,70,70,61,63,65,41,43,43,43,43,45,47,48,48,47,70,47,47,47,49],"gold":14,"neow_bonus":"THREE_RARE_CARDS","is_prod":false,"is_daily":false,"chose_seed":false,"campfire_upgraded":2,"win_rate":0,"timestamp":1544889567,"path_taken":["M","?","$","?","M","R","?","E","T","R","$","M","M","?","R","BOSS","M","M","?","?","?","E","M","?","T","?","$","?","E","M","R","BOSS","M","$","?","M"],"build_version":"2018-12-13","purchased_purges":2,"victory":false,"max_hp_per_floor":[70,70,70,70,70,70,70,70,70,70,70,70,70,70,70,70,70,70,70,70,70,70,70,70,70,70,70,70,70,70,70,70,70,70,70,70,70,70],"card_choices":[{"not_picked":["Glass Knife","Night Terror"],"picked":"Burst","floor":0},{"not_picked":["Dodge and Roll","Bane"],"picked":"Terror","floor":1},{"not_picked":["Masterful Stab","Outmaneuver","Calculated Gamble"],"picked":"SKIP","floor":5},{"not_picked":["Storm of Steel","Predator"],"picked":"Sucker Punch","floor":8},{"not_picked":["Catalyst","Setup"],"picked":"PiercingWail","floor":10},{"not_picked":["Riddle With Holes","Blade Dance","Expertise"],"picked":"SKIP","floor":12},{"not_picked":["Finisher","Poisoned Stab","Prepared"],"picked":"SKIP","floor":13},{"not_picked":["Finisher","Poisoned Stab","Prepared"],"picked":"SKIP","floor":13},{"not_picked":["Burst","Venomology"],"picked":"After Image","floor":16},{"not_picked":["Outmaneuver","Dagger Spray+1","Deflect"],"picked":"SKIP","floor":18},{"not_picked":["Endless Agony","Heel Hook"],"picked":"PiercingWail","floor":19},{"not_picked":["Acrobatics","Expertise","Poisoned Stab"],"picked":"SKIP","floor":22},{"not_picked":["PiercingWail","Flying Knee"],"picked":"Distraction","floor":23},{"not_picked":["Choke","Cloak And Dagger+1"],"picked":"Footwork","floor":24},{"not_picked":["Blade Dance","Slice"],"picked":"Deflect","floor":25},{"not_picked":["Deflect+1","PiercingWail"],"picked":"Caltrops","floor":29},{"not_picked":["Skewer","Burst","Poisoned Stab+1"],"picked":"SKIP","floor":30},{"not_picked":["Choke+1","Bane"],"picked":"Caltrops","floor":31},{"not_picked":["After Image","Unload"],"picked":"Malaise","floor":33},{"not_picked":["Blade Dance","Acrobatics","Underhanded Strike"],"picked":"SKIP","floor":35}],"player_experience":272000,"relics_obtained":[{"floor":8,"key":"Blood Vial"},{"floor":9,"key":"Letter Opener"},{"floor":14,"key":"Odd Mushroom"},{"floor":23,"key":"Shovel"},{"floor":26,"key":"Bag of Marbles"},{"floor":30,"key":"MawBank"},{"floor":32,"key":"Pocketwatch"}],"event_choices":[{"damage_healed":0,"gold_gain":0,"player_choice":"Success","damage_taken":7,"relics_obtained":["Dream Catcher"],"max_hp_gain":0,"max_hp_loss":0,"event_name":"Scrap Ooze","floor":2,"gold_loss":0},{"damage_healed":0,"gold_gain":0,"player_choice":"Left Gold","damage_taken":0,"max_hp_gain":0,"max_hp_loss":0,"event_name":"World of Goop","floor":4,"gold_loss":36},{"damage_healed":0,"gold_gain":0,"player_choice":"Fought Mushrooms","damage_taken":0,"max_hp_gain":0,"max_hp_loss":0,"event_name":"Mushrooms","floor":14,"gold_loss":0},{"damage_healed":0,"gold_gain":0,"cards_transformed":["Strike_G","Strike_G"],"player_choice":"Became Test Subject","damage_taken":0,"max_hp_gain":0,"max_hp_loss":0,"event_name":"Drug Dealer","floor":20,"gold_loss":0,"cards_obtained":["Backflip","Well Laid Plans"]},{"damage_healed":0,"gold_gain":0,"player_choice":"Fight","damage_taken":0,"max_hp_gain":0,"max_hp_loss":0,"event_name":"Colosseum","floor":21,"gold_loss":0},{"damage_healed":0,"gold_gain":0,"player_choice":"Fled From Nobs","damage_taken":0,"max_hp_gain":0,"max_hp_loss":0,"event_name":"Colosseum","floor":21,"gold_loss":0},{"cards_removed":["Strike_G"],"damage_healed":0,"gold_gain":0,"player_choice":"Upgrade and Remove","damage_taken":0,"max_hp_gain":0,"max_hp_loss":0,"event_name":"Designer","floor":27,"gold_loss":90,"cards_upgraded":["Survivor"]},{"cards_removed":["Defend_G"],"damage_healed":0,"gold_gain":0,"player_choice":"Offered Basic","damage_taken":0,"max_hp_gain":0,"max_hp_loss":0,"event_name":"Bonfire Elementals","floor":37,"gold_loss":0}],"is_beta":false,"boss_relics":[{"not_picked":["Black Star","Philosopher\u0027s Stone"],"picked":"Runic Dome"},{"not_picked":["HoveringKite","Velvet Choker"],"picked":"White Beast Statue"}],"items_purged_floors":[11,36],"is_endless":false,"potions_floor_spawned":[5,8,12,18,19,23,25,30,31,35],"killed_by":"Orb Walker","ascension_level":0}