{"gold_per_floor":[118,137,8,28,28,28,57,57,57,13,31,50,50,68,68,140,140,154,154,69,83,83,83,114,114,167,217,217,235,270,284,284,284],"floor_reached":33,"playtime":2000,"items_purged":[],"score":543,"play_id":"1c488571-281b-414f-9b7f-0d8bc7e8baa1","local_time":"20190121215749","is_ascension_mode":true,"campfire_choices":[{"data":"Dagger Spray","floor":6,"key":"SMITH"},{"floor":8,"key":"REST"},{"data":"Noxious Fumes","floor":13,"key":"SMITH"},{"data":"Neutralize","floor":15,"key":"SMITH"},{"data":"Dash","floor":23,"key":"SMITH"},{"data":"Deadly Poison","floor":25,"key":"SMITH"},{"data":"PiercingWail","floor":28,"key":"SMITH"},{"floor":32,"key":"REST"}],"neow_cost":"NONE","seed_source_timestamp":296981624049164,"circlet_count":0,"master_deck":["AscendersBane","Defend_G","Defend_G","Defend_G","Defend_G","Defend_G","Strike_G","Strike_G","Strike_G","Strike_G","Survivor","Neutralize+1","Acrobatics","Dagger Spray+1","Riddle With Holes","Noxious Fumes+1","PiercingWail+1","Backstab","Deadly Poison+1","Corpse Explosion","Dash+1","Doppelganger"],"relics":["Ring of the Snake","Bag of Preparation","Sundial","Snecko Eye","Potion Belt","Mango","Blood Vial","Ancient Tea Set"],"potions_floor_usage":[16,21,30,33],"damage_taken":[{"damage":7,"enemies":"Jaw Worm","floor":1,"turns":7},{"damage":0,"enemies":"2 Louse","floor":2,"turns":3},{"damage":12,"enemies":"Small Slimes","floor":4,"turns":4},{"damage":36,"enemies":"Lagavulin","floor":7,"turns":10},{"damage":2,"enemies":"Blue Slaver","floor":11,"turns":4},{"damage":0,"enemies":"2 Fungi Beasts","floor":12,"turns":2},{"damage":2,"enemies":"3 Louse","floor":14,"turns":3},{"damage":10,"enemies":"Hexaghost","floor":16,"turns":8},{"damage":10,"enemies":"Chosen","floor":18,"turns":4},{"damage":19,"enemies":"Spheric Guardian","floor":21,"turns":6},{"damage":8,"enemies":"Gremlin Leader","floor":24,"turns":7},{"damage":0,"enemies":"3 Cultists","floor":29,"turns":3},{"damage":0,"enemies":"Slavers","floor":30,"turns":2},{"damage":22,"enemies":"Shelled Parasite and Fungi","floor":31,"turns":6},{"damage":66,"enemies":"Champ","floor":33,"turns":12}],"seed_played":"686303280896955159","potions_obtained":[{"floor":11,"key":"SpeedPotion"},{"floor":14,"key":"PowerPotion"},{"floor":29,"key":"SkillPotion"},{"floor":31,"key":"AttackPotion"}],"is_trial":false,"path_per_floor":["M","M","$","M","?","R","E","R","T","?","M","M","R","M","R","B",null,"M","?","?","M","?","R","E","R","T","?","R","M","E","M","R","B"],"character_chosen":"THE_SILENT","items_purchased":["Noxious Fumes","Fire Potion"],"campfire_rested":2,"item_purchase_floors":[3,3],"current_hp_per_floor":[52,52,52,40,40,40,4,23,23,23,21,21,21,19,19,9,52,42,42,42,23,36,36,42,42,42,42,42,44,46,26,50,0],"gold":284,"neow_bonus":"TRANSFORM_CARD","is_prod":false,"is_daily":false,"chose_seed":false,"campfire_upgraded":6,"win_rate":0,"timestamp":1548125869,"path_taken":["M","M","$","M","?","R","E","R","T","?","M","M","R","M","R","BOSS","M","?","?","M","?","R","E","R","T","?","R","?","E","M","R","BOSS"],"build_version":"2019-01-17v2","purchased_purges":0,"victory":false,"max_hp_per_floor":[66,66,66,66,66,66,66,66,66,66,66,66,66,66,66,66,66,66,66,66,66,66,66,80,80,80,80,80,80,80,80,80,80],"card_choices":[{"not_picked":["Blade Dance","Backflip"],"picked":"Dagger Spray","floor":1},{"not_picked":["Backflip","Finisher"],"picked":"Riddle With Holes","floor":2},{"not_picked":["Flying Knee","Masterful Stab"],"picked":"PiercingWail","floor":4},{"not_picked":["Accuracy","Heel Hook","Blade Dance"],"picked":"SKIP","floor":7},{"not_picked":["Outmaneuver","Catalyst"],"picked":"Backstab","floor":11},{"not_picked":["Caltrops","Endless Agony","Blade Dance"],"picked":"SKIP","floor":12},{"not_picked":["Infinite Blades","Flechettes"],"picked":"Deadly Poison","floor":14},{"not_picked":["Doppelganger","Burst"],"picked":"Corpse Explosion","floor":16},{"not_picked":["Dagger Spray+1","Backflip+1"],"picked":"Dash","floor":18},{"not_picked":["Choke+1","Bane","Blade Dance"],"picked":"SKIP","floor":21},{"not_picked":["Cloak And Dagger","All Out Attack+1","Blur"],"picked":"SKIP","floor":24},{"not_picked":["Sucker Punch","Poisoned Stab","Deadly Poison"],"picked":"SKIP","floor":29},{"not_picked":["Slice","Distraction+1"],"picked":"Doppelganger","floor":30},{"not_picked":["Cloak And Dagger","Masterful Stab+1","Flying Knee"],"picked":"SKIP","floor":31}],"player_experience":494850,"relics_obtained":[{"floor":7,"key":"Bag of Preparation"},{"floor":9,"key":"Sundial"},{"floor":24,"key":"Mango"},{"floor":26,"key":"Blood Vial"},{"floor":30,"key":"Ancient Tea Set"}],"event_choices":[{"damage_healed":0,"gold_gain":0,"player_choice":"Leave","damage_taken":0,"max_hp_gain":0,"max_hp_loss":0,"event_name":"The Cleric","floor":5,"gold_loss":0},{"damage_healed":0,"gold_gain":0,"player_choice":"Left Gold","damage_taken":0,"max_hp_gain":0,"max_hp_loss":0,"event_name":"World of Goop","floor":10,"gold_loss":44},{"damage_healed":0,"gold_gain":0,"player_choice":"Ignored","damage_taken":0,"max_hp_gain":0,"max_hp_loss":0,"event_name":"Cursed Tome","floor":19,"gold_loss":0},{"damage_healed":0,"gold_gain":0,"player_choice":"Obtained Relic","damage_taken":0,"relics_obtained":["Potion Belt"],"max_hp_gain":0,"max_hp_loss":0,"event_name":"Addict","floor":20,"gold_loss":85},{"damage_healed":13,"gold_gain":0,"player_choice":"Heal","damage_taken":0,"max_hp_gain":0,"max_hp_loss":0,"event_name":"The Library","floor":22,"gold_loss":0},{"damage_healed":0,"gold_gain":50,"player_choice":"Stole From Cult","damage_taken":0,"max_hp_gain":0,"max_hp_loss":0,"event_name":"Nest","floor":27,"gold_loss":0}],"is_beta":false,"boss_relics":[{"not_picked":["Philosopher\u0027s Stone","HoveringKite"],"picked":"Snecko Eye"}],"items_purged_floors":[],"is_endless":false,"potions_floor_spawned":[11,14,29,31],"killed_by":"Champ","ascension_level":15}