{"gold_per_floor":[131,160,189,220,197,209,246,289,301,339,351,438,465,67,67,143,143,153,171,171,182,199,199,233,233,288,321,321,321,331,246,246,317,317,333,349,369,379,393,393,420,420,499,511,544,560,11,24,24,24,24,24,24,51,51],"floor_reached":55,"playtime":6000,"items_purged":[],"score":1402,"play_id":"699db4e0-3015-4cfc-b11f-c73e4abb55ee","local_time":"20190131174707","is_ascension_mode":true,"campfire_choices":[{"data":"All Out Attack","floor":6,"key":"SMITH"},{"data":"Well Laid Plans","floor":11,"key":"SMITH"},{"data":"After Image","floor":15,"key":"SMITH"},{"floor":23,"key":"REST"},{"floor":25,"key":"REST"},{"floor":29,"key":"REST"},{"floor":32,"key":"REST"},{"floor":40,"key":"REST"},{"floor":42,"key":"REST"},{"floor":49,"key":"RECALL"},{"floor":52,"key":"REST"}],"neow_cost":"NONE","seed_source_timestamp":773534508572162,"circlet_count":0,"master_deck":["AscendersBane","Defend_G+1","Defend_G+1","Defend_G+1","Defend_G+1","Defend_G+1","Strike_G+1","Strike_G+1","Strike_G+1","Strike_G+1","Strike_G+1","Survivor","Neutralize","All Out Attack+1","Poisoned Stab","Crippling Poison","Well Laid Plans+1","Dash","After Image+1","Deflect","Footwork","Flash of Steel","Bullet Time","Ball Lightning","Finesse","Coolheaded","Flex+1","Steam+1","All For One","Rampage","Body Slam","Hologram+1","PiercingWail+1","Choke","Coolheaded+1","Iron Wave+1","Acrobatics+1","Dark Shackles+1","Secret Weapon+1","Footwork","Good Instincts+1","Headbutt"],"relics":["Ring of the Snake","MawBank","Oddly Smooth Stone","Anchor","Kunai","Singing Bowl","PrismaticShard","Sozu","Smiling Mask","Vajra","Toxic Egg 2","Meat on the Bone","Fusion Hammer","Pantograph","Bag of Preparation","Bronze Scales","Mummified Hand"],"potions_floor_usage":[16,16,45],"damage_taken":[{"damage":6,"enemies":"Cultist","floor":1,"turns":5},{"damage":2,"enemies":"Jaw Worm","floor":2,"turns":6},{"damage":1,"enemies":"2 Louse","floor":3,"turns":4},{"damage":13,"enemies":"Blue Slaver","floor":4,"turns":4},{"damage":12,"enemies":"Lagavulin","floor":8,"turns":9},{"damage":3,"enemies":"3 Sentries","floor":10,"turns":6},{"damage":0,"enemies":"2 Fungi Beasts","floor":13,"turns":2},{"damage":36,"enemies":"Slime Boss","floor":16,"turns":14},{"damage":0,"enemies":"Shell Parasite","floor":18,"turns":7},{"damage":6,"enemies":"3 Byrds","floor":19,"turns":6},{"damage":8,"enemies":"Colosseum Slavers","floor":20,"turns":5},{"damage":12,"enemies":"Centurion and Healer","floor":21,"turns":8},{"damage":8,"enemies":"Shelled Parasite and Fungi","floor":22,"turns":7},{"damage":18,"enemies":"Slavers","floor":24,"turns":8},{"damage":9,"enemies":"Gremlin Leader","floor":27,"turns":9},{"damage":1,"enemies":"Snake Plant","floor":30,"turns":5},{"damage":4,"enemies":"Champ","floor":33,"turns":21},{"damage":0,"enemies":"3 Shapes","floor":35,"turns":6},{"damage":0,"enemies":"Orb Walker","floor":36,"turns":5},{"damage":24,"enemies":"Spire Growth","floor":37,"turns":6},{"damage":2,"enemies":"Sphere and 2 Shapes","floor":38,"turns":7},{"damage":0,"enemies":"Writhing Mass","floor":39,"turns":9},{"damage":24,"enemies":"Nemesis","floor":41,"turns":11},{"damage":9,"enemies":"Spire Growth","floor":44,"turns":5},{"damage":22,"enemies":"Reptomancer","floor":45,"turns":8},{"damage":39,"enemies":"3 Darklings","floor":46,"turns":6},{"damage":0,"enemies":"Transient","floor":48,"turns":6},{"damage":20,"enemies":"Donu and Deca","floor":50,"turns":11},{"damage":9,"enemies":"Shield and Spear","floor":54,"turns":10},{"damage":74,"enemies":"The Heart","floor":55,"turns":5}],"seed_played":"-8675679660462998100","potions_obtained":[{"floor":2,"key":"FearPotion"},{"floor":4,"key":"Dexterity Potion"},{"floor":10,"key":"Dexterity Potion"},{"floor":16,"key":"SteroidPotion"}],"is_trial":false,"path_per_floor":["M","M","M","M","?","R","T","E","T","E","R","?","M","$","R","B",null,"M","M","?","M","M","R","E","R","T","E","?","R","M","?","R","B",null,"M","M","M","M","M","R","E","R","T","M","E","M","$","M","R","B",null,"R","$","E","B"],"character_chosen":"THE_SILENT","items_purchased":["PrismaticShard","Footwork","Flash of Steel","Dark Shackles+1","Bronze Scales","Secret Weapon+1","Footwork"],"campfire_rested":7,"item_purchase_floors":[14,14,14,47,47,47,47],"current_hp_per_floor":[53,51,50,37,53,53,53,41,41,38,38,38,38,38,38,2,50,52,46,38,26,20,41,23,44,44,35,35,56,55,55,70,66,69,69,69,45,43,43,64,40,61,61,52,44,17,17,29,29,46,66,72,72,63,0],"gold":51,"neow_bonus":"RANDOM_COMMON_RELIC","is_prod":false,"is_daily":false,"chose_seed":false,"campfire_upgraded":3,"win_rate":0,"timestamp":1548978427,"path_taken":["M","?","M","M","?","R","?","E","T","E","R","?","M","$","R","BOSS","M","M","?","M","M","R","E","R","T","E","?","R","M","?","R","BOSS","M","M","M","M","M","R","E","R","T","M","E","M","$","M","R","BOSS","R","$","E","BOSS"],"build_version":"2019-01-23","purchased_purges":0,"victory":false,"max_hp_per_floor":[66,66,66,66,66,66,66,66,66,66,66,66,66,66,66,66,66,68,68,68,68,70,70,70,70,70,70,70,70,70,70,70,70,70,70,70,70,70,70,70,70,70,70,70,72,72,72,72,72,72,72,72,72,72,72],"card_choices":[{"not_picked":["Blade Dance","Dagger Spray"],"picked":"All Out Attack","floor":1},{"not_picked":["Dagger Spray","Sucker Punch"],"picked":"Poisoned Stab","floor":2},{"not_picked":["PiercingWail","Poisoned Stab"],"picked":"Crippling Poison","floor":3},{"not_picked":["Acrobatics","Concentrate"],"picked":"Well Laid Plans","floor":4},{"not_picked":["Terror","Deflect"],"picked":"Dash","floor":8},{"not_picked":["Deadly Poison","Calculated Gamble"],"picked":"After Image","floor":10},{"not_picked":["Predator","Dodge and Roll"],"picked":"Deflect","floor":13},{"not_picked":["Malaise","Die Die Die"],"picked":"Bullet Time","floor":16},{"not_picked":["Dagger Spray","Calculated Gamble","Chill"],"picked":"Singing Bowl","floor":18},{"not_picked":["Pommel Strike","Rupture"],"picked":"Ball Lightning","floor":19},{"not_picked":["Heavy Blade","Genetic Algorithm"],"picked":"Finesse","floor":21},{"not_picked":["Reflex","Heavy Blade","Static Discharge"],"picked":"Singing Bowl","floor":22},{"not_picked":["Rebound+1","The Bomb"],"picked":"Coolheaded","floor":24},{"not_picked":["Aggregate","Pommel Strike"],"picked":"Flex","floor":27},{"not_picked":["Leap+1","Deflect+1"],"picked":"Steam+1","floor":30},{"not_picked":["Die Die Die","Apotheosis+1"],"picked":"All For One","floor":33},{"not_picked":["Metallicize+1","Havoc+1"],"picked":"Rampage","floor":35},{"not_picked":["Havoc+1","Hologram+1"],"picked":"Body Slam","floor":36},{"not_picked":["Jack Of All Trades+1","Eviscerate"],"picked":"Hologram+1","floor":37},{"not_picked":["Cleave","Outmaneuver+1"],"picked":"PiercingWail+1","floor":38},{"not_picked":["Warcry+1","Steam+1"],"picked":"Choke","floor":39},{"not_picked":["Tools of the Trade","Leap+1"],"picked":"Coolheaded+1","floor":41},{"not_picked":["Barrage","Dagger Throw"],"picked":"Iron Wave+1","floor":44},{"not_picked":["Barrage","Dramatic Entrance","Purity+1"],"picked":"Singing Bowl","floor":45},{"not_picked":["Havoc+1","Prepared+1"],"picked":"Acrobatics+1","floor":46},{"not_picked":["Rampage+1","Dagger Spray"],"picked":"Good Instincts+1","floor":48},{"not_picked":["Reaper","Sweeping Beam"],"picked":"Headbutt","floor":54}],"player_experience":650711,"relics_obtained":[{"floor":7,"key":"Oddly Smooth Stone"},{"floor":8,"key":"Anchor"},{"floor":9,"key":"Kunai"},{"floor":10,"key":"Singing Bowl"},{"floor":24,"key":"Smiling Mask"},{"floor":26,"key":"Vajra"},{"floor":27,"key":"Toxic Egg 2"},{"floor":41,"key":"Pantograph"},{"floor":45,"key":"Bag of Preparation"},{"floor":54,"key":"Mummified Hand"}],"event_choices":[{"damage_healed":16,"gold_gain":0,"player_choice":"Healed","damage_taken":0,"max_hp_gain":0,"max_hp_loss":0,"event_name":"The Cleric","floor":5,"gold_loss":35},{"damage_healed":0,"gold_gain":75,"player_choice":"Gained Gold","damage_taken":0,"max_hp_gain":0,"max_hp_loss":0,"event_name":"Golden Wing","floor":12,"gold_loss":0},{"damage_healed":0,"gold_gain":0,"player_choice":"Fight","damage_taken":0,"max_hp_gain":0,"max_hp_loss":0,"event_name":"Colosseum","floor":20,"gold_loss":0},{"damage_healed":0,"gold_gain":0,"player_choice":"Fled From Nobs","damage_taken":0,"max_hp_gain":0,"max_hp_loss":0,"event_name":"Colosseum","floor":20,"gold_loss":0},{"damage_healed":0,"gold_gain":0,"player_choice":"Simplicity","damage_taken":0,"max_hp_gain":0,"max_hp_loss":0,"event_name":"Back to Basics","floor":28,"gold_loss":0,"cards_upgraded":["Defend_G","Defend_G","Defend_G","Defend_G","Defend_G","Strike_G","Strike_G","Strike_G","Strike_G","Strike_G"]},{"damage_healed":0,"gold_gain":0,"player_choice":"Obtained Relic","damage_taken":0,"relics_obtained":["Meat on the Bone"],"max_hp_gain":0,"max_hp_loss":0,"event_name":"Addict","floor":31,"gold_loss":85}],"is_beta":false,"boss_relics":[{"not_picked":["Ring of the Serpent","Runic Pyramid"],"picked":"Sozu"},{"not_picked":["Pandora\u0027s Box","HoveringKite"],"picked":"Fusion Hammer"}],"items_purged_floors":[],"is_endless":false,"potions_floor_spawned":[2,4,10,16,20,27,30,33,35,37,41,46],"killed_by":"The Heart","ascension_level":17}