{"gold_per_floor":[112,130,18,18,18,18,36,36,63,63,75,75,100,117,117,220,220,234,244,260,70,83,83,103,103,103,115,134,134],"floor_reached":29,"playtime":1928,"items_purged":["Strike_R","Strike_R"],"score":366,"play_id":"cd86bf6a-c9d6-4bf7-a7c9-379af34af25a","local_time":"20181110151703","is_ascension_mode":true,"campfire_choices":[{"data":"Whirlwind","floor":6,"key":"SMITH"},{"data":"Rampage","floor":8,"key":"SMITH"},{"data":"Strike_R","floor":10,"key":"PURGE"},{"data":"Defend_R","floor":12,"key":"PURGE"},{"data":"Flame Barrier","floor":15,"key":"SMITH"},{"data":"True Grit","floor":23,"key":"SMITH"},{"data":"Strike_R","floor":25,"key":"PURGE"}],"neow_cost":"NONE","seed_source_timestamp":1195039333162656,"circlet_count":0,"master_deck":["AscendersBane","Strike_R","Defend_R","Defend_R","Defend_R","Bash","Flex","Whirlwind+1","Rampage+1","Headbutt","Flame Barrier+1","Double Tap","Inflame","True Grit+1","True Grit+1","Bandage Up","Headbutt","Dark Embrace"],"relics":["Burning Blood","Peace Pipe","Centennial Puzzle","The Courier","Runic Pyramid","Paper Frog"],"potions_floor_usage":[13,22,29,29],"damage_taken":[{"damage":5,"enemies":"Small Slimes","floor":1,"turns":4},{"damage":0,"enemies":"2 Louse","floor":2,"turns":3},{"damage":1,"enemies":"Cultist","floor":7,"turns":3},{"damage":0,"enemies":"Gremlin Gang","floor":11,"turns":2},{"damage":18,"enemies":"Lagavulin","floor":13,"turns":5},{"damage":18,"enemies":"Large Slime","floor":14,"turns":4},{"damage":45,"enemies":"Hexaghost","floor":16,"turns":8},{"damage":15,"enemies":"Chosen","floor":18,"turns":6},{"damage":22,"enemies":"Spheric Guardian","floor":19,"turns":4},{"damage":2,"enemies":"Snecko","floor":20,"turns":4},{"damage":10,"enemies":"3 Cultists","floor":22,"turns":5},{"damage":14,"enemies":"Centurion and Healer","floor":24,"turns":5},{"damage":47,"enemies":"Shelled Parasite and Fungi","floor":27,"turns":6},{"damage":4,"enemies":"Snecko","floor":28,"turns":4},{"damage":24,"enemies":"Gremlin Leader","floor":29,"turns":4}],"seed_played":"7257936228266886595","potions_obtained":[{"floor":2,"key":"Weak Potion"},{"floor":7,"key":"Poison Potion"},{"floor":19,"key":"Ancient Potion"},{"floor":20,"key":"Block Potion"},{"floor":24,"key":"SpeedPotion"},{"floor":28,"key":"EssenceOfSteel"}],"is_trial":false,"path_per_floor":["M","M","$","?","?","R","M","R","T","R","M","R","E","M","R","B",null,"M","M","M","$","M","R","M","R","T","M","M","E"],"character_chosen":"IRONCLAD","items_purchased":["Rampage","True Grit","Bandage Up"],"campfire_rested":0,"item_purchase_floors":[3,21,21],"current_hp_per_floor":[81,87,87,92,92,92,93,93,93,93,93,93,81,69,69,30,77,68,52,56,56,56,56,52,52,52,15,17,0],"gold":134,"neow_bonus":"TEN_PERCENT_HP_BONUS","is_prod":false,"is_daily":false,"chose_seed":false,"campfire_upgraded":4,"win_rate":0,"timestamp":1541884623,"path_taken":["M","M","$","?","?","R","M","R","T","R","M","R","E","M","R","BOSS","M","M","?","$","M","R","?","R","T","M","M","E"],"build_version":"2018-11-08","purchased_purges":2,"victory":false,"max_hp_per_floor":[88,88,88,93,93,93,93,93,93,93,93,93,93,93,93,93,93,93,93,93,93,93,93,93,93,93,93,93,93],"card_choices":[{"not_picked":["Sentinel","Dual Wield"],"picked":"Flex","floor":1},{"not_picked":["Sword Boomerang","Cleave"],"picked":"Whirlwind","floor":2},{"not_picked":["Cleave","Sword Boomerang"],"picked":"Headbutt","floor":7},{"not_picked":["Headbutt","Heavy Blade"],"picked":"Flame Barrier","floor":11},{"not_picked":["Limit Break","Wild Strike","Anger"],"picked":"SKIP","floor":13},{"not_picked":["Metallicize","Infernal Blade","Burning Pact"],"picked":"SKIP","floor":14},{"not_picked":["Reaper","Brutality"],"picked":"Double Tap","floor":16},{"not_picked":["Bloodletting","Thunderclap"],"picked":"Inflame","floor":18},{"not_picked":["Twin Strike","Sword Boomerang"],"picked":"True Grit+1","floor":19},{"not_picked":["Cleave","Iron Wave","Clash"],"picked":"SKIP","floor":20},{"not_picked":["Ghostly Armor","Iron Wave"],"picked":"Headbutt","floor":22},{"not_picked":["Twin Strike","Warcry","Blood for Blood"],"picked":"SKIP","floor":24},{"not_picked":["Anger+1","Heavy Blade","Entrench"],"picked":"SKIP","floor":27},{"not_picked":["Armaments","Sword Boomerang"],"picked":"Dark Embrace","floor":28}],"player_experience":429335,"relics_obtained":[{"floor":9,"key":"Centennial Puzzle"},{"floor":13,"key":"The Courier"},{"floor":26,"key":"Paper Frog"}],"event_choices":[{"damage_healed":0,"gold_gain":0,"player_choice":"Donut","damage_taken":0,"max_hp_gain":5,"max_hp_loss":0,"event_name":"Big Fish","floor":4,"gold_loss":0},{"damage_healed":0,"gold_gain":0,"player_choice":"Gave Potion","damage_taken":0,"relics_obtained":["Peace Pipe"],"max_hp_gain":0,"max_hp_loss":0,"event_name":"WeMeetAgain","floor":5,"gold_loss":0}],"is_beta":false,"boss_relics":[{"not_picked":["Orrery","Tiny House"],"picked":"Runic Pyramid"}],"items_purged_floors":[3,21],"is_endless":false,"potions_floor_spawned":[2,7,19,20,24,28],"killed_by":"Gremlin Leader","ascension_level":12}