{"gold_per_floor":[213,213,113,125,143,143,157,157,157,157,173,173,190,2,2,107,107,124,124,124,141,66,66,66,66,66,66,66,84,100,120,120,120],"floor_reached":33,"playtime":1334,"items_purged":["Strike_R","Defend_R"],"score":392,"play_id":"074cd5de-7186-4856-a7f7-f44d70923a4b","local_time":"20180910224922","is_ascension_mode":true,"campfire_choices":[{"data":"Rampage","floor":6,"key":"SMITH"},{"data":"Shockwave","floor":8,"key":"SMITH"},{"data":"Perfected Strike","floor":10,"key":"SMITH"},{"data":"Rupture","floor":15,"key":"SMITH"},{"data":"Fiend Fire","floor":23,"key":"SMITH"},{"data":"Whirlwind","floor":25,"key":"SMITH"},{"floor":27,"key":"REST"},{"floor":32,"key":"REST"}],"neow_cost":"NONE","seed_source_timestamp":1035023054238924,"circlet_count":0,"master_deck":["Defend_R","Defend_R","Defend_R","Bash","AscendersBane","Seeing Red","Perfected Strike+1","Shockwave+1","Rampage+1","Clothesline","Headbutt","Shrug It Off","Rupture+1","Fiend Fire+1","Whirlwind+1","Iron Wave+1","Bite","Bite","Bite","Bite","Bite","Shrug It Off+1","Juggernaut","Iron Wave+1"],"relics":["Burning Blood","Ornamental Fan","Juzu Bracelet","Velvet Choker","Potion Belt","Question Card"],"potions_floor_usage":[33],"damage_taken":[{"damage":2,"enemies":"2 Louse","floor":1,"turns":4},{"damage":1,"enemies":"Cultist","floor":4,"turns":4},{"damage":12,"enemies":"Jaw Worm","floor":5,"turns":3},{"damage":13,"enemies":"Blue Slaver","floor":7,"turns":4},{"damage":5,"enemies":"Exordium Wildlife","floor":11,"turns":2},{"damage":8,"enemies":"Looter","floor":13,"turns":3},{"damage":40,"enemies":"Slime Boss","floor":16,"turns":12},{"damage":0,"enemies":"Chosen","floor":18,"turns":3},{"damage":25,"enemies":"Spheric Guardian","floor":21,"turns":4},{"damage":31,"enemies":"Snecko","floor":29,"turns":5},{"damage":30,"enemies":"3 Cultists","floor":30,"turns":5},{"damage":26,"enemies":"Snake Plant","floor":31,"turns":6},{"damage":60,"enemies":"Champ","floor":33,"turns":7}],"seed_played":"-1739055860809247144","potions_obtained":[{"floor":5,"key":"Poison Potion"},{"floor":13,"key":"SpeedPotion"},{"floor":16,"key":"FairyPotion"},{"floor":29,"key":"Poison Potion"},{"floor":30,"key":"Swift Potion"},{"floor":31,"key":"FearPotion"}],"is_trial":false,"path_per_floor":["M","?","$","M","M","R","M","R","T","R","M","$","M","$","R","B",null,"M","$","?","M","?","R","?","R","T","R","?","M","M","M","R"],"character_chosen":"IRONCLAD","items_purchased":["Perfected Strike","Shrug It Off","Rupture"],"campfire_rested":2,"item_purchase_floors":[3,14,14],"current_hp_per_floor":[76,73,73,78,72,72,65,65,65,65,66,66,64,64,64,30,68,74,74,74,55,55,55,55,55,55,79,56,33,17,9,25,0],"gold":120,"neow_bonus":"HUNDRED_GOLD","is_prod":false,"is_daily":false,"chose_seed":false,"campfire_upgraded":6,"win_rate":0,"timestamp":1536637762,"path_taken":["M","?","$","M","M","R","M","R","T","R","M","$","M","$","R","BOSS","M","?","?","M","?","R","?","R","T","R","?","M","M","M","R","BOSS"],"build_version":"2018-09-06","purchased_purges":2,"victory":false,"max_hp_per_floor":[80,80,80,80,80,80,80,80,80,80,80,80,80,80,80,80,80,80,80,80,80,80,80,80,80,80,80,56,56,56,56,56,56],"card_choices":[{"not_picked":["Havoc","Corruption"],"picked":"Seeing Red","floor":1},{"not_picked":["Thunderclap","Carnage"],"picked":"Shockwave","floor":4},{"not_picked":["Wild Strike","Cleave"],"picked":"Rampage","floor":5},{"not_picked":["Clash","Heavy Blade"],"picked":"Clothesline","floor":7},{"not_picked":["Shockwave","Dropkick"],"picked":"Headbutt","floor":11},{"not_picked":["Warcry","Cleave","Intimidate"],"picked":"SKIP","floor":13},{"not_picked":["Brutality","Bludgeon"],"picked":"Fiend Fire","floor":16},{"not_picked":["Iron Wave","Sever Soul+1"],"picked":"Whirlwind","floor":18},{"not_picked":["Searing Blow","Armaments"],"picked":"Iron Wave+1","floor":21},{"not_picked":["Body Slam","Clash","Entrench+1"],"picked":"Shrug It Off+1","floor":29},{"not_picked":["Headbutt","Sword Boomerang+1","Cleave"],"picked":"Juggernaut","floor":30},{"not_picked":["Body Slam","Carnage","True Grit"],"picked":"Iron Wave+1","floor":31}],"player_experience":315842,"relics_obtained":[{"floor":9,"key":"Juzu Bracelet"},{"floor":26,"key":"Question Card"}],"event_choices":[{"event_name":"Scrap Ooze","player_choice":"success","floor":2,"damage_taken":3},{"event_name":"The Mausoleum","player_choice":"Yes","floor":20,"damage_taken":0},{"event_name":"Beggar","player_choice":"Gave Gold","floor":22,"damage_taken":0},{"event_name":"Ghosts","player_choice":"Ignored","floor":24,"damage_taken":0},{"event_name":"Vampires","player_choice":"Became a vampire","floor":28,"damage_taken":0}],"is_beta":false,"boss_relics":[{"not_picked":["Calling Bell","Lizard Tail"],"picked":"Velvet Choker"}],"items_purged_floors":[3,14],"is_endless":false,"potions_floor_spawned":[5,13,16,29,30,31],"killed_by":"Champ","ascension_level":11}