{"gold_per_floor":[109,109,109,134,66,93,93,128,128,138,148,148,148,167,167,271,271,284,299,299,314,314,314,314,314,314,314,394,412,440,457,457,561,561,580,596,44,64,64,64,89,100,100,100,100,100,119,135,135,135],"floor_reached":51,"playtime":4296,"items_purged":[],"score":1009,"play_id":"8a29cf9a-dad4-432a-9596-2710d630125d","local_time":"20190120151203","is_ascension_mode":true,"campfire_choices":[{"data":"Fission","floor":7,"key":"SMITH"},{"data":"Zap","floor":12,"key":"SMITH"},{"data":"Defragment","floor":15,"key":"SMITH"},{"data":"Creative AI","floor":23,"key":"SMITH"},{"floor":25,"key":"REST"},{"floor":32,"key":"REST"},{"floor":40,"key":"RECALL"},{"data":"Amplify","floor":46,"key":"SMITH"},{"data":"Flash of Steel","floor":49,"key":"SMITH"}],"neow_cost":"NONE","seed_source_timestamp":851868606863935,"circlet_count":0,"master_deck":["Strike_B+1","Strike_B+1","Strike_B+1","Defend_B+1","Defend_B+1","Defend_B+1","Defend_B+1","Zap+1","Dualcast+1","Coolheaded+1","Fission+1","Defragment+1","Biased Cognition+1","BootSequence+1","Sunder+1","Creative AI+1","Cold Snap+1","Loop+1","Doom and Gloom+1","Beam Cell+1","Machine Learning+1","Go for the Eyes+1","Loop+1","Master of Strategy+1","Beam Cell+1","Amplify+1","Flash of Steel+1"],"relics":["Cracked Core","NeowsBlessing","Boot","Bronze Scales","The Courier","Bottled Tornado","Busted Crown","MutagenicStrength","Mango","Kunai","Pantograph","Lizard Tail","ClockworkSouvenir","Orichalcum","Blood Vial","Mark of the Bloom","Question Card","Singing Bowl"],"potions_floor_usage":[16,16,24,30,31,41,50,50],"damage_taken":[{"damage":0,"enemies":"Jaw Worm","floor":1,"turns":1},{"damage":0,"enemies":"Lagavulin","floor":6,"turns":1},{"damage":0,"enemies":"3 Sentries","floor":8,"turns":1},{"damage":5,"enemies":"2 Louse","floor":10,"turns":2},{"damage":0,"enemies":"Small Slimes","floor":11,"turns":2},{"damage":0,"enemies":"3 Louse","floor":14,"turns":2},{"damage":16,"enemies":"Hexaghost","floor":16,"turns":9},{"damage":0,"enemies":"Chosen","floor":18,"turns":4},{"damage":12,"enemies":"Spheric Guardian","floor":19,"turns":5},{"damage":9,"enemies":"3 Cultists","floor":21,"turns":5},{"damage":27,"enemies":"Colosseum Slavers","floor":22,"turns":3},{"damage":0,"enemies":"Shelled Parasite and Fungi","floor":24,"turns":2},{"damage":0,"enemies":"Chosen and Byrds","floor":29,"turns":6},{"damage":17,"enemies":"Book of Stabbing","floor":30,"turns":5},{"damage":12,"enemies":"Centurion and Healer","floor":31,"turns":5},{"damage":41,"enemies":"Automaton","floor":33,"turns":9},{"damage":19,"enemies":"3 Darklings","floor":35,"turns":4},{"damage":4,"enemies":"3 Shapes","floor":36,"turns":3},{"damage":8,"enemies":"3 Darklings","floor":38,"turns":3},{"damage":15,"enemies":"Reptomancer","floor":41,"turns":6},{"damage":5,"enemies":"Sphere and 2 Shapes","floor":42,"turns":3},{"damage":0,"enemies":"Maw","floor":47,"turns":6},{"damage":7,"enemies":"Jaw Worm Horde","floor":48,"turns":4},{"damage":0,"enemies":"Donu and Deca","floor":50,"turns":9}],"seed_played":"839378527871324880","potions_obtained":[{"floor":8,"key":"GamblersBrew"},{"floor":11,"key":"Weak Potion"},{"floor":14,"key":"SmokeBomb"},{"floor":21,"key":"Dexterity Potion"},{"floor":29,"key":"Energy Potion"},{"floor":33,"key":"SpeedPotion"},{"floor":35,"key":"Energy Potion"},{"floor":36,"key":"Energy Potion"},{"floor":47,"key":"Energy Potion"}],"is_trial":false,"path_per_floor":["M","$","?","T","$","E","R","E","T","M","M","R","?","M","R","B",null,"M","M","?","M","?","R","M","R","T","?","T","M","E","M","R","B",null,"M","M","$","M","?","R","E","M","T","?","?","R","M","M","R","B",null],"character_chosen":"DEFECT","items_purchased":["Defragment","ClockworkSouvenir","Orichalcum","Blood Vial","Loop","Master of Strategy"],"campfire_rested":2,"item_purchase_floors":[5,37,37,37,37,37],"current_hp_per_floor":[68,68,68,68,68,68,68,68,68,63,63,63,48,48,48,32,64,64,52,52,43,16,16,16,38,52,35,35,35,18,6,34,18,75,56,52,52,46,46,46,31,26,26,26,26,26,26,19,19,19],"gold":135,"neow_bonus":"THREE_ENEMY_KILL","is_prod":false,"is_daily":false,"chose_seed":false,"campfire_upgraded":6,"win_rate":0,"timestamp":1548025923,"path_taken":["M","$","?","?","$","E","R","E","T","M","M","R","?","M","R","BOSS","M","M","?","M","?","R","M","R","T","?","?","M","E","M","R","BOSS","M","M","$","?","?","R","E","M","T","?","?","R","M","M","R","BOSS"],"build_version":"2019-01-17v2","purchased_purges":0,"victory":true,"max_hp_per_floor":[75,75,75,75,75,75,75,75,75,75,75,75,75,75,75,75,75,75,75,75,75,75,75,75,75,89,94,94,94,94,94,94,94,94,94,94,94,94,94,94,94,94,94,94,94,94,96,98,98,98],"card_choices":[{"not_picked":["Streamline","Doom and Gloom"],"picked":"Coolheaded","floor":1},{"not_picked":["Thunder Strike","Hello World","Consume"],"picked":"SKIP","floor":6},{"not_picked":["FTL","Redo"],"picked":"Biased Cognition","floor":8},{"not_picked":["Hello World","Double Energy","Stack"],"picked":"SKIP","floor":10},{"not_picked":["Go for the Eyes","Force Field"],"picked":"BootSequence","floor":11},{"not_picked":["Compile Driver","Steam"],"picked":"Sunder","floor":14},{"not_picked":["Meteor Strike","Machine Learning"],"picked":"Creative AI","floor":16},{"not_picked":["Hologram"],"picked":"SKIP","floor":18},{"not_picked":[],"picked":"Cold Snap+1","floor":19},{"not_picked":[],"picked":"Loop","floor":21},{"not_picked":["Turbo"],"picked":"SKIP","floor":29},{"not_picked":[],"picked":"Doom and Gloom+1","floor":30},{"not_picked":[],"picked":"Beam Cell+1","floor":31},{"not_picked":[],"picked":"Machine Learning","floor":33},{"not_picked":[],"picked":"Go for the Eyes","floor":35},{"not_picked":["Reprogram+1"],"picked":"SKIP","floor":36},{"not_picked":[],"picked":"Beam Cell+1","floor":38},{"not_picked":[],"picked":"Amplify","floor":41},{"not_picked":["Turbo+1","Ball Lightning"],"picked":"SKIP","floor":42},{"not_picked":["Jack Of All Trades"],"picked":"Flash of Steel","floor":44},{"not_picked":["Consume","Rebound+1"],"picked":"Singing Bowl","floor":47},{"not_picked":["Leap","Rip and Tear+1"],"picked":"Singing Bowl","floor":48}],"player_experience":420069,"relics_obtained":[{"floor":4,"key":"Boot"},{"floor":6,"key":"Bronze Scales"},{"floor":8,"key":"The Courier"},{"floor":9,"key":"Bottled Tornado"},{"floor":26,"key":"Mango"},{"floor":28,"key":"Kunai"},{"floor":30,"key":"Pantograph"},{"floor":41,"key":"Question Card"},{"floor":43,"key":"Singing Bowl"}],"event_choices":[{"damage_healed":0,"gold_gain":0,"cards_transformed":["Strike_B"],"player_choice":"Change","damage_taken":0,"max_hp_gain":0,"max_hp_loss":0,"event_name":"Living Wall","floor":3,"gold_loss":0,"cards_obtained":["Fission"]},{"damage_healed":0,"gold_gain":0,"player_choice":"Entered Light","damage_taken":15,"max_hp_gain":0,"max_hp_loss":0,"event_name":"Shining Light","floor":13,"gold_loss":0,"cards_upgraded":["Strike_B","Coolheaded"]},{"damage_healed":0,"gold_gain":0,"player_choice":"Inject Mutagens","damage_taken":0,"relics_obtained":["MutagenicStrength"],"max_hp_gain":0,"max_hp_loss":0,"event_name":"Drug Dealer","floor":20,"gold_loss":0},{"damage_healed":0,"gold_gain":0,"player_choice":"Fight","damage_taken":0,"max_hp_gain":0,"max_hp_loss":0,"event_name":"Colosseum","floor":22,"gold_loss":0},{"damage_healed":0,"gold_gain":0,"player_choice":"Fled From Nobs","damage_taken":0,"max_hp_gain":0,"max_hp_loss":0,"event_name":"Colosseum","floor":22,"gold_loss":0},{"damage_healed":0,"gold_gain":0,"player_choice":"Shed Blood","damage_taken":22,"max_hp_gain":5,"max_hp_loss":0,"event_name":"Forgotten Altar","floor":27,"gold_loss":0},{"damage_healed":0,"gold_gain":0,"player_choice":"Upgrade","damage_taken":0,"relics_obtained":["Mark of the Bloom"],"max_hp_gain":0,"max_hp_loss":0,"event_name":"MindBloom","floor":39,"gold_loss":0,"cards_upgraded":["Strike_B","Strike_B","Defend_B","Defend_B","Defend_B","Defend_B","Dualcast","Biased Cognition","BootSequence","Sunder","Loop","Machine Learning","Go for the Eyes","Loop","Master of Strategy"]},{"damage_healed":0,"gold_gain":0,"player_choice":"Memory 1","damage_taken":0,"max_hp_gain":0,"max_hp_loss":0,"event_name":"SensoryStone","floor":44,"gold_loss":0},{"damage_healed":0,"gold_gain":0,"player_choice":"Ignored","damage_taken":0,"max_hp_gain":0,"max_hp_loss":0,"event_name":"Mysterious Sphere","floor":45,"gold_loss":0}],"is_beta":false,"boss_relics":[{"not_picked":["Ectoplasm","FrozenCore"],"picked":"Busted Crown"},{"not_picked":["Orrery","Velvet Choker"],"picked":"Lizard Tail"}],"items_purged_floors":[],"is_endless":false,"potions_floor_spawned":[8,11,14,21,24,29,33,35,36,47],"ascension_level":6}