{"gold_per_floor":[117,117,117,117,142,142,156,156,180,207,132,150,150,176,176,176],"floor_reached":16,"playtime":272,"items_purged":[],"score":201,"play_id":"30b08de2-e637-41e5-9917-b99bc289bc45","local_time":"20190117234251","is_ascension_mode":true,"campfire_choices":[{"data":"Rampage","floor":6,"key":"SMITH"},{"floor":8,"key":"REST"},{"data":"Brutality","floor":13,"key":"SMITH"},{"floor":15,"key":"REST"}],"neow_cost":"NONE","seed_source_timestamp":10343042433083,"circlet_count":0,"master_deck":["AscendersBane","Strike_R","Strike_R","Strike_R+1","Strike_R","Defend_R+1","Defend_R","Defend_R","Defend_R","Bash","Brutality+1","Rampage+1","Warcry","Shrug It Off","Rage"],"relics":["Burning Blood","Vajra","Boot","Red Skull","Juzu Bracelet","Question Card"],"potions_floor_usage":[10,14,16],"damage_taken":[{"damage":4,"enemies":"Small Slimes","floor":1,"turns":4},{"damage":6,"enemies":"2 Louse","floor":7,"turns":4},{"damage":39,"enemies":"Gremlin Nob","floor":10,"turns":4},{"damage":0,"enemies":"Jaw Worm","floor":12,"turns":3},{"damage":20,"enemies":"3 Sentries","floor":14,"turns":6},{"damage":45,"enemies":"Slime Boss","floor":16,"turns":6}],"seed_played":"3733672534037694225","potions_obtained":[{"floor":1,"key":"Fire Potion"},{"floor":7,"key":"Poison Potion"},{"floor":14,"key":"FearPotion"}],"is_trial":false,"path_per_floor":["M","?","?","?","T","R","M","R","T","E","?","M","R","E","R","B"],"character_chosen":"IRONCLAD","items_purchased":[],"campfire_rested":2,"item_purchase_floors":[],"current_hp_per_floor":[70,70,59,36,36,36,36,58,58,25,25,31,31,17,39,0],"gold":176,"neow_bonus":"ONE_RANDOM_RARE_CARD","is_prod":false,"is_daily":false,"chose_seed":false,"campfire_upgraded":2,"win_rate":0,"timestamp":1547768571,"path_taken":["M","?","?","?","?","R","M","R","T","E","?","M","R","E","R","BOSS"],"build_version":"2019-01-10","purchased_purges":0,"victory":false,"max_hp_per_floor":[75,75,75,75,75,75,75,75,75,75,75,75,75,75,75,75],"card_choices":[{"not_picked":["Clothesline","Thunderclap"],"picked":"Rampage","floor":1},{"not_picked":["Body Slam","Armaments"],"picked":"Warcry","floor":7},{"not_picked":["Pommel Strike","Cleave"],"picked":"Shrug It Off","floor":10},{"not_picked":["Body Slam","Seeing Red","Searing Blow"],"picked":"SKIP","floor":12},{"not_picked":["Impervious","Iron Wave"],"picked":"Rage","floor":14}],"player_experience":399863,"relics_obtained":[{"floor":5,"key":"Boot"},{"floor":9,"key":"Red Skull"},{"floor":10,"key":"Juzu Bracelet"},{"floor":14,"key":"Question Card"}],"event_choices":[{"damage_healed":0,"gold_gain":0,"player_choice":"Ignored","damage_taken":0,"max_hp_gain":0,"max_hp_loss":0,"event_name":"Liars Game","floor":2,"gold_loss":0},{"damage_healed":0,"gold_gain":0,"player_choice":"Success","damage_taken":11,"relics_obtained":["Vajra"],"max_hp_gain":0,"max_hp_loss":0,"event_name":"Scrap Ooze","floor":3,"gold_loss":0},{"damage_healed":0,"gold_gain":0,"player_choice":"Entered Light","damage_taken":23,"max_hp_gain":0,"max_hp_loss":0,"event_name":"Shining Light","floor":4,"gold_loss":0,"cards_upgraded":["Defend_R","Strike_R"]},{"cards_removed":["Strike_R"],"damage_healed":0,"gold_gain":0,"player_choice":"Card Removal","damage_taken":0,"max_hp_gain":0,"max_hp_loss":0,"event_name":"The Cleric","floor":11,"gold_loss":75}],"is_beta":false,"boss_relics":[],"items_purged_floors":[],"is_endless":false,"potions_floor_spawned":[1,7,14],"killed_by":"Slime Boss","ascension_level":18}