{"gold_per_floor":[16,30,30,42,59,59,76,76,76,93,93,111,111,111,111,216,216,234,86,86,11,11,45,45,99,99,99,116,16,26,44,44,44],"floor_reached":33,"playtime":767,"items_purged":["Strike_G","Strike_G"],"score":436,"play_id":"70ce64e7-5b89-44a0-b3b8-80bd1a94a761","local_time":"20181214225324","is_ascension_mode":true,"campfire_choices":[{"data":"Deadly Poison","floor":6,"key":"SMITH"},{"data":"Corpse Explosion","floor":8,"key":"SMITH"},{"data":"Deadly Poison","floor":11,"key":"SMITH"},{"floor":15,"key":"REST"},{"floor":24,"key":"REST"},{"floor":27,"key":"REST"},{"data":"Noxious Fumes","floor":32,"key":"SMITH"}],"neow_cost":"NO_GOLD","seed_source_timestamp":121220066819231,"circlet_count":0,"master_deck":["AscendersBane","Defend_G","Defend_G","Defend_G","Defend_G","Defend_G","Strike_G+1","Survivor","Neutralize+1","Expertise","Deflect","Corpse Explosion+1","Deflect","Deadly Poison+1","Deadly Poison+1","Escape Plan","Footwork","Leg Sweep","Noxious Fumes+1","Parasite","Adrenaline"],"relics":["Ring of the Snake","Mango","Kunai","Singing Bowl","Cursed Key","Dodecahedron","Whetstone"],"potions_floor_usage":[28,31,33],"damage_taken":[{"damage":0,"enemies":"Jaw Worm","floor":1,"turns":5},{"damage":6,"enemies":"Cultist","floor":2,"turns":5},{"damage":16,"enemies":"Small Slimes","floor":4,"turns":4},{"damage":8,"enemies":"Blue Slaver","floor":5,"turns":6},{"damage":6,"enemies":"3 Louse","floor":7,"turns":2},{"damage":14,"enemies":"Exordium Wildlife","floor":10,"turns":4},{"damage":0,"enemies":"Blue Slaver","floor":12,"turns":4},{"damage":34,"enemies":"The Guardian","floor":16,"turns":8},{"damage":7,"enemies":"Spheric Guardian","floor":18,"turns":4},{"damage":19,"enemies":"Colosseum Slavers","floor":22,"turns":4},{"damage":42,"enemies":"Book of Stabbing","floor":23,"turns":7},{"damage":0,"enemies":"Chosen","floor":28,"turns":5},{"damage":17,"enemies":"Snake Plant","floor":30,"turns":4},{"damage":2,"enemies":"Chosen and Byrds","floor":31,"turns":7},{"damage":57,"enemies":"Collector","floor":33,"turns":6}],"seed_played":"-2357008933784645326","potions_obtained":[{"floor":5,"key":"FearPotion"},{"floor":12,"key":"LiquidBronze"},{"floor":23,"key":"Block Potion"},{"floor":30,"key":"GamblersBrew"},{"floor":31,"key":"Weak Potion"}],"is_trial":false,"path_per_floor":["M","M","?","M","M","R","M","R","T","M","R","M","?","T","R","B",null,"M","$","?","$","?","E","R","T","T","R","M","$","M","M","R","B"],"character_chosen":"THE_SILENT","items_purchased":["Footwork","Noxious Fumes"],"campfire_rested":3,"item_purchase_floors":[19,21],"current_hp_per_floor":[77,71,71,55,47,47,41,41,41,27,27,27,20,20,45,13,68,63,63,63,63,44,4,31,31,31,58,60,60,43,43,43,0],"gold":44,"neow_bonus":"ONE_RARE_RELIC","is_prod":false,"is_daily":false,"chose_seed":false,"campfire_upgraded":4,"win_rate":0,"timestamp":1544828004,"path_taken":["M","M","?","?","M","R","M","R","T","?","R","M","?","?","R","BOSS","M","$","?","$","?","E","R","?","T","R","?","$","M","M","R","BOSS"],"build_version":"2018-12-13","purchased_purges":2,"victory":false,"max_hp_per_floor":[84,84,84,84,84,84,84,84,84,84,84,84,84,84,84,86,86,88,88,88,88,88,90,90,90,90,90,92,92,92,94,94,94],"card_choices":[{"not_picked":["Prepared","Underhanded Strike"],"picked":"Expertise","floor":1},{"not_picked":["Bane","Wraith Form v2"],"picked":"Deflect","floor":2},{"not_picked":["Dodge and Roll","Poisoned Stab"],"picked":"Deflect","floor":4},{"not_picked":["Cloak And Dagger","Outmaneuver"],"picked":"Deadly Poison","floor":5},{"not_picked":["Poisoned Stab","Concentrate","Flying Knee"],"picked":"SKIP","floor":7},{"not_picked":["Flying Knee","Calculated Gamble"],"picked":"Deadly Poison","floor":10},{"not_picked":["Dagger Spray","Noxious Fumes"],"picked":"Escape Plan","floor":12},{"not_picked":["Bullet Time","Unload","Grand Finale"],"picked":"Singing Bowl","floor":16},{"not_picked":["Bane","Predator","Backflip"],"picked":"Singing Bowl","floor":18},{"not_picked":["Blade Dance+1","Reflex","Envenom"],"picked":"Singing Bowl","floor":23},{"not_picked":["Riddle With Holes","Backflip+1","Cloak And Dagger"],"picked":"Singing Bowl","floor":28},{"not_picked":["PiercingWail","Infinite Blades"],"picked":"Adrenaline","floor":30},{"not_picked":["Terror","Prepared","Backflip"],"picked":"Singing Bowl","floor":31}],"player_experience":265874,"relics_obtained":[{"floor":9,"key":"Kunai"},{"floor":14,"key":"Singing Bowl"},{"floor":23,"key":"Dodecahedron"},{"floor":25,"key":"Whetstone"}],"event_choices":[{"damage_healed":0,"gold_gain":0,"cards_transformed":["Strike_G"],"player_choice":"Transformed","damage_taken":0,"max_hp_gain":0,"max_hp_loss":0,"event_name":"Transmorgrifier","floor":3,"gold_loss":0,"cards_obtained":["Corpse Explosion"]},{"cards_removed":["Strike_G"],"damage_healed":0,"gold_gain":0,"player_choice":"Card Removal","damage_taken":7,"max_hp_gain":0,"max_hp_loss":0,"event_name":"Golden Wing","floor":13,"gold_loss":0},{"damage_healed":0,"gold_gain":0,"player_choice":"Read","damage_taken":0,"max_hp_gain":0,"max_hp_loss":0,"event_name":"The Library","floor":20,"gold_loss":0,"cards_obtained":["Leg Sweep"]},{"damage_healed":0,"gold_gain":0,"player_choice":"Fight","damage_taken":0,"max_hp_gain":0,"max_hp_loss":0,"event_name":"Colosseum","floor":22,"gold_loss":0},{"damage_healed":0,"gold_gain":0,"player_choice":"Fled From Nobs","damage_taken":0,"max_hp_gain":0,"max_hp_loss":0,"event_name":"Colosseum","floor":22,"gold_loss":0}],"is_beta":false,"boss_relics":[{"not_picked":["WristBlade","Ring of the Serpent"],"picked":"Cursed Key"}],"items_purged_floors":[19,29],"is_endless":false,"potions_floor_spawned":[5,12,16,23,30,31],"killed_by":"Collector","ascension_level":12}