{"gold_per_floor":[110,126,138,155,155,155,181,181,181,206,221,221,238,256,256,256],"floor_reached":16,"playtime":721,"items_purged":[],"score":114,"play_id":"fe5eaa99-ba57-46fc-8f66-fcbcecff8f2e","local_time":"20190129170216","is_ascension_mode":false,"campfire_choices":[{"data":"Pommel Strike","floor":6,"key":"SMITH"},{"data":"Bash","floor":8,"key":"SMITH"},{"data":"Cleave","floor":12,"key":"SMITH"},{"data":"Iron Wave","floor":15,"key":"SMITH"}],"neow_cost":"TEN_PERCENT_HP_LOSS","seed_source_timestamp":141113610442805,"circlet_count":0,"master_deck":["Strike_R","Strike_R","Strike_R","Strike_R","Strike_R","Defend_R","Defend_R","Defend_R","Defend_R","Bash+1","Warcry","Pommel Strike+1","Thunderclap","Iron Wave+1","Cleave+1"],"relics":["Burning Blood","Gambling Chip","Self Forming Clay","The Courier","Juzu Bracelet"],"potions_floor_usage":[10,10,13,16],"damage_taken":[{"damage":1,"enemies":"2 Louse","floor":1,"turns":2},{"damage":4,"enemies":"Jaw Worm","floor":2,"turns":5},{"damage":0,"enemies":"Small Slimes","floor":3,"turns":3},{"damage":8,"enemies":"2 Fungi Beasts","floor":4,"turns":4},{"damage":38,"enemies":"3 Sentries","floor":7,"turns":9},{"damage":33,"enemies":"Lagavulin","floor":10,"turns":6},{"damage":7,"enemies":"3 Louse","floor":11,"turns":3},{"damage":9,"enemies":"Large Slime","floor":13,"turns":7},{"damage":5,"enemies":"Looter","floor":14,"turns":3},{"damage":24,"enemies":"Hexaghost","floor":16,"turns":9}],"seed_played":"-4500918871458528603","potions_obtained":[{"floor":2,"key":"GamblersBrew"},{"floor":7,"key":"Regen Potion"},{"floor":11,"key":"SkillPotion"},{"floor":13,"key":"Poison Potion"}],"is_trial":false,"path_per_floor":["M","M","M","M","?","R","E","R","T","E","M","R","M","M","R","B"],"character_chosen":"IRONCLAD","items_purchased":[],"campfire_rested":0,"item_purchase_floors":[],"current_hp_per_floor":[72,72,72,70,75,75,43,43,43,30,29,29,26,27,27,3],"gold":256,"neow_bonus":"ONE_RARE_RELIC","is_prod":false,"is_daily":false,"chose_seed":false,"campfire_upgraded":4,"win_rate":0,"timestamp":1548799336,"path_taken":["M","M","M","M","?","R","E","R","T","E","M","R","M","M","R","BOSS"],"build_version":"2019-01-23","purchased_purges":0,"victory":false,"max_hp_per_floor":[72,72,72,72,77,77,77,77,77,77,77,77,77,77,77,77],"card_choices":[{"not_picked":["Sword Boomerang","Armaments"],"picked":"Warcry","floor":1},{"not_picked":["Sword Boomerang","Feel No Pain","Wild Strike"],"picked":"SKIP","floor":2},{"not_picked":["Iron Wave","Anger"],"picked":"Pommel Strike","floor":3},{"not_picked":["Clash","Berserk"],"picked":"Thunderclap","floor":4},{"not_picked":["Second Wind","Power Through","Flex"],"picked":"SKIP","floor":7},{"not_picked":["Sentinel","Hemokinesis"],"picked":"Iron Wave","floor":10},{"not_picked":["Shrug It Off","Warcry"],"picked":"Cleave","floor":11},{"not_picked":["Bloodletting","Thunderclap","Sentinel"],"picked":"SKIP","floor":13},{"not_picked":["Cleave","Reckless Charge","Heavy Blade"],"picked":"SKIP","floor":14}],"player_experience":403772,"relics_obtained":[{"floor":7,"key":"Self Forming Clay"},{"floor":9,"key":"The Courier"},{"floor":10,"key":"Juzu Bracelet"}],"event_choices":[{"damage_healed":0,"gold_gain":0,"player_choice":"Donut","damage_taken":0,"max_hp_gain":5,"max_hp_loss":0,"event_name":"Big Fish","floor":5,"gold_loss":0}],"is_beta":false,"boss_relics":[],"items_purged_floors":[],"is_endless":false,"potions_floor_spawned":[2,7,11,13],"killed_by":"Hexaghost","ascension_level":0}