{"gold_per_floor":[116,130,144,154,165,165,198,198,198,223,223,223,242,259,259,357,357,368,368,467,479,394,410,410,410,410,410,428,441,366,383,383,487,487,497,548,561,574,591,591,601,601,655,669,569,569,586,461,461,461],"floor_reached":51,"playtime":4822,"items_purged":["Barricade","Strike_R","Uppercut+1"],"score":640,"play_id":"252fd367-f924-4129-8e66-eaf94e26c795","local_time":"20181229000219","is_ascension_mode":false,"campfire_choices":[{"data":"Heavy Blade","floor":6.0,"key":"SMITH"},{"data":"Uppercut","floor":8.0,"key":"SMITH"},{"data":"True Grit","floor":15.0,"key":"SMITH"},{"data":"Body Slam","floor":24.0,"key":"SMITH"},{"floor":27,"key":"REST"},{"floor":32,"key":"REST"},{"floor":40,"key":"REST"},{"data":"Shrug It Off","floor":42,"key":"SMITH"},{"floor":49,"key":"REST"}],"neow_cost":"NONE","seed_source_timestamp":0,"circlet_count":0,"master_deck":["Strike_R","Strike_R","Defend_R","Defend_R","Defend_R+1","Defend_R+1","Heavy Blade+1","True Grit+1","Pommel Strike","Rampage+1","Barricade+1","Cleave+1","Body Slam+1","Shrug It Off+1","Pommel Strike+1","Metallicize+1","Pommel Strike+1","Spot Weakness+1"],"special_seed":0,"relics":["Burning Blood","NeowsBlessing","Happy Flower","War Paint","Dream Catcher","Pantograph","Astrolabe","Strawberry","Meat on the Bone","Busted Crown","Mango","Vajra"],"potions_floor_usage":[50,50,50],"damage_taken":[{"damage":0.0,"enemies":"Cultist","floor":1.0,"turns":1.0},{"damage":0.0,"enemies":"Small Slimes","floor":2.0,"turns":1.0},{"damage":0.0,"enemies":"2 Louse","floor":3.0,"turns":1.0},{"damage":13.0,"enemies":"Large Slime","floor":4.0,"turns":9.0},{"damage":9.0,"enemies":"2 Fungi Beasts","floor":5.0,"turns":6.0},{"damage":29.0,"enemies":"Gremlin Nob","floor":7.0,"turns":5.0},{"damage":32.0,"enemies":"Lagavulin","floor":10.0,"turns":8.0},{"damage":2.0,"enemies":"Looter","floor":13.0,"turns":3.0},{"damage":7.0,"enemies":"Blue Slaver","floor":14.0,"turns":4.0},{"damage":29.0,"enemies":"Hexaghost","floor":16.0,"turns":9.0},{"damage":10.0,"enemies":"Chosen","floor":18.0,"turns":6.0},{"damage":26.0,"enemies":"Spheric Guardian","floor":21.0,"turns":6.0},{"damage":49.0,"enemies":"Cultist and Chosen","floor":23.0,"turns":10.0},{"damage":6.0,"enemies":"Colosseum Slavers","floor":25.0,"turns":4.0},{"damage":18,"enemies":"3 Cultists","floor":28,"turns":6},{"damage":19,"enemies":"Centurion and Healer","floor":29,"turns":7},{"damage":42,"enemies":"Sentry and Sphere","floor":31,"turns":9},{"damage":48,"enemies":"Automaton","floor":33,"turns":13},{"damage":0,"enemies":"3 Shapes","floor":35,"turns":6},{"damage":54,"enemies":"2 Orb Walkers","floor":36,"turns":5},{"damage":31,"enemies":"3 Darklings","floor":37,"turns":5},{"damage":28,"enemies":"Writhing Mass","floor":38,"turns":8},{"damage":33,"enemies":"4 Shapes","floor":39,"turns":9},{"damage":3,"enemies":"Spire Growth","floor":41,"turns":6},{"damage":43,"enemies":"Jaw Worm Horde","floor":44,"turns":4},{"damage":15,"enemies":"Sphere and 2 Shapes","floor":47,"turns":5},{"damage":89,"enemies":"Donu and Deca","floor":50,"turns":9}],"seed_played":"-4483237960455845857","potions_obtained":[{"floor":4.0,"key":"SpeedPotion"},{"floor":5.0,"key":"FearPotion"},{"floor":14.0,"key":"SteroidPotion"},{"floor":16.0,"key":"SpeedPotion"},{"floor":23.0,"key":"Energy Potion"},{"floor":28,"key":"SpeedPotion"},{"floor":38,"key":"FearPotion"},{"floor":47,"key":"PowerPotion"}],"is_trial":false,"path_per_floor":["M","M","M","M","M","R","E","R","T","E","?","?","M","M","R","B",null,"M","?","?","M","?","M","R","?","T","R","M","M","$","M","R","B",null,"M","?","M","M","M","R","M","R","T","M","$","?","M","$","R","B",null],"character_chosen":"IRONCLAD","items_purchased":[],"campfire_rested":4,"item_purchase_floors":[],"current_hp_per_floor":[80,80,80,73,70,70,47,47,47,21,47,22,26,25,25,27,80,76,76,76,56,63,20,20,20,20,46,46,45,45,21,47,42,87,87,65,52,42,27,57,60,60,60,35,35,35,38,38,68,22],"gold":461,"neow_bonus":"THREE_ENEMY_KILL","is_prod":false,"is_daily":false,"chose_seed":false,"campfire_upgraded":5,"win_rate":0,"timestamp":1546070539,"path_taken":["M","?","M","M","M","R","E","R","T","E","?","?","M","M","R","BOSS","M","?","?","M","?","M","R","?","T","R","M","M","?","M","R","BOSS","M","?","M","M","M","R","M","R","T","M","$","?","?","$","R","BOSS"],"build_version":"2018-12-20","purchased_purges":3,"victory":true,"max_hp_per_floor":[80,80,80,80,80,80,80,80,80,80,80,80,80,80,80,80,80,80,80,80,80,87,87,87,87,87,87,87,87,87,87,87,87,87,87,101,101,101,101,101,101,101,101,101,101,101,101,101,101,101],"card_choices":[{"not_picked":["Pommel Strike","Clash","Thunderclap"],"picked":"SKIP","floor":1.0},{"not_picked":["Thunderclap","Uppercut","Twin Strike"],"picked":"SKIP","floor":2.0},{"not_picked":["Combust","Spot Weakness","Anger"],"picked":"SKIP","floor":3.0},{"not_picked":["Wild Strike","Armaments","Perfected Strike"],"picked":"SKIP","floor":4.0},{"not_picked":["Headbutt","Thunderclap"],"picked":"Heavy Blade","floor":5.0},{"not_picked":["True Grit","Thunderclap"],"picked":"Uppercut","floor":7.0},{"not_picked":["Feed","Infernal Blade"],"picked":"True Grit","floor":10.0},{"not_picked":["Headbutt","Rupture","Iron Wave"],"picked":"SKIP","floor":13.0},{"not_picked":["Iron Wave","Heavy Blade"],"picked":"Pommel Strike","floor":14.0},{"not_picked":["Dark Embrace","Double Tap"],"picked":"Barricade","floor":16.0},{"not_picked":["Heavy Blade+1","Perfected Strike"],"picked":"Body Slam","floor":18.0},{"not_picked":["Armaments","Pummel+1"],"picked":"Pommel Strike+1","floor":21.0},{"not_picked":["Warcry","Iron Wave","Bloodletting"],"picked":"SKIP","floor":23.0},{"not_picked":["Carnage","Anger"],"picked":"Metallicize+1","floor":27},{"not_picked":["Body Slam","Feed","Sword Boomerang"],"picked":"SKIP","floor":28},{"not_picked":["Cleave","Inflame","Fire Breathing+1"],"picked":"SKIP","floor":29},{"not_picked":["Sword Boomerang","Cleave+1","Sever Soul"],"picked":"SKIP","floor":31},{"not_picked":["Blood for Blood+1","Thunderclap"],"picked":"Pommel Strike+1","floor":32},{"not_picked":["Armaments"],"picked":"SKIP","floor":35},{"not_picked":["Reckless Charge+1"],"picked":"SKIP","floor":37},{"not_picked":["Shockwave"],"picked":"SKIP","floor":38},{"not_picked":["Headbutt+1"],"picked":"SKIP","floor":39},{"not_picked":[],"picked":"Spot Weakness+1","floor":40},{"not_picked":["Seeing Red"],"picked":"SKIP","floor":41},{"not_picked":["Ghostly Armor"],"picked":"SKIP","floor":44},{"not_picked":["Sword Boomerang+1"],"picked":"SKIP","floor":47}],"player_experience":18850,"relics_obtained":[{"floor":7.0,"key":"Happy Flower"},{"floor":9.0,"key":"War Paint"},{"floor":10.0,"key":"Dream Catcher"},{"floor":26.0,"key":"Meat on the Bone"},{"floor":36,"key":"Mango"},{"floor":43,"key":"Vajra"}],"event_choices":[{"damage_healed":26.0,"max_hp_gain":0.0,"max_hp_loss":0.0,"gold_gain":0.0,"event_name":"Big Fish","player_choice":"Banana","floor":11.0,"gold_loss":0.0,"damage_taken":0.0},{"damage_healed":0.0,"max_hp_gain":0.0,"max_hp_loss":0.0,"gold_gain":0.0,"event_name":"Scrap Ooze","player_choice":"Success","floor":12.0,"gold_loss":0.0,"damage_taken":25.0,"relics_obtained":["Pantograph"]},{"damage_healed":0.0,"max_hp_gain":0.0,"max_hp_loss":0.0,"gold_gain":0.0,"event_name":"The Library","player_choice":"Read","floor":19.0,"gold_loss":0.0,"damage_taken":0.0,"cards_obtained":["Shrug It Off"]},{"damage_healed":0.0,"max_hp_gain":0.0,"max_hp_loss":0.0,"gold_gain":99.0,"event_name":"Nest","player_choice":"Stole From Cult","floor":20.0,"gold_loss":0.0,"damage_taken":0.0},{"damage_healed":0.0,"max_hp_gain":0.0,"max_hp_loss":0.0,"gold_gain":0.0,"event_name":"Addict","player_choice":"Obtained Relic","floor":22.0,"gold_loss":85.0,"damage_taken":0.0,"relics_obtained":["Strawberry"]},{"damage_healed":0.0,"max_hp_gain":0.0,"max_hp_loss":0.0,"gold_gain":0.0,"event_name":"Colosseum","player_choice":"Fight","floor":25.0,"gold_loss":0.0,"damage_taken":0.0},{"damage_healed":0.0,"max_hp_gain":0.0,"max_hp_loss":0.0,"gold_gain":0.0,"event_name":"Colosseum","player_choice":"Fled From Nobs","floor":25.0,"gold_loss":0.0,"damage_taken":0.0},{"damage_healed":0,"gold_gain":0,"player_choice":"Fight","damage_taken":0,"max_hp_gain":0,"max_hp_loss":0,"event_name":"Mysterious Sphere","floor":36,"gold_loss":0},{"damage_healed":0,"gold_gain":0,"player_choice":"Leave","damage_taken":0,"max_hp_gain":0,"max_hp_loss":0,"event_name":"FaceTrader","floor":46,"gold_loss":0}],"is_beta":false,"boss_relics":[{"not_picked":["Runic Dome","White Beast Statue"],"picked":"Astrolabe"},{"not_picked":["Runic Cube","Coffee Dripper"],"picked":"Busted Crown"}],"items_purged_floors":[30,45,48],"is_endless":false,"potions_floor_spawned":[4,5,14,16,23,28,38,39,47],"ascension_level":0}