{"gold_per_floor":[111,131,81,99,99,99,134,59,59,72,103,73,73,88,88,185,185,150,150,150,150,164,164,194,194,194,225,251,281,243,272,284,396,408,431,180,196,71,82,82,82,92,92,92,117,217,235,248,248,248,248,248,25,51,51],"floor_reached":56,"playtime":9784,"items_purged":["Regret","Strike_R","Strike_R","Strike_R"],"score":1357,"play_id":"ef008612-19d7-4fce-8d0e-912e1adf0e36","local_time":"20181231000308","is_ascension_mode":true,"campfire_choices":[{"data":"Barricade","floor":6,"key":"SMITH"},{"data":"Entrench","floor":15,"key":"SMITH"},{"data":"Offering","floor":23,"key":"SMITH"},{"data":"Warcry","floor":25,"key":"SMITH"},{"data":"Seeing Red","floor":32,"key":"SMITH"},{"data":"Thinking Ahead","floor":40,"key":"SMITH"},{"floor":49,"key":"RECALL"},{"data":"Evolve","floor":52,"key":"SMITH"}],"neow_cost":"NONE","seed_source_timestamp":2958967641522209,"circlet_count":0,"master_deck":["Defend_R","Defend_R+1","Defend_R+1","Defend_R","Bash","Seeing Red+1","Warcry+1","Barricade+1","Reaper","Disarm","Intimidate","Inflame","Entrench+1","Offering+1","Fire Breathing+1","Body Slam","Necronomicurse","Burning Pact","Feel No Pain","Berserk","Thinking Ahead+1","Shrug It Off","Evolve+1"],"relics":["Burning Blood","Mummified Hand","Shuriken","Self Forming Clay","Bottled Tornado","Coffee Dripper","Necronomicon","Torii","MawBank","Busted Crown","War Paint","FossilizedHelix","Paper Frog"],"potions_floor_usage":[11,11,16,28,29,33,39,46,55,55],"damage_taken":[{"damage":13,"enemies":"Jaw Worm","floor":1,"turns":3},{"damage":2,"enemies":"2 Louse","floor":2,"turns":2},{"damage":0,"enemies":"Small Slimes","floor":4,"turns":3},{"damage":72,"enemies":"3 Sentries","floor":7,"turns":15},{"damage":10,"enemies":"3 Louse","floor":10,"turns":4},{"damage":35,"enemies":"Gremlin Nob","floor":11,"turns":7},{"damage":0,"enemies":"Looter","floor":12,"turns":4},{"damage":25,"enemies":"Exordium Thugs","floor":14,"turns":7},{"damage":7,"enemies":"The Guardian","floor":16,"turns":21},{"damage":30,"enemies":"2 Thieves","floor":18,"turns":5},{"damage":7,"enemies":"Shell Parasite","floor":22,"turns":5},{"damage":44,"enemies":"Gremlin Leader","floor":24,"turns":8},{"damage":6,"enemies":"Snake Plant","floor":27,"turns":6},{"damage":8,"enemies":"Shelled Parasite and Fungi","floor":28,"turns":6},{"damage":16,"enemies":"Snecko","floor":29,"turns":6},{"damage":6,"enemies":"Centurion and Healer","floor":31,"turns":4},{"damage":6,"enemies":"Collector","floor":33,"turns":9},{"damage":46,"enemies":"3 Shapes","floor":35,"turns":6},{"damage":34,"enemies":"3 Darklings","floor":37,"turns":5},{"damage":7,"enemies":"Writhing Mass","floor":39,"turns":8},{"damage":49,"enemies":"4 Shapes","floor":42,"turns":7},{"damage":0,"enemies":"Mind Bloom Boss Battle","floor":46,"turns":7},{"damage":0,"enemies":"Maw","floor":47,"turns":4},{"damage":20,"enemies":"Jaw Worm Horde","floor":48,"turns":4},{"damage":29,"enemies":"Awakened One","floor":50,"turns":8},{"damage":18,"enemies":"Shield and Spear","floor":54,"turns":6},{"damage":26,"enemies":"The Heart","floor":55,"turns":7}],"seed_played":"-4467525661050612318","potions_obtained":[{"floor":1,"key":"BloodPotion"},{"floor":10,"key":"Weak Potion"},{"floor":11,"key":"BloodPotion"},{"floor":14,"key":"Regen Potion"},{"floor":16,"key":"Energy Potion"},{"floor":24,"key":"Poison Potion"},{"floor":27,"key":"Block Potion"},{"floor":28,"key":"Regen Potion"},{"floor":31,"key":"PowerPotion"},{"floor":37,"key":"SkillPotion"},{"floor":42,"key":"Block Potion"},{"floor":46,"key":"Fire Potion"},{"floor":48,"key":"BloodPotion"}],"is_trial":false,"path_per_floor":["M","M","?","M","?","R","E","$","T","M","E","M","?","M","R","B",null,"M","?","?","?","M","R","E","R","T","M","M","M","?","M","R","B",null,"M","$","M","$","M","R","?","M","T","?","T","?","M","M","R","B",null,"R","$","E","B",null],"character_chosen":"IRONCLAD","items_purchased":["Thinking Ahead","Ancient Potion"],"campfire_rested":0,"item_purchase_floors":[36,53],"current_hp_per_floor":[81,85,85,88,88,88,22,22,22,30,15,27,24,14,14,34,88,75,75,59,59,58,58,35,35,35,42,58,72,72,78,78,88,88,63,63,59,59,75,75,75,51,51,51,51,69,87,88,88,88,88,88,88,76,60],"gold":51,"neow_bonus":"TEN_PERCENT_HP_BONUS","is_prod":false,"is_daily":false,"chose_seed":false,"campfire_upgraded":7,"win_rate":0,"timestamp":1546243388,"path_taken":["M","M","?","M","?","R","E","$","T","M","E","M","?","M","R","BOSS","M","?","?","?","M","R","E","R","T","M","M","?","?","M","R","BOSS","M","$","M","$","?","R","?","M","T","?","?","?","M","?","R","BOSS","R","$","E","BOSS"],"build_version":"2018-12-20","purchased_purges":4,"victory":true,"max_hp_per_floor":[88,88,88,88,88,88,88,88,88,88,88,88,88,88,88,88,88,88,88,88,88,88,88,88,88,88,88,88,88,88,88,88,88,88,88,88,88,88,88,88,88,88,88,88,88,88,88,88,88,88,88,88,88,88,88],"card_choices":[{"not_picked":["Clothesline","Twin Strike"],"picked":"Seeing Red","floor":1},{"not_picked":["Body Slam","Clothesline"],"picked":"Warcry","floor":2},{"not_picked":["Fire Breathing","Heavy Blade"],"picked":"Barricade","floor":4},{"not_picked":["Warcry","Rampage"],"picked":"Reaper","floor":7},{"not_picked":["Corruption","Perfected Strike"],"picked":"Disarm","floor":10},{"not_picked":["Infernal Blade","Searing Blow"],"picked":"Intimidate","floor":11},{"not_picked":["Rampage","Evolve"],"picked":"Inflame","floor":12},{"not_picked":["Iron Wave","Sword Boomerang"],"picked":"Entrench","floor":14},{"not_picked":["Immolate","Fiend Fire"],"picked":"Offering","floor":16},{"not_picked":["Disarm","Iron Wave"],"picked":"Fire Breathing+1","floor":18},{"not_picked":["Burning Pact","Heavy Blade","Warcry"],"picked":"SKIP","floor":22},{"not_picked":["Clash","Twin Strike"],"picked":"Burning Pact","floor":24},{"not_picked":["Thunderclap","Rupture","Rampage"],"picked":"SKIP","floor":27},{"not_picked":["Fire Breathing","Reckless Charge"],"picked":"Feel No Pain","floor":28},{"not_picked":["Wild Strike+1","Iron Wave","Havoc+1"],"picked":"SKIP","floor":29},{"not_picked":["Twin Strike","Rage","Warcry"],"picked":"SKIP","floor":31},{"not_picked":["Barricade","Demon Form"],"picked":"Berserk","floor":33},{"not_picked":["Blood for Blood+1"],"picked":"SKIP","floor":35},{"not_picked":["Clothesline+1"],"picked":"SKIP","floor":37},{"not_picked":["Heavy Blade"],"picked":"SKIP","floor":39},{"not_picked":[],"picked":"Shrug It Off","floor":42},{"not_picked":["Twin Strike"],"picked":"SKIP","floor":47},{"not_picked":[],"picked":"Evolve","floor":48},{"not_picked":["True Grit+1"],"picked":"SKIP","floor":54}],"player_experience":168445,"relics_obtained":[{"floor":7,"key":"Shuriken"},{"floor":9,"key":"Self Forming Clay"},{"floor":11,"key":"Bottled Tornado"},{"floor":20,"key":"Necronomicon"},{"floor":24,"key":"Torii"},{"floor":26,"key":"MawBank"},{"floor":45,"key":"War Paint"},{"floor":46,"key":"FossilizedHelix"},{"floor":54,"key":"Paper Frog"}],"event_choices":[{"cards_removed":["Strike_R"],"damage_healed":0,"gold_gain":0,"player_choice":"Card Removal","damage_taken":0,"max_hp_gain":0,"max_hp_loss":0,"event_name":"The Cleric","floor":3,"gold_loss":50},{"damage_healed":0,"gold_gain":0,"player_choice":"Box","damage_taken":0,"relics_obtained":["Mummified Hand"],"max_hp_gain":0,"max_hp_loss":0,"event_name":"Big Fish","floor":5,"gold_loss":0,"cards_obtained":["Regret"]},{"damage_healed":0,"gold_gain":0,"player_choice":"Fled","damage_taken":3,"max_hp_gain":0,"max_hp_loss":0,"event_name":"Scrap Ooze","floor":13,"gold_loss":0},{"damage_healed":0,"gold_gain":0,"player_choice":"Read","damage_taken":0,"max_hp_gain":0,"max_hp_loss":0,"event_name":"The Library","floor":19,"gold_loss":0,"cards_obtained":["Body Slam"]},{"damage_healed":0,"gold_gain":0,"player_choice":"Obtained Book","damage_taken":16,"max_hp_gain":0,"max_hp_loss":0,"event_name":"Cursed Tome","floor":20,"gold_loss":0},{"damage_healed":0,"gold_gain":0,"player_choice":"Ignored","damage_taken":0,"max_hp_gain":0,"max_hp_loss":0,"event_name":"Ghosts","floor":21,"gold_loss":0},{"damage_healed":0,"gold_gain":0,"player_choice":"Bet on Murderer","damage_taken":0,"max_hp_gain":0,"max_hp_loss":0,"event_name":"The Joust","floor":30,"gold_loss":50},{"damage_healed":0,"gold_gain":0,"player_choice":"Memory 1","damage_taken":0,"max_hp_gain":0,"max_hp_loss":0,"event_name":"SensoryStone","floor":41,"gold_loss":0},{"cards_removed":["Strike_R"],"damage_healed":0,"gold_gain":0,"player_choice":"Removed Attack","damage_taken":0,"max_hp_gain":0,"max_hp_loss":0,"event_name":"Falling","floor":44,"gold_loss":0},{"damage_healed":0,"gold_gain":0,"player_choice":"Fight","damage_taken":0,"max_hp_gain":0,"max_hp_loss":0,"event_name":"MindBloom","floor":46,"gold_loss":0}],"is_beta":false,"boss_relics":[{"not_picked":["Fusion Hammer","Sozu"],"picked":"Coffee Dripper"},{"not_picked":["Philosopher\u0027s Stone","Orrery"],"picked":"Busted Crown"}],"items_purged_floors":[8,36,38,53],"is_endless":false,"potions_floor_spawned":[1,10,11,14,16,24,27,28,31,37,42,46,48],"ascension_level":1}