{"gold_per_floor":[114,114,37,53,53,53,73,73,73,90,119,119,44,44,44,137,137,162,162,87],"floor_reached":20,"playtime":407,"items_purged":["Strike_B"],"score":288,"play_id":"92a0c5d2-d452-4b72-ace9-db4a42ece535","local_time":"20181108184437","is_ascension_mode":true,"campfire_choices":[{"data":"White Noise","floor":6,"key":"SMITH"},{"data":"Forethought","floor":8,"key":"SMITH"},{"data":"Loop","floor":15,"key":"SMITH"}],"neow_cost":"NONE","seed_source_timestamp":1275248913039,"circlet_count":0,"master_deck":["AscendersBane","Strike_B","Strike_B","Strike_B","Defend_B","Defend_B","Defend_B","Defend_B","Zap","Dualcast","Forethought+1","Loop+1","White Noise+1","Ball Lightning","FTL","Self Repair+1","Ball Lightning","Core Surge","Echo Form","Cold Snap"],"relics":["Cracked Core","Strawberry","Odd Mushroom","Golden Idol","Bottled Lightning","Snecko Eye"],"potions_floor_usage":[11,16],"damage_taken":[{"damage":0,"enemies":"Small Slimes","floor":1,"turns":3},{"damage":2,"enemies":"Jaw Worm","floor":4,"turns":3},{"damage":1,"enemies":"Cultist","floor":7,"turns":3},{"damage":0,"enemies":"3 Louse","floor":10,"turns":1},{"damage":22,"enemies":"The Mushroom Lair","floor":11,"turns":4},{"damage":13,"enemies":"Slime Boss","floor":16,"turns":7},{"damage":29,"enemies":"Shell Parasite","floor":18,"turns":5},{"damage":51,"enemies":"2 Thieves","floor":20,"turns":3}],"seed_played":"1978603486012611281","potions_obtained":[{"floor":7,"key":"Swift Potion"},{"floor":11,"key":"Fire Potion"}],"is_trial":false,"path_per_floor":["M","?","$","M","?","R","M","R","T","M","?","?","$","T","R","B",null,"M","?","M"],"character_chosen":"DEFECT","items_purchased":["White Noise"],"campfire_rested":0,"item_purchase_floors":[3],"current_hp_per_floor":[64,69,69,67,67,67,66,66,73,73,51,51,51,51,51,45,68,39,39,0],"gold":87,"neow_bonus":"RANDOM_COLORLESS","is_prod":false,"is_daily":false,"chose_seed":false,"campfire_upgraded":3,"win_rate":0,"timestamp":1541702677,"path_taken":["M","?","$","M","?","R","?","R","T","M","?","?","?","?","R","BOSS","M","?","?"],"build_version":"2018-11-01","purchased_purges":1,"victory":false,"max_hp_per_floor":[71,76,76,76,76,76,76,76,83,83,83,75,75,75,75,75,75,75,75,75],"card_choices":[{"not_picked":["Go for the Eyes","Force Field"],"picked":"Loop","floor":1},{"not_picked":["Beam Cell","Blizzard"],"picked":"Ball Lightning","floor":4},{"not_picked":["Compile Driver","Leap"],"picked":"Self Repair","floor":7},{"not_picked":["Auto Shields","Turbo"],"picked":"Ball Lightning","floor":10},{"not_picked":["Conserve Battery","Fusion"],"picked":"Core Surge","floor":11},{"not_picked":["Core Surge","Buffer"],"picked":"Echo Form","floor":16},{"not_picked":["Redo","Turbo"],"picked":"Cold Snap","floor":18}],"player_experience":121153,"relics_obtained":[{"floor":9,"key":"Strawberry"},{"floor":11,"key":"Odd Mushroom"},{"floor":14,"key":"Bottled Lightning"}],"event_choices":[{"damage_healed":0,"gold_gain":0,"player_choice":"Donut","damage_taken":0,"max_hp_gain":5,"max_hp_loss":0,"event_name":"Big Fish","floor":2,"gold_loss":0},{"damage_healed":0,"gold_gain":0,"player_choice":"1 cards matched","damage_taken":0,"max_hp_gain":0,"max_hp_loss":0,"event_name":"Match and Keep!","floor":5,"gold_loss":0,"cards_obtained":["FTL"]},{"damage_healed":0,"gold_gain":0,"player_choice":"Fought Mushrooms","damage_taken":0,"max_hp_gain":0,"max_hp_loss":0,"event_name":"Mushrooms","floor":11,"gold_loss":0},{"damage_healed":0,"gold_gain":0,"player_choice":"Lose Max HP","damage_taken":0,"relics_obtained":["Golden Idol"],"max_hp_gain":0,"max_hp_loss":8,"event_name":"Golden Idol","floor":12,"gold_loss":0},{"damage_healed":0,"gold_gain":0,"player_choice":"Upgraded","damage_taken":0,"max_hp_gain":0,"max_hp_loss":0,"event_name":"Upgrade Shrine","floor":19,"gold_loss":0,"cards_upgraded":["Self Repair"]}],"is_beta":false,"boss_relics":[{"not_picked":["Black Star","Nuclear Battery"],"picked":"Snecko Eye"}],"items_purged_floors":[13],"is_endless":false,"potions_floor_spawned":[7,11],"killed_by":"2 Thieves","ascension_level":16}