{"gold_per_floor":[210,221,55,70,70,70,97,97,97,22,172,200,46,46,46,123,123,142,36,136,51,64,64,98,98,124,124,141,158,158,31,31,102,102,112,112,124,140,140],"floor_reached":39,"playtime":1535,"items_purged":["Doubt"],"score":749,"play_id":"6bc8f17b-5351-4f10-90cb-07493a5ae3b8","local_time":"20190204005652","is_ascension_mode":true,"campfire_choices":[{"data":"Dash","floor":6.0,"key":"SMITH"},{"floor":8.0,"key":"REST"},{"floor":15.0,"key":"REST"},{"floor":23.0,"key":"REST"},{"data":"Catalyst","floor":25.0,"key":"SMITH"},{"data":"Neutralize","floor":30.0,"key":"SMITH"},{"data":"Adrenaline","floor":32.0,"key":"SMITH"}],"neow_cost":"NONE","seed_source_timestamp":16628156833000,"circlet_count":0,"master_deck":["AscendersBane","Survivor","Neutralize+1","Dash+1","Well Laid Plans","Dagger Spray","Noxious Fumes+1","Corpse Explosion","Reflex","Glass Knife","Dodge and Roll","Adrenaline+1","Bane","Tools of the Trade+1","Catalyst+1","PiercingWail","Dagger Spray+1","Caltrops+1","Footwork+1","Noxious Fumes+1","Footwork+1","Bullet Time","Catalyst","Catalyst+1","Blur+1"],"special_seed":0,"relics":["Ring of the Snake","Lantern","FossilizedHelix","Matryoshka","Frozen Egg 2","Regal Pillow","Bottled Flame","Pandora\u0027s Box","WingedGreaves","The Courier","Question Card","Strawberry","Bag of Preparation","Pen Nib","Empty Cage"],"potions_floor_usage":[],"damage_taken":[{"damage":8.0,"enemies":"Small Slimes","floor":1.0,"turns":5.0},{"damage":0.0,"enemies":"2 Louse","floor":2.0,"turns":2.0},{"damage":0.0,"enemies":"Jaw Worm","floor":4.0,"turns":6.0},{"damage":22.0,"enemies":"Lagavulin","floor":7.0,"turns":8.0},{"damage":35.0,"enemies":"Gremlin Nob","floor":12.0,"turns":7.0},{"damage":2.0,"enemies":"The Guardian","floor":16.0,"turns":13.0},{"damage":0.0,"enemies":"Chosen","floor":18.0,"turns":5.0},{"damage":22.0,"enemies":"Colosseum Slavers","floor":20.0,"turns":3.0},{"damage":17.0,"enemies":"Colosseum Nobs","floor":20.0,"turns":4.0},{"damage":1.0,"enemies":"3 Byrds","floor":22.0,"turns":2.0},{"damage":24.0,"enemies":"Book of Stabbing","floor":24.0,"turns":5.0},{"damage":0.0,"enemies":"Cultist and Chosen","floor":28.0,"turns":4.0},{"damage":0.0,"enemies":"3 Cultists","floor":29.0,"turns":1.0},{"damage":65.0,"enemies":"Collector","floor":33.0,"turns":8.0},{"damage":0.0,"enemies":"3 Shapes","floor":35.0,"turns":4.0},{"damage":17.0,"enemies":"Orb Walker","floor":37.0,"turns":4.0},{"damage":33.0,"enemies":"Spire Growth","floor":38.0,"turns":6.0},{"damage":21,"enemies":"Writhing Mass","floor":39,"turns":2}],"seed_played":"-2369793041637361357","potions_obtained":[{"floor":2.0,"key":"Energy Potion"},{"floor":7.0,"key":"Swift Potion"},{"floor":12.0,"key":"Dexterity Potion"},{"floor":18.0,"key":"Strength Potion"},{"floor":24.0,"key":"FairyPotion"},{"floor":28.0,"key":"Regen Potion"},{"floor":37.0,"key":"Poison Potion"}],"is_trial":false,"path_per_floor":["M","M","$","M","?","R","E","R","T","?","?","E","$","T","R","B",null,"M","$","?","?","M","R","E","R","T","?","M","M","R","$","R","B",null,"M","?","M","M","M"],"character_chosen":"THE_SILENT","items_purchased":["Lantern","Noxious Fumes+1","Catalyst","PiercingWail","Noxious Fumes+1","Footwork+1"],"campfire_rested":3,"item_purchase_floors":[3,13,19,19,31,31],"current_hp_per_floor":[51,51,51,51,44,44,22,41,41,41,41,6,6,6,40,38,59,59,59,20,20,19,53,36,36,36,51,51,51,51,51,51,7,57,57,57,40,7,0],"gold":140,"neow_bonus":"HUNDRED_GOLD","is_prod":false,"is_daily":false,"chose_seed":false,"campfire_upgraded":4,"win_rate":0,"timestamp":1549234612,"path_taken":["M","M","$","M","?","R","E","R","T","?","?","E","$","?","R","BOSS","M","$","?","?","M","R","E","R","T","?","M","?","R","?","R","BOSS","M","?","M","?","M"],"build_version":"2019-01-23","purchased_purges":1,"victory":false,"max_hp_per_floor":[66,66,66,66,66,66,66,66,66,66,66,66,66,66,66,66,66,66,66,66,66,66,66,73,73,73,73,73,73,73,73,73,73,73,73,73,73,73,73],"card_choices":[{"not_picked":["Backflip","Slice"],"picked":"Dash","floor":1.0},{"not_picked":["Finisher","Dagger Throw","Deflect"],"picked":"SKIP","floor":2.0},{"not_picked":["Dagger Throw","Blur"],"picked":"Well Laid Plans","floor":4.0},{"not_picked":["Underhanded Strike","Night Terror","Slice"],"picked":"SKIP","floor":7.0},{"not_picked":["Choke","Concentrate"],"picked":"Dagger Spray","floor":12.0},{"not_picked":["A Thousand Cuts+1","Night Terror"],"picked":"Corpse Explosion","floor":16.0},{"not_picked":["Calculated Gamble","Riddle With Holes","Dagger Spray"],"picked":"SKIP","floor":18.0},{"not_picked":["Prepared","Cloak And Dagger"],"picked":"Dagger Spray+1","floor":20.0},{"not_picked":["Underhanded Strike","Blade Dance","Dagger Throw","Outmaneuver"],"picked":"SKIP","floor":22.0},{"not_picked":["Backstab","Flechettes","Eviscerate+1"],"picked":"Caltrops+1","floor":24.0},{"not_picked":["Cloak And Dagger","Accuracy+1","Dodge and Roll","Acrobatics+1"],"picked":"SKIP","floor":28.0},{"not_picked":["Malaise","Prepared+1","Deflect"],"picked":"Footwork+1","floor":29.0},{"not_picked":["Phantasmal Killer","Unload","Grand Finale"],"picked":"Bullet Time","floor":33.0},{"not_picked":["Dodge and Roll+1","Terror+1","Deadly Poison"],"picked":"Catalyst","floor":35.0},{"not_picked":["Cloak And Dagger","Slice","Quick Slash"],"picked":"Blur+1","floor":37.0},{"not_picked":["Setup","All Out Attack","Flechettes+1","Poisoned Stab"],"picked":"SKIP","floor":38.0}],"player_experience":596327,"relics_obtained":[{"floor":7.0,"key":"FossilizedHelix"},{"floor":9.0,"key":"Matryoshka"},{"floor":12.0,"key":"Frozen Egg 2"},{"floor":14.0,"key":"Regal Pillow"},{"floor":14.0,"key":"Bottled Flame"},{"floor":20.0,"key":"WingedGreaves"},{"floor":20.0,"key":"The Courier"},{"floor":24.0,"key":"Strawberry"},{"floor":26.0,"key":"Bag of Preparation"},{"floor":26.0,"key":"Pen Nib"}],"event_choices":[{"cards_removed":["Strike_G"],"damage_healed":0.0,"max_hp_gain":0.0,"max_hp_loss":0.0,"gold_gain":0.0,"event_name":"Golden Wing","player_choice":"Card Removal","floor":5.0,"gold_loss":0.0,"damage_taken":7.0},{"cards_removed":["Strike_G"],"damage_healed":0.0,"max_hp_gain":0.0,"max_hp_loss":0.0,"gold_gain":0.0,"event_name":"The Cleric","player_choice":"Card Removal","floor":10.0,"gold_loss":75.0,"damage_taken":0.0},{"damage_healed":0.0,"max_hp_gain":0.0,"max_hp_loss":0.0,"gold_gain":150.0,"event_name":"Liars Game","player_choice":"AGREE","floor":11.0,"gold_loss":0.0,"damage_taken":0.0,"cards_obtained":["Doubt"]},{"damage_healed":0.0,"max_hp_gain":0.0,"max_hp_loss":0.0,"gold_gain":0.0,"event_name":"Colosseum","player_choice":"Fight","floor":20.0,"gold_loss":0.0,"damage_taken":0.0},{"damage_healed":0.0,"max_hp_gain":0.0,"max_hp_loss":0.0,"gold_gain":0.0,"event_name":"Colosseum","player_choice":"Fought Nobs","floor":20.0,"gold_loss":0.0,"damage_taken":0.0},{"damage_healed":0.0,"max_hp_gain":0.0,"max_hp_loss":0.0,"gold_gain":0.0,"event_name":"Addict","player_choice":"Obtained Relic","floor":21.0,"gold_loss":85.0,"damage_taken":0.0,"relics_obtained":["Question Card"]},{"damage_healed":15.0,"max_hp_gain":0.0,"max_hp_loss":0.0,"gold_gain":0.0,"event_name":"The Library","player_choice":"Heal","floor":27.0,"gold_loss":0.0,"damage_taken":0.0},{"damage_healed":0.0,"max_hp_gain":0.0,"max_hp_loss":0.0,"gold_gain":0.0,"event_name":"Duplicator","player_choice":"Copied","floor":36.0,"gold_loss":0.0,"damage_taken":0.0,"cards_obtained":["Catalyst"]}],"is_beta":false,"boss_relics":[{"not_picked":["Tiny House","Calling Bell"],"picked":"Pandora\u0027s Box"},{"not_picked":["Runic Dome","HoveringKite"],"picked":"Empty Cage"}],"items_purged_floors":[13],"is_endless":false,"potions_floor_spawned":[2,7,12,18,20,24,28,37],"killed_by":"Writhing Mass","ascension_level":17}