{"gold_per_floor":[119,119,131,148,161,161,172,198,225,225,251,251,128,146,146,241,241,254,264,67,82,97,97,112,112],"floor_reached":25,"playtime":1743,"items_purged":["Defend_B","Strike_B"],"score":293,"play_id":"46da1a7e-b514-4a98-b79a-f4446e48697a","local_time":"20190130012435","is_ascension_mode":true,"campfire_choices":[{"data":"Zap","floor":6,"key":"SMITH"},{"data":"Defragment","floor":10,"key":"SMITH"},{"data":"Chill","floor":12,"key":"SMITH"},{"data":"Hologram","floor":15,"key":"SMITH"},{"data":"Capacitor","floor":23,"key":"SMITH"}],"neow_cost":"NONE","seed_source_timestamp":4060353697131,"circlet_count":0,"master_deck":["Strike_B","Strike_B","Defend_B","Defend_B","Defend_B","Zap+1","Dualcast+1","Defragment+1","Cold Snap","Conserve Battery","Cold Snap","Compile Driver","Hologram+1","Chill+1","Hologram+1","Go for the Eyes","Rainbow","Glacier+1","Melter","Capacitor+1","Coolheaded","Streamline","Skim+1"],"relics":["Cracked Core","NeowsBlessing","Gremlin Horn","War Paint","Bag of Marbles","Philosopher\u0027s Stone"],"potions_floor_usage":[8,21,21],"damage_taken":[{"damage":0,"enemies":"Cultist","floor":1,"turns":1},{"damage":0,"enemies":"Jaw Worm","floor":3,"turns":1},{"damage":0,"enemies":"Small Slimes","floor":4,"turns":1},{"damage":6,"enemies":"Blue Slaver","floor":5,"turns":4},{"damage":2,"enemies":"3 Louse","floor":7,"turns":4},{"damage":14,"enemies":"3 Sentries","floor":8,"turns":10},{"damage":2,"enemies":"Lagavulin","floor":11,"turns":7},{"damage":0,"enemies":"Red Slaver","floor":14,"turns":3},{"damage":12,"enemies":"The Guardian","floor":16,"turns":12},{"damage":0,"enemies":"3 Byrds","floor":18,"turns":5},{"damage":0,"enemies":"Shell Parasite","floor":19,"turns":5},{"damage":32,"enemies":"Cultist and Chosen","floor":21,"turns":8},{"damage":2,"enemies":"Centurion and Healer","floor":22,"turns":6},{"damage":17,"enemies":"Snake Plant","floor":24,"turns":7},{"damage":20,"enemies":"Gremlin Leader","floor":25,"turns":4}],"seed_played":"6222317836041351551","potions_obtained":[{"floor":1,"key":"Energy Potion"},{"floor":4,"key":"GamblersBrew"},{"floor":14,"key":"Fire Potion"},{"floor":16,"key":"Dexterity Potion"},{"floor":22,"key":"FearPotion"},{"floor":24,"key":"SpeedPotion"}],"is_trial":false,"path_per_floor":["M","?","M","M","M","R","M","E","T","R","E","R","$","M","R","B",null,"M","M","$","M","M","R","M","E"],"character_chosen":"DEFECT","items_purchased":["Hologram","Capacitor","Coolheaded"],"campfire_rested":0,"item_purchase_floors":[13,20,20],"current_hp_per_floor":[68,68,68,68,62,62,60,46,46,46,44,44,44,44,44,32,64,64,64,64,32,30,30,13,0],"gold":112,"neow_bonus":"THREE_ENEMY_KILL","is_prod":false,"is_daily":false,"chose_seed":false,"campfire_upgraded":5,"win_rate":0,"timestamp":1548829475,"path_taken":["M","?","M","M","M","R","M","E","T","R","E","R","$","M","R","BOSS","M","?","$","M","M","R","M","E"],"build_version":"2019-01-23","purchased_purges":2,"victory":false,"max_hp_per_floor":[75,75,75,75,75,75,75,75,75,75,75,75,75,75,75,75,75,75,75,75,75,75,75,75,75],"card_choices":[{"not_picked":["Storm","Skim"],"picked":"Defragment","floor":1},{"not_picked":["Streamline","Reinforced Body"],"picked":"Cold Snap","floor":3},{"not_picked":["Leap","Steam"],"picked":"Conserve Battery","floor":4},{"not_picked":["Hello World","Scrape"],"picked":"Cold Snap","floor":5},{"not_picked":["Blizzard","Cold Snap"],"picked":"Compile Driver","floor":7},{"not_picked":["Steam Power","Blizzard"],"picked":"Hologram","floor":8},{"not_picked":["Reinforced Body","Rip and Tear"],"picked":"Chill","floor":11},{"not_picked":["Compile Driver","All For One"],"picked":"Go for the Eyes","floor":14},{"not_picked":["Machine Learning","Buffer"],"picked":"Rainbow","floor":16},{"not_picked":["Beam Cell+1","Streamline"],"picked":"Glacier+1","floor":18},{"not_picked":["Barrage","Reinforced Body"],"picked":"Melter","floor":19},{"not_picked":["Redo","Storm"],"picked":"Streamline","floor":21},{"not_picked":["Gash","Lockon"],"picked":"Skim+1","floor":22},{"not_picked":["Go for the Eyes","Leap","Redo"],"picked":"SKIP","floor":24}],"player_experience":414055,"relics_obtained":[{"floor":8,"key":"Gremlin Horn"},{"floor":9,"key":"War Paint"},{"floor":11,"key":"Bag of Marbles"}],"event_choices":[{"cards_removed":["Strike_B"],"damage_healed":0,"gold_gain":0,"player_choice":"Offered Basic","damage_taken":0,"max_hp_gain":0,"max_hp_loss":0,"event_name":"Bonfire Elementals","floor":2,"gold_loss":0}],"is_beta":false,"boss_relics":[{"not_picked":["Sozu","Lizard Tail"],"picked":"Philosopher\u0027s Stone"}],"items_purged_floors":[13,20],"is_endless":false,"potions_floor_spawned":[1,4,14,16,22,24],"killed_by":"Gremlin Leader","ascension_level":7}