{"gold_per_floor":[416,429,429,95,95,135,135,149,223,242,242,254,295,327,339,351],"floor_reached":16,"playtime":1534,"items_purged":["Injury"],"score":120,"play_id":"26d91af8-5733-4cf9-90e2-a1b9c206df4a","local_time":"20181214084604","is_ascension_mode":true,"campfire_choices":[{"floor":7,"key":"REST"},{"floor":12,"key":"REST"},{"data":"Adrenaline","floor":15,"key":"SMITH"}],"neow_cost":"CURSE","seed_source_timestamp":1529840617341936,"circlet_count":0,"master_deck":["Defend_G","Defend_G","Defend_G","Defend_G","Defend_G","Strike_G","Strike_G","Strike_G","Strike_G","Survivor","Neutralize","Bouncing Flask","Adrenaline+1","Predator","Backstab+1","Deadly Poison","Backflip"],"relics":["Ring of the Snake","Old Coin","Golden Idol","Question Card","Boot","Molten Egg 2","MawBank","Odd Mushroom"],"potions_floor_usage":[13,16,16,16],"damage_taken":[{"damage":0,"enemies":"Small Slimes","floor":1,"turns":5},{"damage":1,"enemies":"2 Louse","floor":2,"turns":5},{"damage":43,"enemies":"Lagavulin","floor":6,"turns":6},{"damage":0,"enemies":"Jaw Worm","floor":8,"turns":3},{"damage":0,"enemies":"Red Slaver","floor":10,"turns":3},{"damage":8,"enemies":"The Mushroom Lair","floor":13,"turns":4},{"damage":0,"enemies":"Blue Slaver","floor":14,"turns":2},{"damage":30,"enemies":"Slime Boss","floor":16,"turns":10}],"seed_played":"3002833686034041781","potions_obtained":[{"floor":1,"key":"Strength Potion"},{"floor":8,"key":"Dexterity Potion"},{"floor":10,"key":"Swift Potion"},{"floor":14,"key":"Block Potion"}],"is_trial":false,"path_per_floor":["M","M","?","$","?","E","R","M","T","M","?","R","?","M","R","B"],"character_chosen":"THE_SILENT","items_purchased":["Question Card"],"campfire_rested":2,"item_purchase_floors":[4],"current_hp_per_floor":[70,69,52,52,45,2,23,23,23,23,11,32,24,24,24,0],"gold":351,"neow_bonus":"ONE_RARE_RELIC","is_prod":false,"is_daily":false,"chose_seed":false,"campfire_upgraded":1,"win_rate":0,"timestamp":1544805964,"path_taken":["M","M","?","$","?","E","R","M","T","M","?","R","?","?","R","BOSS"],"build_version":"2018-12-13","purchased_purges":1,"victory":false,"max_hp_per_floor":[70,70,70,70,70,70,70,70,70,70,70,70,70,70,70,70],"card_choices":[{"not_picked":["Outmaneuver","All Out Attack","Bane"],"picked":"SKIP","floor":1},{"not_picked":["Cloak And Dagger","Finisher"],"picked":"Bouncing Flask","floor":2},{"not_picked":["Expertise","Deadly Poison","Catalyst"],"picked":"Adrenaline","floor":6},{"not_picked":["Flechettes","Quick Slash","Bane"],"picked":"Predator","floor":8},{"not_picked":["Crippling Poison","Predator+1","Endless Agony+1"],"picked":"Backstab+1","floor":10},{"not_picked":["Poisoned Stab+1","Dodge and Roll","Outmaneuver"],"picked":"Deadly Poison","floor":13},{"not_picked":["Poisoned Stab+1","Dodge and Roll","Dagger Spray+1"],"picked":"Backflip","floor":14}],"player_experience":114467,"relics_obtained":[{"floor":6,"key":"Boot"},{"floor":9,"key":"Molten Egg 2"},{"floor":13,"key":"Odd Mushroom"}],"event_choices":[{"damage_healed":0,"gold_gain":0,"player_choice":"Take Damage","damage_taken":17,"relics_obtained":["Golden Idol"],"max_hp_gain":0,"max_hp_loss":0,"event_name":"Golden Idol","floor":3,"gold_loss":0},{"cards_removed":["Strike_G"],"damage_healed":0,"gold_gain":0,"player_choice":"Card Removal","damage_taken":7,"max_hp_gain":0,"max_hp_loss":0,"event_name":"Golden Wing","floor":5,"gold_loss":0},{"damage_healed":0,"gold_gain":0,"player_choice":"Success","damage_taken":12,"relics_obtained":["MawBank"],"max_hp_gain":0,"max_hp_loss":0,"event_name":"Scrap Ooze","floor":11,"gold_loss":0},{"damage_healed":0,"gold_gain":0,"player_choice":"Fought Mushrooms","damage_taken":0,"max_hp_gain":0,"max_hp_loss":0,"event_name":"Mushrooms","floor":13,"gold_loss":0}],"is_beta":false,"boss_relics":[],"items_purged_floors":[4],"is_endless":false,"potions_floor_spawned":[1,8,10,14],"killed_by":"Slime Boss","ascension_level":4}