{"gold_per_floor":[116,126,126,126,151,151,165,165,165,165,188,232,139,178,178,298,298,318,332,332,257,87,126,126,165,189,189,189,189,189,210,210,340,340,359,359,372,372,388,388,419,419,446,446],"floor_reached":44,"playtime":3609,"items_purged":[],"score":840,"play_id":"73f1d6de-790d-484a-b443-08ee38b3ddf4","local_time":"20190124021646","is_ascension_mode":true,"campfire_choices":[{"data":"Dualcast","floor":6,"key":"SMITH"},{"data":"Zap","floor":8,"key":"SMITH"},{"data":"Reinforced Body","floor":10,"key":"SMITH"},{"data":"Loop","floor":15,"key":"SMITH"},{"data":"Machine Learning","floor":24,"key":"SMITH"},{"floor":28,"key":"REST"},{"data":"1","floor":30,"key":"LIFT"},{"data":"2","floor":32,"key":"LIFT"},{"data":"3","floor":40,"key":"LIFT"},{"data":"Creative AI","floor":42,"key":"SMITH"}],"neow_cost":"NONE","seed_source_timestamp":1151643589965857,"circlet_count":0,"master_deck":["Defend_B","Zap+1","Dualcast+1","Conserve Battery","Injury","Reinforced Body+1","FTL","Coolheaded","Loop+1","Bandage Up","Echo Form","Streamline+1","Self Repair","Machine Learning+1","Bandage Up","Chaos+1","Rebound","RitualDagger","Bite","Bite","Bite","Bite","Bite","Tempest+1","Creative AI+1","All For One+1","Darkness+1","All For One+1","Sunder+1","Defragment+1"],"relics":["Velvet Choker","Golden Idol","Ornamental Fan","Symbiotic Virus","Matryoshka","Question Card","Sozu","Girya","DataDisk","Kunai","Happy Flower","Astrolabe","Strawberry","Gremlin Horn","Dream Catcher"],"potions_floor_usage":[16,16,25],"damage_taken":[{"damage":0,"enemies":"Small Slimes","floor":1,"turns":3},{"damage":6,"enemies":"2 Louse","floor":2,"turns":3},{"damage":0,"enemies":"Jaw Worm","floor":5,"turns":3},{"damage":1,"enemies":"Blue Slaver","floor":7,"turns":6},{"damage":9,"enemies":"Exordium Thugs","floor":11,"turns":5},{"damage":0,"enemies":"Lagavulin","floor":12,"turns":6},{"damage":9,"enemies":"3 Sentries","floor":14,"turns":9},{"damage":0,"enemies":"The Guardian","floor":16,"turns":6},{"damage":19,"enemies":"2 Thieves","floor":18,"turns":5},{"damage":10,"enemies":"Chosen","floor":19,"turns":4},{"damage":43,"enemies":"Book of Stabbing","floor":23,"turns":7},{"damage":49,"enemies":"Slavers","floor":25,"turns":7},{"damage":17,"enemies":"Snake Plant","floor":31,"turns":4},{"damage":42,"enemies":"Automaton","floor":33,"turns":9},{"damage":14,"enemies":"Orb Walker","floor":35,"turns":3},{"damage":9,"enemies":"3 Shapes","floor":37,"turns":4},{"damage":27,"enemies":"3 Darklings","floor":39,"turns":3},{"damage":39,"enemies":"Giant Head","floor":41,"turns":7},{"damage":41,"enemies":"Writhing Mass","floor":44,"turns":4}],"seed_played":"4259856463995250880","potions_obtained":[{"floor":2,"key":"Poison Potion"},{"floor":14,"key":"Block Potion"},{"floor":16,"key":"Dexterity Potion"}],"is_trial":false,"path_per_floor":["M","M","?","?","M","R","M","R","T","R","M","E","$","E","R","B",null,"M","M","?","?","$","E","R","E","T","?","R","?","R","M","R","B",null,"M","?","M","?","M","R","E","R","T","M"],"character_chosen":"DEFECT","items_purchased":["Bandage Up","Machine Learning","Bandage Up"],"campfire_rested":1,"item_purchase_floors":[13,22,22],"current_hp_per_floor":[68,62,62,50,50,50,49,49,49,49,40,40,40,35,35,39,66,51,49,74,74,74,45,45,11,11,5,27,27,27,40,40,29,46,49,49,43,43,30,30,30,30,30,0],"gold":446,"neow_bonus":"BOSS_RELIC","is_prod":false,"is_daily":false,"chose_seed":false,"campfire_upgraded":6,"win_rate":0,"timestamp":1548325006,"path_taken":["M","M","?","?","M","R","M","R","T","R","M","E","$","E","R","BOSS","M","M","?","?","$","E","R","E","T","?","R","?","R","M","R","BOSS","M","?","M","?","?","R","E","R","T","M"],"build_version":"2019-01-23","purchased_purges":0,"victory":false,"max_hp_per_floor":[75,75,75,75,75,75,75,75,75,75,75,75,75,75,75,75,75,75,75,75,75,75,75,75,75,75,75,75,52,52,52,52,52,52,52,52,52,52,52,52,59,59,59,59],"card_choices":[{"not_picked":["Sweeping Beam","Streamline"],"picked":"Conserve Battery","floor":1},{"not_picked":["Conserve Battery","Doom and Gloom"],"picked":"Cold Snap","floor":2},{"not_picked":["Barrage","Go for the Eyes"],"picked":"Reinforced Body","floor":5},{"not_picked":["Cold Snap","Rebound"],"picked":"FTL","floor":7},{"not_picked":["Streamline","Sweeping Beam"],"picked":"Coolheaded","floor":11},{"not_picked":["Beam Cell","Biased Cognition"],"picked":"Loop","floor":12},{"not_picked":["Reprogram","Redo","Streamline"],"picked":"SKIP","floor":14},{"not_picked":["Reboot","Electrodynamics","Core Surge"],"picked":"Echo Form","floor":16},{"not_picked":["Beam Cell","Cold Snap+1","Recycle"],"picked":"Streamline+1","floor":18},{"not_picked":["Leap","Redo+1","Conserve Battery"],"picked":"Self Repair","floor":19},{"not_picked":["Leap","Melter","Sweeping Beam"],"picked":"Chaos+1","floor":23},{"not_picked":["Auto Shields","Beam Cell+1","Ball Lightning"],"picked":"Rebound","floor":25},{"not_picked":["Consume","Meteor Strike","Hologram+1"],"picked":"Tempest+1","floor":31},{"not_picked":["Multi-Cast","Core Surge","All For One"],"picked":"Creative AI","floor":33},{"not_picked":["Hologram","Conserve Battery","Redo+1"],"picked":"Sunder+1","floor":35},{"not_picked":["Scrape","Coolheaded","Turbo+1","Reprogram"],"picked":"SKIP","floor":37},{"not_picked":["Cold Snap","Steam+1","Glacier"],"picked":"Defragment+1","floor":39},{"not_picked":["Rebound","Hello World+1","Redo","Cold Snap"],"picked":"SKIP","floor":41}],"player_experience":479093,"relics_obtained":[{"floor":9,"key":"Symbiotic Virus"},{"floor":12,"key":"Matryoshka"},{"floor":14,"key":"Question Card"},{"floor":23,"key":"Girya"},{"floor":25,"key":"DataDisk"},{"floor":26,"key":"Kunai"},{"floor":26,"key":"Happy Flower"},{"floor":41,"key":"Strawberry"},{"floor":43,"key":"Gremlin Horn"},{"floor":43,"key":"Dream Catcher"}],"event_choices":[{"damage_healed":0,"gold_gain":0,"player_choice":"Take Wound","damage_taken":0,"relics_obtained":["Golden Idol"],"max_hp_gain":0,"max_hp_loss":0,"event_name":"Golden Idol","floor":3,"gold_loss":0,"cards_obtained":["Injury"]},{"damage_healed":0,"gold_gain":0,"player_choice":"Success","damage_taken":12,"relics_obtained":["Ornamental Fan"],"max_hp_gain":0,"max_hp_loss":0,"event_name":"Scrap Ooze","floor":4,"gold_loss":0},{"damage_healed":25,"gold_gain":0,"player_choice":"Heal","damage_taken":0,"max_hp_gain":0,"max_hp_loss":0,"event_name":"The Library","floor":20,"gold_loss":0},{"cards_removed":["Strike_B"],"damage_healed":0,"gold_gain":0,"player_choice":"Gave Gold","damage_taken":0,"max_hp_gain":0,"max_hp_loss":0,"event_name":"Beggar","floor":21,"gold_loss":75},{"damage_healed":0,"gold_gain":0,"player_choice":"Joined the Cult","damage_taken":6,"max_hp_gain":0,"max_hp_loss":0,"event_name":"Nest","floor":27,"gold_loss":0,"cards_obtained":["RitualDagger"]},{"damage_healed":0,"gold_gain":0,"player_choice":"Became a vampire","damage_taken":0,"max_hp_gain":0,"max_hp_loss":23,"event_name":"Vampires","floor":29,"gold_loss":0,"cards_obtained":["Bite","Bite","Bite","Bite","Bite"]},{"cards_removed":["Cold Snap"],"damage_healed":0,"gold_gain":0,"player_choice":"Removed Attack","damage_taken":0,"max_hp_gain":0,"max_hp_loss":0,"event_name":"Falling","floor":36,"gold_loss":0},{"damage_healed":0,"gold_gain":0,"player_choice":"Ignored","damage_taken":0,"max_hp_gain":0,"max_hp_loss":0,"event_name":"SecretPortal","floor":38,"gold_loss":0}],"is_beta":false,"boss_relics":[{"not_picked":["Snecko Eye","Nuclear Battery"],"picked":"Sozu"},{"not_picked":["Philosopher\u0027s Stone","Lizard Tail"],"picked":"Astrolabe"}],"items_purged_floors":[],"is_endless":false,"potions_floor_spawned":[2,14,16,19,23,25,35],"killed_by":"Writhing Mass","ascension_level":8}