{"gold_per_floor":[109,129,147,147,163,163,177,202,202,217,543,562,562],"floor_reached":13,"playtime":394,"items_purged":[],"score":119,"play_id":"27571ca9-08b4-483e-9ba7-c5fd3a0a1397","local_time":"20181013193301","is_ascension_mode":true,"campfire_choices":[{"data":"Thunderclap","floor":6,"key":"SMITH"}],"neow_cost":"TEN_PERCENT_HP_LOSS","seed_source_timestamp":91119445597123,"circlet_count":0,"master_deck":["Strike_R","Strike_R","Strike_R","Strike_R","Defend_R","Defend_R","Defend_R","Defend_R","Bash","Thunderclap+1","Warcry","Warcry","Body Slam","Disarm","Body Slam"],"relics":["Burning Blood","Unceasing Top","Happy Flower","Dead Branch","Old Coin"],"potions_floor_usage":[8,8],"damage_taken":[{"damage":0,"enemies":"2 Louse","floor":1,"turns":3},{"damage":4,"enemies":"Small Slimes","floor":2,"turns":3},{"damage":6,"enemies":"Jaw Worm","floor":3,"turns":5},{"damage":9,"enemies":"3 Louse","floor":5,"turns":6},{"damage":11,"enemies":"Red Slaver","floor":7,"turns":6},{"damage":44,"enemies":"Gremlin Nob","floor":8,"turns":5},{"damage":0,"enemies":"Lots of Slimes","floor":10,"turns":1},{"damage":25,"enemies":"Lagavulin","floor":11,"turns":5},{"damage":8,"enemies":"2 Fungi Beasts","floor":12,"turns":3},{"damage":11,"enemies":"Large Slime","floor":13,"turns":5}],"seed_played":"-6056294641088778140","potions_obtained":[{"floor":3,"key":"PowerPotion"},{"floor":5,"key":"BloodPotion"},{"floor":8,"key":"Weak Potion"}],"is_trial":false,"path_per_floor":["M","M","M","?","M","R","M","E","T","M","E","M"],"character_chosen":"IRONCLAD","items_purchased":[],"campfire_rested":0,"item_purchase_floors":[],"current_hp_per_floor":[72,72,72,65,62,62,57,26,26,32,13,11,0],"gold":562,"neow_bonus":"ONE_RARE_RELIC","is_prod":false,"is_daily":false,"chose_seed":false,"campfire_upgraded":1,"win_rate":0,"timestamp":1539455581,"path_taken":["M","M","M","?","M","R","M","E","T","M","E","M","M"],"build_version":"2018-10-11","purchased_purges":0,"victory":false,"max_hp_per_floor":[72,72,72,72,72,72,72,72,72,72,72,72,72],"card_choices":[{"not_picked":["Armaments","Twin Strike","Warcry"],"picked":"SKIP","floor":1},{"not_picked":["Iron Wave","True Grit"],"picked":"Thunderclap","floor":2},{"not_picked":["Iron Wave","Blood for Blood"],"picked":"Warcry","floor":3},{"not_picked":["Burning Pact","Entrench","Perfected Strike"],"picked":"SKIP","floor":5},{"not_picked":["Shrug It Off","Infernal Blade"],"picked":"Warcry","floor":7},{"not_picked":["Pommel Strike","Reckless Charge","Battle Trance"],"picked":"SKIP","floor":8},{"not_picked":["Carnage","Warcry"],"picked":"Body Slam","floor":10},{"not_picked":["Demon Form","Dual Wield"],"picked":"Disarm","floor":11},{"not_picked":["Spot Weakness","Uppercut"],"picked":"Body Slam","floor":12}],"player_experience":69408,"relics_obtained":[{"floor":8,"key":"Happy Flower"},{"floor":9,"key":"Dead Branch"},{"floor":11,"key":"Old Coin"}],"event_choices":[{"event_name":"Golden Wing","player_choice":"Card Removal","floor":4,"damage_taken":0}],"is_beta":false,"boss_relics":[],"items_purged_floors":[],"is_endless":false,"potions_floor_spawned":[3,5,8],"killed_by":"Large Slime","ascension_level":4}