{"gold_per_floor":[216,216,74,89,108,138,155,155,155,155,155,155,172,134,134,207,207,223,223,243,0,0,0,35,35],"floor_reached":25,"playtime":1640,"items_purged":[],"score":405,"play_id":"29e7d2c2-1180-48cf-ac58-cce797a22bed","local_time":"20190131140443","is_ascension_mode":true,"campfire_choices":[{"floor":8,"key":"REST"},{"data":"Noxious Fumes","floor":12,"key":"SMITH"},{"data":"Crippling Poison","floor":15,"key":"SMITH"},{"floor":23,"key":"REST"}],"neow_cost":"NONE","seed_source_timestamp":764553871550521,"circlet_count":0,"master_deck":["AscendersBane","Defend_G","Defend_G","Defend_G","Defend_G+1","Defend_G+1","Strike_G","Strike_G","Strike_G","Strike_G","Strike_G","Survivor","Neutralize+1","Terror","Noxious Fumes+1","Deadly Poison","All Out Attack","Crippling Poison+1","Well Laid Plans","PiercingWail","Blur","Night Terror","Backflip","Footwork","Caltrops","Decay","Cloak And Dagger"],"relics":["Ring of the Snake","Juzu Bracelet","Strawberry","Snecko Eye","Letter Opener"],"potions_floor_usage":[13,16,24],"damage_taken":[{"damage":1,"enemies":"2 Louse","floor":1,"turns":3},{"damage":13,"enemies":"Small Slimes","floor":4,"turns":4},{"damage":2,"enemies":"Jaw Worm","floor":5,"turns":4},{"damage":24,"enemies":"3 Sentries","floor":6,"turns":5},{"damage":10,"enemies":"3 Louse","floor":7,"turns":5},{"damage":1,"enemies":"Blue Slaver","floor":13,"turns":3},{"damage":16,"enemies":"The Guardian","floor":16,"turns":10},{"damage":16,"enemies":"Shell Parasite","floor":18,"turns":3},{"damage":32,"enemies":"Chosen","floor":20,"turns":7},{"damage":23,"enemies":"Book of Stabbing","floor":24,"turns":5},{"damage":16,"enemies":"Centurion and Healer","floor":25,"turns":4}],"seed_played":"3756283048449284882","potions_obtained":[{"floor":1,"key":"LiquidBronze"},{"floor":6,"key":"SpeedPotion"},{"floor":7,"key":"GhostInAJar"},{"floor":20,"key":"Poison Potion"}],"is_trial":false,"path_per_floor":["M","?","$","M","M","E","M","R","T","?","?","R","M","?","R","B",null,"M","?","M","?","?","R","E","M"],"character_chosen":"THE_SILENT","items_purchased":["Noxious Fumes","Deadly Poison"],"campfire_rested":2,"item_purchase_floors":[3,3],"current_hp_per_floor":[58,58,58,45,43,19,9,28,35,59,37,37,36,36,36,20,60,44,44,12,12,12,33,10,0],"gold":35,"neow_bonus":"HUNDRED_GOLD","is_prod":false,"is_daily":false,"chose_seed":false,"campfire_upgraded":2,"win_rate":0,"timestamp":1548965083,"path_taken":["M","?","$","M","M","E","M","R","T","?","?","R","M","?","R","BOSS","M","?","M","?","?","R","E","M"],"build_version":"2019-01-23","purchased_purges":0,"victory":false,"max_hp_per_floor":[66,66,66,66,66,66,66,66,73,73,73,73,73,73,73,73,73,73,73,73,73,73,73,73,73],"card_choices":[{"not_picked":["Outmaneuver","Blade Dance"],"picked":"Terror","floor":1},{"not_picked":["Choke","Predator"],"picked":"All Out Attack","floor":4},{"not_picked":["Heel Hook","Deflect"],"picked":"Crippling Poison","floor":5},{"not_picked":["Escape Plan","Prepared"],"picked":"Well Laid Plans","floor":6},{"not_picked":["Phantasmal Killer","Predator"],"picked":"PiercingWail","floor":7},{"not_picked":["All Out Attack","Terror"],"picked":"Blur","floor":13},{"not_picked":["Phantasmal Killer","Burst"],"picked":"Night Terror","floor":16},{"not_picked":["Sucker Punch","Flying Knee"],"picked":"Backflip","floor":18},{"not_picked":["Finisher+1","Cloak And Dagger"],"picked":"Caltrops","floor":20},{"not_picked":["Finisher","Accuracy"],"picked":"Cloak And Dagger","floor":24}],"player_experience":641793,"relics_obtained":[{"floor":6,"key":"Juzu Bracelet"},{"floor":9,"key":"Strawberry"},{"floor":24,"key":"Letter Opener"}],"event_choices":[{"damage_healed":0,"gold_gain":0,"player_choice":"Grow","damage_taken":0,"max_hp_gain":0,"max_hp_loss":0,"event_name":"Living Wall","floor":2,"gold_loss":0,"cards_upgraded":["Neutralize"]},{"damage_healed":24,"gold_gain":0,"player_choice":"Banana","damage_taken":0,"max_hp_gain":0,"max_hp_loss":0,"event_name":"Big Fish","floor":10,"gold_loss":0},{"damage_healed":0,"gold_gain":0,"player_choice":"Entered Light","damage_taken":22,"max_hp_gain":0,"max_hp_loss":0,"event_name":"Shining Light","floor":11,"gold_loss":0,"cards_upgraded":["Defend_G","Defend_G"]},{"damage_healed":0,"gold_gain":0,"player_choice":"Left Gold","damage_taken":0,"max_hp_gain":0,"max_hp_loss":0,"event_name":"World of Goop","floor":14,"gold_loss":38},{"damage_healed":0,"gold_gain":0,"player_choice":"Read","damage_taken":0,"max_hp_gain":0,"max_hp_loss":0,"event_name":"The Library","floor":19,"gold_loss":0,"cards_obtained":["Footwork"]},{"damage_healed":0,"gold_gain":0,"player_choice":"Paid Fearfully","damage_taken":0,"max_hp_gain":0,"max_hp_loss":0,"event_name":"Masked Bandits","floor":21,"gold_loss":243},{"damage_healed":0,"gold_gain":0,"player_choice":"Smashed Altar","damage_taken":0,"max_hp_gain":0,"max_hp_loss":0,"event_name":"Forgotten Altar","floor":22,"gold_loss":0,"cards_obtained":["Decay"]}],"is_beta":false,"boss_relics":[{"not_picked":["Fusion Hammer","White Beast Statue"],"picked":"Snecko Eye"}],"items_purged_floors":[],"is_endless":false,"potions_floor_spawned":[1,6,7,20],"killed_by":"Centurion and Healer","ascension_level":17}