{"gold_per_floor":[113,113,12,12,12,22,22,22,48,9,24,24,24,35,35,112,112,125,50,50,69,89,89],"floor_reached":23,"playtime":483,"items_purged":["Barrage+1"],"score":304,"play_id":"b8ebbfac-301e-4657-8b1a-0a2d1a74877d","local_time":"20181103135259","is_ascension_mode":true,"campfire_choices":[{"data":"Go for the Eyes","floor":7,"key":"SMITH"},{"floor":15,"key":"REST"}],"neow_cost":"TEN_PERCENT_HP_LOSS","seed_source_timestamp":4413045193093,"circlet_count":0,"master_deck":["AscendersBane","Defend_B","Defend_B","Zap+1","Dualcast","Echo Form+1","Go for the Eyes+1","Gash","Hologram","Ball Lightning","Chill","Reboot","Ball Lightning+1","Auto Shields+1","Gash","Cold Snap"],"relics":["Cracked Core","Art of War","Juzu Bracelet","Astrolabe"],"potions_floor_usage":[],"damage_taken":[{"damage":9,"enemies":"Jaw Worm","floor":1,"turns":5},{"damage":4,"enemies":"Small Slimes","floor":6,"turns":3},{"damage":7,"enemies":"2 Louse","floor":11,"turns":2},{"damage":0,"enemies":"Exordium Wildlife","floor":14,"turns":4},{"damage":25,"enemies":"The Guardian","floor":16,"turns":10},{"damage":8,"enemies":"Shell Parasite","floor":18,"turns":4},{"damage":6,"enemies":"3 Byrds","floor":21,"turns":4},{"damage":13,"enemies":"Snake Plant","floor":22,"turns":3},{"damage":29,"enemies":"Slavers","floor":23,"turns":1}],"seed_played":"-5687892581582679120","potions_obtained":[{"floor":1,"key":"SteroidPotion"},{"floor":11,"key":"PowerPotion"},{"floor":21,"key":"Explosive Potion"}],"is_trial":false,"path_per_floor":["M","?","$","?","?","M","R","$","T","?","M","?","?","M","R","B",null,"M","$","?","M","M","E"],"character_chosen":"DEFECT","items_purchased":["Gash","Hologram"],"campfire_rested":1,"item_purchase_floors":[3,3],"current_hp_per_floor":[55,55,55,48,48,44,44,44,44,44,37,24,24,24,43,18,53,45,45,45,39,26,0],"gold":89,"neow_bonus":"TRANSFORM_TWO_CARDS","is_prod":false,"is_daily":false,"chose_seed":false,"campfire_upgraded":1,"win_rate":0,"timestamp":1541253179,"path_taken":["M","?","$","?","?","M","R","?","T","?","?","?","?","M","R","BOSS","M","$","?","M","M","E"],"build_version":"2018-11-01","purchased_purges":1,"victory":false,"max_hp_per_floor":[64,64,64,64,64,64,64,64,64,64,64,64,64,64,64,64,64,64,64,64,64,64,64],"card_choices":[{"not_picked":["Static Discharge","Steam"],"picked":"Go for the Eyes","floor":1},{"not_picked":["Doom and Gloom","Redo"],"picked":"Ball Lightning","floor":6},{"not_picked":["Double Energy","Cold Snap"],"picked":"Chill","floor":11},{"not_picked":["White Noise","Beam Cell","Stack"],"picked":"SKIP","floor":14},{"not_picked":["Seek","Thunder Strike"],"picked":"Reboot","floor":16},{"not_picked":["Turbo","Hello World"],"picked":"Gash","floor":18},{"not_picked":["Leap","Ball Lightning","Rebound"],"picked":"SKIP","floor":21},{"not_picked":["Turbo","White Noise"],"picked":"Cold Snap","floor":22}],"player_experience":105315,"relics_obtained":[{"floor":9,"key":"Art of War"}],"event_choices":[{"cards_removed":["Strike_B"],"damage_healed":0,"gold_gain":0,"player_choice":"Forget","damage_taken":0,"max_hp_gain":0,"max_hp_loss":0,"event_name":"Living Wall","floor":2,"gold_loss":0},{"cards_removed":["Strike_B"],"damage_healed":0,"gold_gain":0,"player_choice":"Card Removal","damage_taken":7,"max_hp_gain":0,"max_hp_loss":0,"event_name":"Golden Wing","floor":4,"gold_loss":0},{"damage_healed":0,"gold_gain":0,"player_choice":"Leave","damage_taken":0,"max_hp_gain":0,"max_hp_loss":0,"event_name":"The Cleric","floor":5,"gold_loss":0},{"damage_healed":0,"gold_gain":0,"player_choice":"Left Gold","damage_taken":0,"max_hp_gain":0,"max_hp_loss":0,"event_name":"World of Goop","floor":10,"gold_loss":39},{"damage_healed":0,"gold_gain":0,"player_choice":"Entered Light","damage_taken":13,"max_hp_gain":0,"max_hp_loss":0,"event_name":"Shining Light","floor":12,"gold_loss":0,"cards_upgraded":["Echo Form","Zap"]},{"damage_healed":0,"gold_gain":0,"player_choice":"Gave Potion","damage_taken":0,"relics_obtained":["Juzu Bracelet"],"max_hp_gain":0,"max_hp_loss":0,"event_name":"WeMeetAgain","floor":13,"gold_loss":0}],"is_beta":false,"boss_relics":[{"not_picked":["Pandora\u0027s Box","Ectoplasm"],"picked":"Astrolabe"}],"items_purged_floors":[19],"is_endless":false,"potions_floor_spawned":[1,11,21],"killed_by":"Slavers","ascension_level":14}