{"gold_per_floor":[118,68,86,105,180,208,208,208,208,226,226,246,37,50,50,148,148,164,181,196,206,206,206,235,235,259,184,184,202,202,215,215,311,311,327,378,378,396,7,7,34,48,100,100,80,80,93,109,109,109],"floor_reached":50,"playtime":5108,"items_purged":["Defend_R+1"],"score":544,"play_id":"d31dc84b-4fc4-4e86-99a2-a3903307f1b3","local_time":"20180725012833","is_ascension_mode":false,"campfire_choices":[{"floor":7,"key":"REST"},{"data":"Perfected Strike","floor":11,"key":"SMITH"},{"floor":15,"key":"REST"},{"floor":23,"key":"REST"},{"floor":25,"key":"REST"},{"floor":30,"key":"REST"},{"floor":32,"key":"REST"},{"floor":40,"key":"REST"},{"floor":46,"key":"REST"},{"floor":49,"key":"REST"}],"neow_cost":"","seed_source_timestamp":594474979201296,"circlet_count":0,"master_deck":["Strike_R","Strike_R","Strike_R","Strike_R","Strike_R","Defend_R+1","Bash","Twin Strike","Seeing Red","Perfected Strike+1","Anger","Apotheosis","Perfected Strike","Feed","Bash","Shockwave","Clash+1","Bludgeon","Whirlwind","Panache","Demon Form","Perfected Strike","Bandage Up","Demon Form"],"relics":["Burning Blood","Pantograph","Dodecahedron","Velvet Choker","War Paint","Bronze Scales","Fusion Hammer","Unceasing Top","ClockworkSouvenir","Red Skull","Juzu Bracelet"],"potions_floor_usage":[6,16,16,33,41,42,50,50,50],"damage_taken":[{"damage":5,"enemies":"2 Louse","floor":1,"turns":3},{"damage":0,"enemies":"Small Slimes","floor":3,"turns":3},{"damage":0,"enemies":"Jaw Worm","floor":4,"turns":3},{"damage":43,"enemies":"3 Sentries","floor":6,"turns":11},{"damage":13,"enemies":"2 Fungi Beasts","floor":10,"turns":3},{"damage":8,"enemies":"Red Slaver","floor":12,"turns":2},{"damage":0,"enemies":"Large Slime","floor":14,"turns":4},{"damage":51,"enemies":"The Guardian","floor":16,"turns":7},{"damage":10,"enemies":"2 Thieves","floor":18,"turns":4},{"damage":3,"enemies":"Spheric Guardian","floor":19,"turns":3},{"damage":42,"enemies":"Chosen and Byrds","floor":20,"turns":5},{"damage":21,"enemies":"Snake Plant","floor":21,"turns":3},{"damage":35,"enemies":"Book of Stabbing","floor":24,"turns":4},{"damage":13,"enemies":"Cultist and Chosen","floor":29,"turns":4},{"damage":27,"enemies":"Slaver and Parasite","floor":31,"turns":3},{"damage":60,"enemies":"Champ","floor":33,"turns":8},{"damage":10,"enemies":"Orb Walker","floor":35,"turns":2},{"damage":37,"floor":36,"turns":4},{"damage":23,"enemies":"3 Darklings","floor":38,"turns":3},{"damage":49,"enemies":"Giant Head","floor":41,"turns":7},{"damage":31,"enemies":"Maw","floor":42,"turns":5},{"damage":35,"enemies":"4 Shapes","floor":47,"turns":3},{"damage":0,"enemies":"Spire Growth","floor":48,"turns":2},{"damage":141,"enemies":"Awakened One","floor":50,"turns":7}],"seed_played":"4577696898509013054","potions_obtained":[{"floor":1,"key":"EssenceOfSteel"},{"floor":4,"key":"GamblersBrew"},{"floor":6,"key":"Block Potion"},{"floor":10,"key":"Ancient Potion"},{"floor":14,"key":"FearPotion"},{"floor":16,"key":"Energy Potion"},{"floor":21,"key":"LiquidBronze"},{"floor":31,"key":"BloodPotion"},{"floor":33,"key":"Fire Potion"},{"floor":35,"key":"FearPotion"},{"floor":41,"key":"Fruit Juice"},{"floor":45,"key":"Explosive Potion"},{"floor":47,"key":"Regen Potion"},{"floor":48,"key":"AttackPotion"}],"is_trial":false,"path_per_floor":["M","?","M","M","?","E","R","?","T","M","R","M","$","M","R","B",null,"M","M","M","M","?","R","E","R","T","$","?","M","R","M","R","B",null,"M","?","?","M","$","R","E","M","T","?","?","R","M","M","R"],"character_chosen":"IRONCLAD","items_purchased":["Apotheosis","ClockworkSouvenir","Panache"],"campfire_rested":9,"item_purchase_floors":[13,39,39],"current_hp_per_floor":[80,80,80,80,69,32,56,56,56,49,49,47,47,53,77,35,80,80,83,51,36,36,62,37,64,64,64,64,57,84,67,95,42,96,96,69,69,52,52,83,50,34,34,34,34,67,42,52,85,0],"gold":109,"neow_bonus":"","is_prod":false,"is_daily":false,"chose_seed":false,"campfire_upgraded":1,"win_rate":0.0,"timestamp":1532500113,"path_taken":["M","?","M","M","?","E","R","?","T","M","R","M","$","M","R","BOSS","M","M","M","M","?","R","E","R","T","$","?","M","R","?","R","BOSS","M","?","?","M","$","R","E","M","T","?","?","R","M","M","R","BOSS"],"build_version":"2018-07-19v2","purchased_purges":1,"victory":false,"max_hp_per_floor":[80,80,80,80,80,80,80,80,80,80,80,80,80,80,80,80,80,84,84,88,88,88,88,92,92,92,92,92,92,92,96,96,96,96,100,104,104,104,104,104,104,113,113,113,113,113,113,113,113,113],"card_choices":[{"not_picked":["Clothesline","Pommel Strike"],"picked":"Second Wind","floor":1},{"not_picked":["Blood for Blood","Entrench"],"picked":"Twin Strike","floor":3},{"not_picked":["True Grit","Power Through"],"picked":"Seeing Red","floor":4},{"not_picked":["Clothesline","Demon Form"],"picked":"Perfected Strike","floor":6},{"not_picked":["Disarm","Sever Soul","Cleave"],"picked":"SKIP","floor":10},{"not_picked":["Rupture","Cleave"],"picked":"Anger","floor":12},{"not_picked":["Pummel","Flex"],"picked":"Perfected Strike","floor":14},{"not_picked":["Reaper","Juggernaut"],"picked":"Feed","floor":16},{"not_picked":["Dropkick","Blood for Blood","Headbutt"],"picked":"SKIP","floor":18},{"not_picked":["Disarm+1","Anger+1","Thunderclap+1"],"picked":"SKIP","floor":19},{"not_picked":["True Grit","Intimidate"],"picked":"Perfected Strike","floor":20},{"not_picked":["Shrug It Off","Armaments","Second Wind"],"picked":"SKIP","floor":21},{"not_picked":["Flex","True Grit","Anger"],"picked":"SKIP","floor":24},{"not_picked":["Battle Trance","Iron Wave"],"picked":"Clash+1","floor":29},{"not_picked":["Warcry","Flex+1","True Grit"],"picked":"SKIP","floor":31},{"not_picked":["Reaper","Offering"],"picked":"Bludgeon","floor":33},{"not_picked":["Fire Breathing","Sword Boomerang","Warcry"],"picked":"SKIP","floor":35},{"not_picked":["Pommel Strike","True Grit"],"picked":"Whirlwind","floor":38},{"not_picked":["Sword Boomerang","Burning Pact+1"],"picked":"Demon Form","floor":41},{"not_picked":["Sword Boomerang+1","Searing Blow+1"],"picked":"Perfected Strike","floor":42},{"not_picked":["Flash of Steel","Secret Weapon"],"picked":"Bandage Up","floor":44},{"not_picked":["Armaments+1","Body Slam","Cleave"],"picked":"SKIP","floor":47},{"not_picked":["Disarm","Metallicize+1"],"picked":"Demon Form","floor":48}],"player_experience":3947,"relics_obtained":[{"floor":6,"key":"Pantograph"},{"floor":9,"key":"Dodecahedron"},{"floor":24,"key":"War Paint"},{"floor":26,"key":"Bronze Scales"},{"floor":36,"key":"Unceasing Top"},{"floor":41,"key":"Red Skull"},{"floor":43,"key":"Juzu Bracelet"}],"event_choices":[{"event_name":"The Cleric","player_choice":"Card Removal","floor":2,"damage_taken":0},{"event_name":"World of Goop","player_choice":"Gather Gold","floor":5,"damage_taken":0},{"event_name":"Purifier","player_choice":"One Purge","floor":8,"damage_taken":0},{"event_name":"Back to Basics","player_choice":"Elegance","floor":22,"damage_taken":0},{"event_name":"Match and Keep!","player_choice":"2 cards matched","floor":28,"damage_taken":0},{"event_name":"Mysterious Sphere","player_choice":"Fight","floor":36,"damage_taken":0},{"event_name":"Falling","player_choice":"Removed Attack","floor":37,"damage_taken":0},{"event_name":"SensoryStone","player_choice":"Memory 1","floor":44,"damage_taken":0},{"event_name":"The Woman in Blue","player_choice":"Bought 1 Potion","floor":45,"damage_taken":0}],"is_beta":false,"boss_relics":[{"not_picked":["Ectoplasm","Snecko Eye"],"picked":"Velvet Choker"},{"not_picked":["Calling Bell","Eternal Feather"],"picked":"Fusion Hammer"}],"items_purged_floors":[27],"is_endless":false,"potions_floor_spawned":[1,4,6,10,14,16,21,31,33,35,41,47,48],"killed_by":"Awakened One","ascension_level":0}