{"path_per_floor":["M","?","$","?","M","E","M","R","T","M","$","M","?","M","R","B",null,"M","$","M","?","M","R","$","M","T","M","R","M","M","M","R"],"character_chosen":"THE_SILENT","items_purchased":["Noxious Fumes","Terror","Footwork+1","Lantern"],"gold_per_floor":[111,111,77,77,95,130,151,151,221,240,161,177,142,162,162,282,282,297,31,56,56,75,75,75,93,139,158,158,177,202,226,226,226],"floor_reached":33,"campfire_rested":2,"playtime":1090,"item_purchase_floors":[3,11,19,19],"current_hp_per_floor":[70,53,53,53,53,53,53,53,53,39,39,35,52,52,52,33,70,57,57,49,49,52,52,52,16,16,2,38,10,10,6,42,0],"items_purged":["Pain"],"gold":226,"score":278,"play_id":"f7523e4a-d1cf-41d3-a23f-6386aef47b9a","local_time":"20180608013242","is_prod":false,"is_daily":false,"chose_seed":false,"is_ascension_mode":false,"campfire_upgraded":3,"win_rate":0.0,"timestamp":1528439562,"campfire_choices":[{"data":"Die Die Die","floor":8,"key":"SMITH"},{"data":"Noxious Fumes","floor":15,"key":"SMITH"},{"data":"Glass Knife","floor":23,"key":"SMITH"},{"floor":28,"key":"REST"},{"floor":32,"key":"REST"}],"path_taken":["M","?","$","?","?","E","M","R","T","M","?","M","?","M","R","BOSS","M","$","?","?","M","R","$","M","T","M","R","M","?","M","R","BOSS"],"build_version":"2018-06-07v2","seed_source_timestamp":770941009887194,"purchased_purges":1,"victory":false,"master_deck":["Defend_G","Defend_G","Defend_G","Defend_G+1","Defend_G","Strike_G","Strike_G","Strike_G","Strike_G","Survivor+1","Neutralize","Flying Knee","Noxious Fumes+1","Die Die Die+1","Outmaneuver","Dagger Spray","Footwork+1","Terror","Well Laid Plans+1","Dagger Spray","Glass Knife+1","Decay","Doubt","Backstab","Footwork+1","Caltrops+1","Deflect+1","Flying Knee","Leg Sweep","Die Die Die","Outmaneuver+1"],"max_hp_per_floor":[70,70,70,70,70,70,70,70,70,70,70,70,70,70,70,70,70,70,70,70,70,70,70,70,70,70,70,70,70,70,70,70,70],"relics":["Ring of the Snake","NeowsBlessing","Golden Idol","Anchor","Frozen Egg 2","Calling Bell","Regal Pillow","Tough Bandages","Sundial","Lantern","War Paint"],"card_choices":[{"not_picked":["Dodge and Roll","Bane"],"picked":"Flying Knee","floor":1},{"not_picked":["Reflex","Crippling Poison","PiercingWail"],"picked":"SKIP","floor":5},{"not_picked":["Deadly Poison","Malaise"],"picked":"Outmaneuver","floor":6},{"not_picked":["Deadly Poison","Flying Knee"],"picked":"Dagger Spray","floor":7},{"not_picked":["PiercingWail","Underhanded Strike"],"picked":"Footwork+1","floor":10},{"not_picked":["Malaise","Underhanded Strike"],"picked":"Well Laid Plans+1","floor":12},{"not_picked":["Quick Slash","Bane"],"picked":"Dagger Spray","floor":14},{"not_picked":["Envenom+1","A Thousand Cuts+1"],"picked":"Glass Knife","floor":16},{"not_picked":["PiercingWail","Underhanded Strike"],"picked":"Backstab","floor":18},{"not_picked":["Riddle With Holes","Eviscerate"],"picked":"Caltrops+1","floor":20},{"not_picked":["Masterful Stab+1","Poisoned Stab","Bouncing Flask"],"picked":"SKIP","floor":22},{"not_picked":["Poisoned Stab","Riddle With Holes"],"picked":"Deflect+1","floor":25},{"not_picked":["Heel Hook","Catalyst"],"picked":"Flying Knee","floor":27},{"not_picked":["Deadly Poison","Backflip"],"picked":"Leg Sweep","floor":29},{"not_picked":["Bane","Sucker Punch+1"],"picked":"Die Die Die","floor":30},{"not_picked":["Quick Slash+1","Expertise"],"picked":"Outmaneuver+1","floor":31}],"player_experience":18750,"potions_floor_usage":[22,22,22,29],"damage_taken":[{"damage":0,"enemies":"Jaw Worm","floor":1,"turns":1},{"damage":0,"enemies":"Cultist","floor":5,"turns":1},{"damage":0,"enemies":"3 Sentries","floor":6,"turns":1},{"damage":0,"enemies":"Small Slimes","floor":7,"turns":3},{"damage":14,"enemies":"Exordium Thugs","floor":10,"turns":5},{"damage":4,"enemies":"Blue Slaver","floor":12,"turns":4},{"damage":0,"enemies":"Lots of Slimes","floor":14,"turns":1},{"damage":19,"enemies":"The Guardian","floor":16,"turns":11},{"damage":13,"enemies":"Shell Parasite","floor":18,"turns":6},{"damage":8,"enemies":"2 Thieves","floor":20,"turns":4},{"damage":9,"enemies":"3 Cultists","floor":22,"turns":4},{"damage":36,"enemies":"Sentry and Sphere","floor":25,"turns":6},{"damage":14,"enemies":"Slaver and Parasite","floor":27,"turns":7},{"damage":28,"enemies":"Snake Plant","floor":29,"turns":5},{"damage":0,"enemies":"Centurion and Healer","floor":30,"turns":7},{"damage":4,"enemies":"Slaver and Parasite","floor":31,"turns":5},{"damage":48,"enemies":"Champ","floor":33,"turns":9}],"relics_obtained":[{"floor":6,"key":"Anchor"},{"floor":9,"key":"Frozen Egg 2"},{"floor":17,"key":"Regal Pillow"},{"floor":17,"key":"Tough Bandages"},{"floor":17,"key":"Sundial"},{"floor":26,"key":"War Paint"}],"event_choices":[{"event_name":"Golden Idol","player_choice":"Take Damage","floor":2,"damage_taken":0},{"event_name":"Transmorgrifier","player_choice":"Transform","floor":4,"damage_taken":0},{"event_name":"The Cleric","player_choice":"Healed","floor":13,"damage_taken":0},{"event_name":"Cursed Tome","player_choice":"Ignored","floor":21,"damage_taken":0}],"boss_relics":[{"not_picked":["Velvet Choker","Ectoplasm"],"picked":"Calling Bell"}],"items_purged_floors":[19],"potions_floor_spawned":[5,10,14,16,18,27],"seed_played":"8017625113444925947","killed_by":"Champ","ascension_level":0,"potions_obtained":[{"floor":5,"key":"Regen Potion"},{"floor":10,"key":"FearPotion"},{"floor":14,"key":"Strength Potion"},{"floor":16,"key":"Energy Potion"},{"floor":27,"key":"AttackPotion"}],"is_trial":false}