{"gold_per_floor":[118,118,128,144,144,144,12,47,47,47,72,90,90,90,90,169,169,184,197,197,197],"floor_reached":21,"playtime":650,"items_purged":[],"score":346,"play_id":"74f835a5-6e68-4e12-b7f6-50c8e855f66c","local_time":"20190204013200","is_ascension_mode":true,"campfire_choices":[{"data":"Bane","floor":6,"key":"SMITH"},{"floor":10,"key":"REST"},{"data":"Noxious Fumes","floor":15,"key":"SMITH"}],"neow_cost":"NONE","seed_source_timestamp":19650089307900,"circlet_count":0,"master_deck":["AscendersBane","Defend_G","Defend_G","Defend_G","Defend_G","Defend_G","Strike_G","Strike_G","Strike_G","Strike_G","Strike_G","Survivor","Neutralize+1","Poisoned Stab","Bane+1","Noxious Fumes+1","PiercingWail","All Out Attack","Neutralize","Bullet Time"],"relics":["Ring of the Snake","Omamori","Tough Bandages","Letter Opener","Torii","Sozu"],"potions_floor_usage":[8,8,16,18],"damage_taken":[{"damage":10,"enemies":"Jaw Worm","floor":1,"turns":8},{"damage":0,"enemies":"Cultist","floor":3,"turns":4},{"damage":0,"enemies":"2 Louse","floor":4,"turns":4},{"damage":25,"enemies":"Gremlin Nob","floor":8,"turns":4},{"damage":17,"enemies":"Lagavulin","floor":11,"turns":6},{"damage":0,"enemies":"Large Slime","floor":12,"turns":7},{"damage":8,"enemies":"Hexaghost","floor":16,"turns":10},{"damage":13,"enemies":"3 Byrds","floor":18,"turns":5},{"damage":19,"enemies":"Spheric Guardian","floor":19,"turns":5},{"damage":24,"enemies":"Snecko","floor":21,"turns":6}],"seed_played":"2371478331328082762","potions_obtained":[{"floor":4,"key":"AttackPotion"},{"floor":11,"key":"EssenceOfSteel"},{"floor":16,"key":"Fire Potion"}],"is_trial":false,"path_per_floor":["M","?","M","M","$","R","$","E","T","R","E","M","?","?","R","B",null,"M","M","?","M"],"character_chosen":"THE_SILENT","items_purchased":["Noxious Fumes","PowerPotion"],"campfire_rested":1,"item_purchase_floors":[7,7],"current_hp_per_floor":[49,49,49,49,49,49,49,24,24,43,26,26,26,26,26,18,54,41,22,22,0],"gold":197,"neow_bonus":"RANDOM_COMMON_RELIC","is_prod":false,"is_daily":false,"chose_seed":false,"campfire_upgraded":2,"win_rate":0,"timestamp":1549236720,"path_taken":["M","?","M","?","$","R","$","E","T","R","E","?","?","?","R","BOSS","M","?","?","M"],"build_version":"2019-01-23","purchased_purges":0,"victory":false,"max_hp_per_floor":[66,66,66,66,66,66,66,66,66,66,66,66,66,66,66,66,66,66,66,66,66],"card_choices":[{"not_picked":["Acrobatics","Riddle With Holes","Accuracy"],"picked":"SKIP","floor":1},{"not_picked":["Prepared","Accuracy"],"picked":"Poisoned Stab","floor":3},{"not_picked":["Terror","Prepared"],"picked":"Bane","floor":4},{"not_picked":["Distraction","Blade Dance","Riddle With Holes"],"picked":"SKIP","floor":8},{"not_picked":["Prepared","Acrobatics"],"picked":"PiercingWail","floor":11},{"not_picked":["Underhanded Strike","A Thousand Cuts","Cloak And Dagger"],"picked":"SKIP","floor":12},{"not_picked":["Phantasmal Killer","After Image"],"picked":"Bullet Time","floor":16},{"not_picked":["Sucker Punch","Prepared","Blur"],"picked":"SKIP","floor":18},{"not_picked":["Dagger Throw","Infinite Blades","Bane"],"picked":"SKIP","floor":19}],"player_experience":599277,"relics_obtained":[{"floor":8,"key":"Tough Bandages"},{"floor":9,"key":"Letter Opener"},{"floor":11,"key":"Torii"}],"event_choices":[{"damage_healed":0,"gold_gain":0,"player_choice":"Upgraded","damage_taken":0,"max_hp_gain":0,"max_hp_loss":0,"event_name":"Upgrade Shrine","floor":2,"gold_loss":0,"cards_upgraded":["Neutralize"]},{"damage_healed":0,"gold_gain":0,"player_choice":"Ignored","damage_taken":0,"max_hp_gain":0,"max_hp_loss":0,"event_name":"Liars Game","floor":13,"gold_loss":0},{"damage_healed":0,"gold_gain":0,"player_choice":"2 cards matched","damage_taken":0,"max_hp_gain":0,"max_hp_loss":0,"event_name":"Match and Keep!","floor":14,"gold_loss":0,"cards_obtained":["All Out Attack","Neutralize"]},{"damage_healed":0,"gold_gain":0,"player_choice":"Ignored","damage_taken":0,"max_hp_gain":0,"max_hp_loss":0,"event_name":"The Mausoleum","floor":20,"gold_loss":0}],"is_beta":false,"boss_relics":[{"not_picked":["Coffee Dripper","Busted Crown"],"picked":"Sozu"}],"items_purged_floors":[],"is_endless":false,"potions_floor_spawned":[4,11,16],"killed_by":"Snecko","ascension_level":17}