{"gold_per_floor":[419,25,36,50,60,60,74,103,157,172,172,190,36,60,60,163,163,176,191,191,51,63,63,76,93,93,106,119,119,152,165,165,165],"floor_reached":33,"playtime":4500,"items_purged":["Strike_R","Strike_R"],"score":358,"play_id":"2aea0602-7fe0-4213-b7cc-fce814a993db","local_time":"20190105025139","is_ascension_mode":true,"campfire_choices":[{"data":"Evolve","floor":6,"key":"SMITH"},{"data":"Metallicize","floor":15,"key":"SMITH"},{"data":"RitualDagger","floor":23,"key":"SMITH"},{"data":"Armaments","floor":32,"key":"SMITH"}],"neow_cost":"TEN_PERCENT_HP_LOSS","seed_source_timestamp":3406399117020143,"circlet_count":0,"master_deck":["Strike_R","Strike_R","Defend_R","Defend_R","Defend_R","Defend_R","Bash","Inflame","Evolve+1","Armaments+1","Metallicize+1","Wild Strike","Shrug It Off","Reckless Charge","Seeing Red","Ghostly Armor","Immolate","Rage","RitualDagger+1","Metallicize","Wild Strike+1","Anger","Intimidate+1","Flame Barrier+1","Reckless Charge","Shockwave"],"relics":["Burning Blood","Old Coin","ClockworkSouvenir","PreservedInsect","Juzu Bracelet","Blood Vial","Odd Mushroom","Mark of Pain","Sundial"],"potions_floor_usage":[8,14,14,22,30,33,33],"damage_taken":[{"damage":4,"enemies":"Jaw Worm","floor":1,"turns":5},{"damage":7,"enemies":"2 Louse","floor":3,"turns":5},{"damage":1,"enemies":"Cultist","floor":4,"turns":4},{"damage":12,"enemies":"Looter","floor":5,"turns":3},{"damage":17,"enemies":"Exordium Thugs","floor":7,"turns":5},{"damage":34,"enemies":"Lagavulin","floor":8,"turns":7},{"damage":0,"enemies":"2 Fungi Beasts","floor":10,"turns":6},{"damage":4,"enemies":"Blue Slaver","floor":12,"turns":4},{"damage":7,"enemies":"The Mushroom Lair","floor":14,"turns":5},{"damage":14,"enemies":"The Guardian","floor":16,"turns":14},{"damage":0,"enemies":"Shell Parasite","floor":18,"turns":7},{"damage":21,"enemies":"3 Byrds","floor":19,"turns":6},{"damage":0,"enemies":"Sentry and Sphere","floor":22,"turns":6},{"damage":5,"enemies":"Centurion and Healer","floor":24,"turns":5},{"damage":17,"enemies":"Snecko","floor":25,"turns":5},{"damage":32,"enemies":"Snake Plant","floor":27,"turns":7},{"damage":3,"enemies":"3 Cultists","floor":28,"turns":6},{"damage":16,"enemies":"Book of Stabbing","floor":30,"turns":5},{"damage":12,"enemies":"Sentry and Sphere","floor":31,"turns":7},{"damage":24,"enemies":"Champ","floor":33,"turns":3}],"seed_played":"-4094421494748394831","potions_obtained":[{"floor":1,"key":"Poison Potion"},{"floor":5,"key":"SneckoOil"},{"floor":7,"key":"FearPotion"},{"floor":14,"key":"Fire Potion"},{"floor":19,"key":"Strength Potion"},{"floor":27,"key":"Dexterity Potion"},{"floor":30,"key":"SkillPotion"}],"is_trial":false,"path_per_floor":["M","$","M","M","M","R","M","E","T","M","?","M","$","?","R","B",null,"M","M","?","$","M","R","M","M","T","M","M","?","E","M","R","B"],"character_chosen":"IRONCLAD","items_purchased":["ClockworkSouvenir","Evolve","Armaments","Blood Vial","Metallicize"],"campfire_rested":0,"item_purchase_floors":[2,2,2,13,21],"current_hp_per_floor":[72,72,71,72,66,66,55,27,27,33,26,28,28,29,29,23,60,68,55,49,49,57,57,60,51,51,27,32,32,24,20,20,0],"gold":165,"neow_bonus":"ONE_RARE_RELIC","is_prod":false,"is_daily":false,"chose_seed":false,"campfire_upgraded":4,"win_rate":0,"timestamp":1546685499,"path_taken":["M","$","M","M","M","R","M","E","T","M","?","M","$","?","R","BOSS","M","M","?","$","M","R","M","M","T","M","M","?","E","M","R","BOSS"],"build_version":"2019-01-03v4","purchased_purges":2,"victory":false,"max_hp_per_floor":[72,72,72,72,72,72,72,72,72,72,72,72,72,72,72,72,72,72,72,72,72,72,72,72,72,72,72,72,72,72,72,72,72],"card_choices":[{"not_picked":["Second Wind","Infernal Blade"],"picked":"Inflame","floor":1},{"not_picked":["Cleave","Pummel"],"picked":"Metallicize","floor":3},{"not_picked":["Warcry","Heavy Blade","Bloodletting"],"picked":"SKIP","floor":4},{"not_picked":["Heavy Blade","Bloodletting"],"picked":"Wild Strike","floor":5},{"not_picked":["Heavy Blade","Havoc","Dual Wield"],"picked":"SKIP","floor":7},{"not_picked":["Pummel","Perfected Strike"],"picked":"Shrug It Off","floor":8},{"not_picked":["True Grit","Clash"],"picked":"Reckless Charge","floor":10},{"not_picked":["Dual Wield","Pommel Strike"],"picked":"Seeing Red","floor":12},{"not_picked":["Havoc","Shockwave"],"picked":"Ghostly Armor","floor":14},{"not_picked":["Reaper","Feed"],"picked":"Immolate","floor":16},{"not_picked":["Whirlwind","Twin Strike","Cleave"],"picked":"SKIP","floor":18},{"not_picked":["Cleave","Inflame"],"picked":"Rage","floor":19},{"not_picked":["Flex","Power Through"],"picked":"Wild Strike+1","floor":22},{"not_picked":["Sentinel","Twin Strike"],"picked":"Anger","floor":24},{"not_picked":["Second Wind","Anger"],"picked":"Intimidate+1","floor":25},{"not_picked":["Impervious","Clash"],"picked":"Flame Barrier+1","floor":27},{"not_picked":["Carnage+1","Sword Boomerang"],"picked":"Reckless Charge","floor":28},{"not_picked":["Warcry","Juggernaut"],"picked":"Shockwave","floor":30},{"not_picked":["Headbutt","Sentinel","Perfected Strike"],"picked":"SKIP","floor":31}],"player_experience":217109,"relics_obtained":[{"floor":8,"key":"PreservedInsect"},{"floor":9,"key":"Juzu Bracelet"},{"floor":14,"key":"Odd Mushroom"},{"floor":30,"key":"Sundial"}],"event_choices":[{"cards_removed":["Strike_R"],"damage_healed":0,"gold_gain":0,"player_choice":"Card Removal","damage_taken":7,"max_hp_gain":0,"max_hp_loss":0,"event_name":"Golden Wing","floor":11,"gold_loss":0},{"damage_healed":0,"gold_gain":0,"player_choice":"Fought Mushrooms","damage_taken":0,"max_hp_gain":0,"max_hp_loss":0,"event_name":"Mushrooms","floor":14,"gold_loss":0},{"damage_healed":0,"gold_gain":0,"player_choice":"Joined the Cult","damage_taken":6,"max_hp_gain":0,"max_hp_loss":0,"event_name":"Nest","floor":20,"gold_loss":0,"cards_obtained":["RitualDagger"]},{"damage_healed":0,"gold_gain":0,"player_choice":"0 cards matched","damage_taken":0,"max_hp_gain":0,"max_hp_loss":0,"event_name":"Match and Keep!","floor":29,"gold_loss":0,"cards_obtained":[]}],"is_beta":false,"boss_relics":[{"not_picked":["Velvet Choker","Empty Cage"],"picked":"Mark of Pain"}],"items_purged_floors":[2,21],"is_endless":false,"potions_floor_spawned":[1,5,7,14,19,27,30],"killed_by":"Champ","ascension_level":6}