{"gold_per_floor":[113,113,127,142,74,74,87,112,112,143,11,11,86,96,96,96],"floor_reached":16,"playtime":693,"items_purged":["Strike_R"],"score":149,"play_id":"167cbf73-19e4-4add-965b-d2b9940c138d","local_time":"20180826165044","is_ascension_mode":true,"campfire_choices":[{"data":"Immolate","floor":6,"key":"SMITH"},{"floor":12,"key":"REST"},{"data":"Havoc","floor":15,"key":"SMITH"}],"neow_cost":"PERCENT_DAMAGE","seed_source_timestamp":400540436989316,"circlet_count":0,"master_deck":["Strike_R","Strike_R","Strike_R","Strike_R","Defend_R","Defend_R","Defend_R","Defend_R","Bash","Immolate+1","Iron Wave","Sword Boomerang","Sever Soul","Feel No Pain","Iron Wave","Uppercut","Shrug It Off","Havoc+1","Uppercut","Twin Strike"],"relics":["Burning Blood","The Courier","Darkstone Periapt"],"potions_floor_usage":[8,16,16],"damage_taken":[{"damage":1,"enemies":"Cultist","floor":1,"turns":3},{"damage":2,"enemies":"2 Louse","floor":3,"turns":2},{"damage":0,"enemies":"Small Slimes","floor":4,"turns":3},{"damage":13,"enemies":"Blue Slaver","floor":7,"turns":3},{"damage":30,"enemies":"3 Sentries","floor":8,"turns":6},{"damage":22,"enemies":"Gremlin Nob","floor":10,"turns":4},{"damage":15,"enemies":"3 Louse","floor":14,"turns":3},{"damage":37,"enemies":"Hexaghost","floor":16,"turns":9}],"seed_played":"-6453843613544608545","potions_obtained":[{"floor":7,"key":"Regen Potion"},{"floor":10,"key":"SteroidPotion"},{"floor":14,"key":"Energy Potion"}],"is_trial":false,"path_per_floor":["M","?","M","M","$","R","M","E","T","E","$","R","?","M","R"],"character_chosen":"IRONCLAD","items_purchased":["Feel No Pain","Havoc","Uppercut"],"campfire_rested":1,"item_purchase_floors":[5,11,11],"current_hp_per_floor":[56,56,60,66,66,66,59,47,47,31,31,55,44,35,35,0],"gold":96,"neow_bonus":"THREE_RARE_CARDS","is_prod":false,"is_daily":false,"chose_seed":false,"campfire_upgraded":2,"win_rate":0,"timestamp":1535320244,"path_taken":["M","?","M","M","?","R","?","E","T","E","?","R","?","M","R","BOSS"],"build_version":"2018-08-23v2","purchased_purges":1,"victory":false,"max_hp_per_floor":[80,80,80,80,80,80,80,80,80,80,80,80,80,80,80,80],"card_choices":[{"not_picked":["Offering","Double Tap"],"picked":"Immolate","floor":0},{"not_picked":["Twin Strike","Disarm"],"picked":"Iron Wave","floor":1},{"not_picked":["Thunderclap","Twin Strike"],"picked":"Sword Boomerang","floor":3},{"not_picked":["Pommel Strike","Wild Strike"],"picked":"Sever Soul","floor":4},{"not_picked":["Inflame","Body Slam"],"picked":"Iron Wave","floor":7},{"not_picked":["Dual Wield","Heavy Blade"],"picked":"Uppercut","floor":8},{"not_picked":["Power Through","Cleave"],"picked":"Shrug It Off","floor":10},{"not_picked":["Clash","Searing Blow"],"picked":"Twin Strike","floor":14}],"player_experience":234791,"relics_obtained":[{"floor":8,"key":"The Courier"},{"floor":10,"key":"Darkstone Periapt"}],"event_choices":[{"event_name":"Liars Game","player_choice":"disagreed","floor":2,"damage_taken":0},{"event_name":"World of Goop","player_choice":"Gather Gold","floor":13,"damage_taken":0}],"is_beta":false,"boss_relics":[],"items_purged_floors":[11],"is_endless":false,"potions_floor_spawned":[7,10,14],"killed_by":"Hexaghost","ascension_level":7}