{"gold_per_floor":[109,119,44,62,27,58,58,58,58,75,88,103,114,114,114,114],"floor_reached":16,"playtime":410,"items_purged":["Strike_G"],"score":198,"play_id":"66df9bb6-47de-453d-a74c-25fdaaf2d382","local_time":"20190115220821","is_ascension_mode":true,"campfire_choices":[{"data":"Calculated Gamble","floor":7,"key":"SMITH"},{"data":"Sucker Punch","floor":15,"key":"SMITH"}],"neow_cost":"NONE","seed_source_timestamp":14915669657793,"circlet_count":0,"master_deck":["AscendersBane","Defend_G","Defend_G","Defend_G","Defend_G","Defend_G","Strike_G","Strike_G","Strike_G","Survivor","Neutralize","Heel Hook","Sucker Punch+1","Calculated Gamble+1","Backflip","Tactician","Poisoned Stab"],"relics":["Ring of the Snake","Tingsha","Darkstone Periapt"],"potions_floor_usage":[6,16,16],"damage_taken":[{"damage":1,"enemies":"Jaw Worm","floor":1,"turns":7},{"damage":2,"enemies":"2 Louse","floor":2,"turns":3},{"damage":4,"enemies":"Small Slimes","floor":4,"turns":5},{"damage":31,"enemies":"Lagavulin","floor":6,"turns":6},{"damage":4,"enemies":"Exordium Thugs","floor":10,"turns":5},{"damage":0,"enemies":"Looter","floor":11,"turns":3},{"damage":0,"enemies":"Blue Slaver","floor":12,"turns":4},{"damage":0,"enemies":"Red Slaver","floor":13,"turns":3},{"damage":62,"enemies":"Slime Boss","floor":16,"turns":7}],"seed_played":"-8433658649655377816","potions_obtained":[{"floor":4,"key":"Strength Potion"},{"floor":10,"key":"AttackPotion"},{"floor":12,"key":"LiquidBronze"}],"is_trial":false,"path_per_floor":["M","M","$","M","?","E","R","?","T","M","M","M","M","?","R","B"],"character_chosen":"THE_SILENT","items_purchased":[],"campfire_rested":0,"item_purchase_floors":[],"current_hp_per_floor":[64,62,62,58,72,41,41,65,65,61,61,61,61,54,54,0],"gold":114,"neow_bonus":"TEN_PERCENT_HP_BONUS","is_prod":false,"is_daily":false,"chose_seed":false,"campfire_upgraded":2,"win_rate":0,"timestamp":1547590101,"path_taken":["M","M","$","M","?","E","R","?","T","M","M","?","M","?","R","BOSS"],"build_version":"2019-01-10","purchased_purges":1,"victory":false,"max_hp_per_floor":[72,72,72,72,72,72,72,72,72,72,72,72,72,72,72,72],"card_choices":[{"not_picked":["Acrobatics","Quick Slash"],"picked":"Heel Hook","floor":1},{"not_picked":["Dagger Spray","Distraction","Outmaneuver"],"picked":"SKIP","floor":2},{"not_picked":["Bane","Prepared"],"picked":"Sucker Punch","floor":4},{"not_picked":["Flechettes","Cloak And Dagger"],"picked":"Calculated Gamble","floor":6},{"not_picked":["Blur","Grand Finale","Concentrate"],"picked":"SKIP","floor":10},{"not_picked":["Leg Sweep","Blade Dance"],"picked":"Backflip","floor":11},{"not_picked":["Bane","Distraction"],"picked":"Tactician","floor":12},{"not_picked":["Infinite Blades","Flechettes"],"picked":"Poisoned Stab","floor":13}],"player_experience":395022,"relics_obtained":[{"floor":6,"key":"Tingsha"},{"floor":9,"key":"Darkstone Periapt"}],"event_choices":[{"damage_healed":18,"gold_gain":0,"player_choice":"Healed","damage_taken":0,"max_hp_gain":0,"max_hp_loss":0,"event_name":"The Cleric","floor":5,"gold_loss":35},{"damage_healed":24,"gold_gain":0,"player_choice":"Banana","damage_taken":0,"max_hp_gain":0,"max_hp_loss":0,"event_name":"Big Fish","floor":8,"gold_loss":0},{"cards_removed":["Strike_G"],"damage_healed":0,"gold_gain":0,"player_choice":"Card Removal","damage_taken":7,"max_hp_gain":0,"max_hp_loss":0,"event_name":"Golden Wing","floor":14,"gold_loss":0}],"is_beta":false,"boss_relics":[],"items_purged_floors":[3],"is_endless":false,"potions_floor_spawned":[4,10,12],"killed_by":"Slime Boss","ascension_level":18}