{"gold_per_floor":[119,139,139,55,72,98,98,112,137,60,60,60,71,90,90,193,193,211,228,243,259,273,273,307,307,333,351,351,366,65,65,65,168,168,184,239,239,239,139,173,193,211,263,62,72,72,0,11,11,11],"floor_reached":51,"playtime":4554,"items_purged":["Strike_B","Cold Snap","Strike_B"],"score":651,"play_id":"d9e84758-4262-4ef5-afc8-334dded8acaa","local_time":"20190130183130","is_ascension_mode":false,"campfire_choices":[{"data":"Redo","floor":7.0,"key":"SMITH"},{"floor":12.0,"key":"REST"},{"floor":15.0,"key":"REST"},{"data":"Static Discharge","floor":23.0,"key":"SMITH"},{"data":"Dualcast","floor":25.0,"key":"SMITH"},{"floor":28.0,"key":"REST"},{"floor":32.0,"key":"REST"},{"data":"Buffer","floor":46,"key":"SMITH"},{"data":"Buffer","floor":49,"key":"SMITH"}],"neow_cost":"NONE","seed_source_timestamp":282547323098079,"circlet_count":0,"master_deck":["Strike_B+1","Defend_B","Defend_B","Defend_B","Defend_B","Zap","Dualcast+1","Stack","Scrape+1","Redo+1","Darkness","Amplify","Conserve Battery","Melter","Self Repair","Static Discharge+1","Electrodynamics","Defragment+1","Reprogram+1","Skim","Hologram","Hello World","Tempest","Buffer+1","Capacitor+1","Buffer+1","Storm+1","Beam Cell+1","Madness","Madness","Redo+1","Beam Cell","Capacitor","All For One"],"special_seed":0,"relics":["Cracked Core","GremlinMask","Potion Belt","Anchor","Nuclear Battery","Whetstone","Dream Catcher","Eternal Feather","WingedGreaves","Boot","Oddly Smooth Stone","Red Mask"],"potions_floor_usage":[42,45,50],"damage_taken":[{"damage":0.0,"enemies":"Small Slimes","floor":1.0,"turns":3.0},{"damage":0.0,"enemies":"Cultist","floor":2.0,"turns":3.0},{"damage":2.0,"enemies":"2 Louse","floor":5.0,"turns":3.0},{"damage":26.0,"enemies":"Gremlin Nob","floor":6.0,"turns":4.0},{"damage":47.0,"enemies":"Gremlin Gang","floor":8.0,"turns":4.0},{"damage":12.0,"enemies":"Exordium Wildlife","floor":13.0,"turns":5.0},{"damage":7.0,"enemies":"3 Louse","floor":14.0,"turns":5.0},{"damage":32.0,"enemies":"Hexaghost","floor":16.0,"turns":7.0},{"damage":22.0,"enemies":"2 Thieves","floor":18.0,"turns":4.0},{"damage":6.0,"enemies":"Chosen","floor":19.0,"turns":5.0},{"damage":13.0,"enemies":"Snecko","floor":20.0,"turns":4.0},{"damage":0.0,"enemies":"Chosen and Byrds","floor":21.0,"turns":4.0},{"damage":6.0,"enemies":"Sentry and Sphere","floor":22.0,"turns":4.0},{"damage":30.0,"enemies":"Book of Stabbing","floor":24.0,"turns":4.0},{"damage":12.0,"enemies":"Centurion and Healer","floor":27.0,"turns":5.0},{"damage":24.0,"enemies":"Snake Plant","floor":29.0,"turns":3.0},{"damage":22.0,"enemies":"Champ","floor":33.0,"turns":9.0},{"damage":8.0,"enemies":"Orb Walker","floor":35.0,"turns":4.0},{"damage":70.0,"enemies":"2 Orb Walkers","floor":36.0,"turns":5.0},{"damage":11,"enemies":"Nemesis","floor":40,"turns":7},{"damage":0,"enemies":"3 Shapes","floor":41,"turns":2},{"damage":12,"enemies":"Transient","floor":42,"turns":5},{"damage":28,"enemies":"Writhing Mass","floor":45,"turns":5},{"damage":8,"enemies":"Jaw Worm Horde","floor":48,"turns":3},{"damage":20,"enemies":"Donu and Deca","floor":50,"turns":6}],"seed_played":"-8401523983531686418","potions_obtained":[{"floor":2.0,"key":"LiquidBronze"},{"floor":13.0,"key":"Fire Potion"},{"floor":14.0,"key":"AttackPotion"},{"floor":16.0,"key":"GamblersBrew"},{"floor":20.0,"key":"SpeedPotion"},{"floor":21.0,"key":"Dexterity Potion"},{"floor":33.0,"key":"Fire Potion"},{"floor":35.0,"key":"LiquidBronze"},{"floor":41,"key":"FocusPotion"},{"floor":48,"key":"LiquidBronze"}],"is_trial":false,"path_per_floor":["?","$","?","M","?","?","?","?","?"],"character_chosen":"DEFECT","items_purchased":["Scrape","Redo","Melter","Buffer","Regen Potion","FocusPotion","Capacitor"],"campfire_rested":4,"item_purchase_floors":[4,4,10,30,30,30,44],"current_hp_per_floor":[82,82,82,82,80,54,54,7,7,7,7,31,19,26,50,25,82,67,68,62,69,70,70,40,40,40,35,59,35,35,19,45,45,87,86,16,5,76,76,72,72,60,60,60,39,57,57,49,67,47],"gold":11,"neow_bonus":"TEN_PERCENT_HP_BONUS","is_prod":false,"is_daily":false,"chose_seed":false,"campfire_upgraded":5,"win_rate":0.0,"timestamp":1548869490,"path_taken":["M","M","?","$","M","E","R","M","T","?","?","R","M","M","R","BOSS","M","M","M","?","M","R","E","R","T","M","R","M","$","?","R","BOSS","M","?","?","?","$","E","M","M","T","$","M","R","?","M","R","BOSS"],"build_version":"2019-01-23","purchased_purges":3,"victory":true,"max_hp_per_floor":[82,82,82,82,82,82,82,82,82,82,82,82,82,82,82,82,82,82,82,82,82,82,82,82,82,82,82,82,82,82,87,87,87,87,87,87,87,76,76,76,76,76,76,76,76,76,76,76,76,76],"card_choices":[{"not_picked":["Steam","Streamline"],"picked":"Stack","floor":1.0},{"not_picked":["Hologram","Barrage"],"picked":"Cold Snap","floor":2.0},{"not_picked":["Beam Cell","Conserve Battery"],"picked":"Darkness","floor":5.0},{"not_picked":["Glacier","White Noise"],"picked":"Amplify","floor":6.0},{"not_picked":["Gash","Steam"],"picked":"Conserve Battery","floor":8.0},{"not_picked":["Hologram","Cold Snap"],"picked":"Self Repair","floor":13.0},{"not_picked":["Steam","Conserve Battery"],"picked":"Static Discharge","floor":14.0},{"not_picked":["Biased Cognition","Machine Learning"],"picked":"Electrodynamics","floor":16.0},{"not_picked":["Go for the Eyes","Conserve Battery+1"],"picked":"Defragment+1","floor":18.0},{"not_picked":["Fusion","Cold Snap+1"],"picked":"Reprogram+1","floor":19.0},{"not_picked":["Gash","Beam Cell"],"picked":"Skim","floor":20.0},{"not_picked":["Sweeping Beam","Beam Cell"],"picked":"Hologram","floor":21.0},{"not_picked":["FTL","Consume+1","Ball Lightning"],"picked":"SKIP","floor":22.0},{"not_picked":["Lockon","Beam Cell"],"picked":"Hello World","floor":24.0},{"not_picked":["Hello World","Ball Lightning"],"picked":"Tempest","floor":27.0},{"not_picked":["Cold Snap","Leap","Barrage"],"picked":"SKIP","floor":29.0},{"not_picked":["Gash","Ball Lightning"],"picked":"Capacitor+1","floor":32.0},{"not_picked":["Rainbow","Fission"],"picked":"Buffer","floor":33.0},{"not_picked":["Gash","Ball Lightning+1"],"picked":"Storm+1","floor":35.0},{"not_picked":["Streamline+1","Conserve Battery"],"picked":"Beam Cell+1","floor":36.0},{"not_picked":["Gash","Cold Snap"],"picked":"Redo+1","floor":40},{"not_picked":["Leap","Streamline+1","Steam+1"],"picked":"SKIP","floor":41},{"not_picked":["Reinforced Body","Gash"],"picked":"Beam Cell","floor":42},{"not_picked":["Streamline+1","Leap+1","Compile Driver"],"picked":"SKIP","floor":45},{"not_picked":["Gash","Double Energy+1"],"picked":"All For One","floor":48}],"player_experience":37998,"relics_obtained":[{"floor":6.0,"key":"Potion Belt"},{"floor":9.0,"key":"Anchor"},{"floor":24.0,"key":"Whetstone"},{"floor":26.0,"key":"Dream Catcher"},{"floor":36.0,"key":"WingedGreaves"},{"floor":40,"key":"Boot"},{"floor":43,"key":"Oddly Smooth Stone"}],"event_choices":[{"damage_healed":0.0,"max_hp_gain":0.0,"max_hp_loss":0.0,"gold_gain":0.0,"event_name":"FaceTrader","player_choice":"Trade","floor":3.0,"gold_loss":0.0,"damage_taken":0.0,"relics_obtained":["GremlinMask"]},{"cards_removed":["Strike_B"],"damage_healed":0.0,"max_hp_gain":0.0,"max_hp_loss":0.0,"gold_gain":0.0,"event_name":"Purifier","player_choice":"Purged","floor":11.0,"gold_loss":0.0,"damage_taken":0.0},{"damage_healed":0.0,"max_hp_gain":5.0,"max_hp_loss":0.0,"gold_gain":0.0,"event_name":"Forgotten Altar","player_choice":"Shed Blood","floor":31.0,"gold_loss":0.0,"damage_taken":21.0},{"damage_healed":0.0,"max_hp_gain":0.0,"max_hp_loss":0.0,"gold_gain":0.0,"event_name":"Mysterious Sphere","player_choice":"Fight","floor":36.0,"gold_loss":0.0,"damage_taken":0.0},{"damage_healed":0.0,"max_hp_gain":0.0,"max_hp_loss":0.0,"gold_gain":0.0,"event_name":"Winding Halls","player_choice":"Embrace Madness","floor":37.0,"gold_loss":0.0,"damage_taken":11.0,"cards_obtained":["Madness","Madness"]},{"damage_healed":76.0,"max_hp_gain":0.0,"max_hp_loss":11.0,"gold_gain":0.0,"event_name":"The Moai Head","player_choice":"Heal","floor":38.0,"gold_loss":0.0,"damage_taken":0.0},{"damage_healed":0,"gold_gain":0,"player_choice":"Paid","damage_taken":0,"relics_obtained":["Red Mask"],"max_hp_gain":0,"max_hp_loss":0,"event_name":"Tomb of Lord Red Mask","floor":47,"gold_loss":72}],"is_beta":false,"boss_relics":[{"not_picked":["Snecko Eye","Velvet Choker"],"picked":"Nuclear Battery"},{"not_picked":["Calling Bell","FrozenCore"],"picked":"Eternal Feather"}],"items_purged_floors":[30,39,44],"is_endless":false,"potions_floor_spawned":[2,13,14,16,20,21,33,35,41,48],"ascension_level":0}