{"gold_per_floor":[115,129,14,14,24,24,24,24,24,24,24,44,56,56],"floor_reached":14,"playtime":302,"items_purged":[],"score":152,"play_id":"6bc36432-cac7-41af-b1cb-daf901d0a4d9","local_time":"20190115182109","is_ascension_mode":true,"campfire_choices":[{"data":"Evolve","floor":6,"key":"SMITH"},{"data":"Flex","floor":10,"key":"SMITH"}],"neow_cost":"PERCENT_DAMAGE","seed_source_timestamp":1391852315595,"circlet_count":0,"master_deck":["AscendersBane","Strike_R","Strike_R","Strike_R","Strike_R","Defend_R+1","Defend_R","Defend_R+1","Defend_R","Bash","Sword Boomerang","Power Through","Evolve+1","Flex+1","Thunderclap","Burning Pact","Shrug It Off","Reaper"],"relics":["Burning Blood","Gambling Chip","Bottled Flame"],"potions_floor_usage":[],"damage_taken":[{"damage":1,"enemies":"Cultist","floor":1,"turns":3},{"damage":23,"enemies":"Small Slimes","floor":2,"turns":4},{"damage":19,"enemies":"Jaw Worm","floor":5,"turns":4},{"damage":0,"enemies":"2 Fungi Beasts","floor":12,"turns":2},{"damage":19,"enemies":"Large Slime","floor":13,"turns":9},{"damage":40,"enemies":"Gremlin Gang","floor":14,"turns":2}],"seed_played":"6059259308514442471","potions_obtained":[{"floor":13,"key":"BloodPotion"}],"is_trial":false,"path_per_floor":["M","M","$","?","M","R","$","?","T","R","?","M","M","M"],"character_chosen":"IRONCLAD","items_purchased":["Evolve","Flex"],"campfire_rested":0,"item_purchase_floors":[3,3],"current_hp_per_floor":[55,38,38,63,50,50,50,27,27,27,27,33,20,0],"gold":56,"neow_bonus":"ONE_RARE_RELIC","is_prod":false,"is_daily":false,"chose_seed":false,"campfire_upgraded":2,"win_rate":0,"timestamp":1547576469,"path_taken":["M","M","?","?","M","R","?","?","T","R","?","M","M","M"],"build_version":"2019-01-10","purchased_purges":0,"victory":false,"max_hp_per_floor":[75,75,75,75,75,75,75,75,75,75,75,75,75,75],"card_choices":[{"not_picked":["Havoc","Clash"],"picked":"Sword Boomerang","floor":1},{"not_picked":["Bloodletting","True Grit"],"picked":"Power Through","floor":2},{"not_picked":["Battle Trance","Searing Blow"],"picked":"Thunderclap","floor":5},{"not_picked":["Body Slam","Pommel Strike"],"picked":"Shrug It Off","floor":12},{"not_picked":["Cleave","Whirlwind"],"picked":"Reaper","floor":13}],"player_experience":391242,"relics_obtained":[{"floor":9,"key":"Bottled Flame"}],"event_choices":[{"damage_healed":25,"gold_gain":0,"player_choice":"Banana","damage_taken":0,"max_hp_gain":0,"max_hp_loss":0,"event_name":"Big Fish","floor":4,"gold_loss":0},{"damage_healed":0,"gold_gain":0,"player_choice":"Entered Light","damage_taken":23,"max_hp_gain":0,"max_hp_loss":0,"event_name":"Shining Light","floor":8,"gold_loss":0,"cards_upgraded":["Defend_R","Defend_R"]},{"damage_healed":0,"gold_gain":0,"cards_transformed":["Strike_R"],"player_choice":"Transformed","damage_taken":0,"max_hp_gain":0,"max_hp_loss":0,"event_name":"Transmorgrifier","floor":11,"gold_loss":0,"cards_obtained":["Burning Pact"]}],"is_beta":false,"boss_relics":[],"items_purged_floors":[],"is_endless":false,"potions_floor_spawned":[13],"killed_by":"Gremlin Gang","ascension_level":18}