{"gold_per_floor":[118,193,193,43,8,36,36,36,36,52,52,67,67],"floor_reached":13,"playtime":212,"items_purged":["Strike_B"],"score":122,"play_id":"d170a68d-0205-4da9-888c-2ecc44881426","local_time":"20190102010357","is_ascension_mode":true,"campfire_choices":[{"data":"Zap","floor":8,"key":"SMITH"},{"data":"Genetic Algorithm","floor":11,"key":"SMITH"}],"neow_cost":"NONE","seed_source_timestamp":29839902227506,"circlet_count":0,"master_deck":["AscendersBane","Strike_B","Strike_B","Defend_B","Defend_B","Defend_B","Defend_B","Zap+1","Dualcast","White Noise","Consume","Genetic Algorithm+1"],"relics":["Cracked Core","Centennial Puzzle","Pen Nib"],"potions_floor_usage":[13],"damage_taken":[{"damage":9,"enemies":"Small Slimes","floor":1,"turns":4},{"damage":58,"enemies":"Gremlin Nob","floor":6,"turns":5},{"damage":1,"enemies":"Jaw Worm","floor":10,"turns":4},{"damage":12,"enemies":"2 Louse","floor":12,"turns":3},{"damage":27,"enemies":"3 Sentries","floor":13,"turns":4}],"seed_played":"1579140886585524225","potions_obtained":[{"floor":10,"key":"Dexterity Potion"},{"floor":12,"key":"Block Potion"}],"is_trial":false,"path_per_floor":["M","?","?","$","?","E","?","R","T","M","R","M","E"],"character_chosen":"DEFECT","items_purchased":["Consume"],"campfire_rested":0,"item_purchase_floors":[4],"current_hp_per_floor":[59,48,48,48,66,8,33,33,33,32,32,20,0],"gold":67,"neow_bonus":"REMOVE_CARD","is_prod":false,"is_daily":false,"chose_seed":false,"campfire_upgraded":2,"win_rate":0,"timestamp":1546391037,"path_taken":["M","?","?","$","?","E","?","R","T","?","R","M","E"],"build_version":"2018-12-20","purchased_purges":1,"victory":false,"max_hp_per_floor":[75,75,75,75,75,75,75,75,75,75,75,75,75],"card_choices":[{"not_picked":["Sweeping Beam","Streamline"],"picked":"White Noise","floor":1},{"not_picked":["Turbo","Lockon"],"picked":"Genetic Algorithm","floor":6},{"not_picked":["Rebound","Redo","Beam Cell"],"picked":"SKIP","floor":10},{"not_picked":["Blizzard","Compile Driver","Streamline"],"picked":"SKIP","floor":12}],"player_experience":340968,"relics_obtained":[{"floor":6,"key":"Centennial Puzzle"},{"floor":9,"key":"Pen Nib"}],"event_choices":[{"damage_healed":0,"gold_gain":75,"player_choice":"Gather Gold","damage_taken":11,"max_hp_gain":0,"max_hp_loss":0,"event_name":"World of Goop","floor":2,"gold_loss":0},{"damage_healed":0,"gold_gain":0,"player_choice":"Ignored","damage_taken":0,"max_hp_gain":0,"max_hp_loss":0,"event_name":"Liars Game","floor":3,"gold_loss":0},{"damage_healed":18,"gold_gain":0,"player_choice":"Healed","damage_taken":0,"max_hp_gain":0,"max_hp_loss":0,"event_name":"The Cleric","floor":5,"gold_loss":35},{"damage_healed":25,"gold_gain":0,"player_choice":"Banana","damage_taken":0,"max_hp_gain":0,"max_hp_loss":0,"event_name":"Big Fish","floor":7,"gold_loss":0}],"is_beta":false,"boss_relics":[],"items_purged_floors":[4],"is_endless":false,"potions_floor_spawned":[10,12],"killed_by":"3 Sentries","ascension_level":10}