{"gold_per_floor":[116,136,151,163,163,196,196,221,221,186,186,220,101,101,101,101],"floor_reached":16,"playtime":596,"items_purged":["Defend_B"],"score":190,"play_id":"a7ef75eb-9a6a-4405-a269-346f399cdd6f","local_time":"20190204114557","is_ascension_mode":true,"campfire_choices":[{"floor":7,"key":"REST"},{"data":"White Noise","floor":15,"key":"SMITH"}],"neow_cost":"NONE","seed_source_timestamp":41650136900444,"circlet_count":0,"master_deck":["Strike_B","Strike_B","Strike_B","Defend_B","Defend_B","Defend_B","Zap","Dualcast+1","Glacier","Conserve Battery","White Noise+1","Undo","Self Repair","Rainbow","Self Repair"],"relics":["Cracked Core","Matryoshka","Bottled Lightning","Smiling Mask","Cables","Pear"],"potions_floor_usage":[8,8,12],"damage_taken":[{"damage":3,"enemies":"2 Louse","floor":1,"turns":3},{"damage":8,"enemies":"Small Slimes","floor":2,"turns":3},{"damage":0,"enemies":"Cultist","floor":3,"turns":3},{"damage":2,"enemies":"Looter","floor":4,"turns":5},{"damage":33,"enemies":"Lagavulin","floor":6,"turns":10},{"damage":39,"enemies":"Gremlin Nob","floor":8,"turns":5},{"damage":23,"enemies":"3 Sentries","floor":12,"turns":8},{"damage":51,"enemies":"Slime Boss","floor":16,"turns":6}],"seed_played":"-1493749772667661234","potions_obtained":[{"floor":1,"key":"Energy Potion"},{"floor":3,"key":"Energy Potion"},{"floor":8,"key":"PowerPotion"}],"is_trial":false,"path_per_floor":["M","M","M","M","?","E","R","E","T","?","?","E","$","?","R","B"],"character_chosen":"DEFECT","items_purchased":["Self Repair"],"campfire_rested":1,"item_purchase_floors":[13],"current_hp_per_floor":[72,64,64,62,62,29,53,21,21,41,41,35,35,35,35,0],"gold":101,"neow_bonus":"TEN_PERCENT_HP_BONUS","is_prod":false,"is_daily":false,"chose_seed":false,"campfire_upgraded":1,"win_rate":0,"timestamp":1549298757,"path_taken":["M","M","M","M","?","E","R","E","T","?","?","E","$","?","R","BOSS"],"build_version":"2019-01-23","purchased_purges":1,"victory":false,"max_hp_per_floor":[82,82,82,82,82,82,82,82,82,82,82,92,92,92,92,92],"card_choices":[{"not_picked":["Rebound","Lockon"],"picked":"Glacier","floor":1},{"not_picked":["Streamline","Leap"],"picked":"Conserve Battery","floor":2},{"not_picked":["Rip and Tear","Chaos"],"picked":"White Noise","floor":3},{"not_picked":["Scrape","Leap"],"picked":"Undo","floor":4},{"not_picked":["Force Field","White Noise"],"picked":"Self Repair","floor":6},{"not_picked":["Ball Lightning","Go for the Eyes"],"picked":"Rainbow","floor":8},{"not_picked":["Streamline","Lockon","Scrape"],"picked":"SKIP","floor":12}],"player_experience":447857,"relics_obtained":[{"floor":6,"key":"Matryoshka"},{"floor":8,"key":"Bottled Lightning"},{"floor":9,"key":"Smiling Mask"},{"floor":9,"key":"Cables"},{"floor":12,"key":"Pear"}],"event_choices":[{"damage_healed":0,"gold_gain":0,"player_choice":"Ignored","damage_taken":0,"max_hp_gain":0,"max_hp_loss":0,"event_name":"Liars Game","floor":5,"gold_loss":0},{"damage_healed":20,"gold_gain":0,"player_choice":"Healed","damage_taken":0,"max_hp_gain":0,"max_hp_loss":0,"event_name":"The Cleric","floor":10,"gold_loss":35},{"cards_removed":["Strike_B"],"damage_healed":0,"gold_gain":0,"player_choice":"Forget","damage_taken":0,"max_hp_gain":0,"max_hp_loss":0,"event_name":"Living Wall","floor":11,"gold_loss":0},{"damage_healed":0,"gold_gain":0,"player_choice":"Upgraded","damage_taken":0,"max_hp_gain":0,"max_hp_loss":0,"event_name":"Upgrade Shrine","floor":14,"gold_loss":0,"cards_upgraded":["Dualcast"]}],"is_beta":false,"boss_relics":[],"items_purged_floors":[13],"is_endless":false,"potions_floor_spawned":[1,3,8],"killed_by":"Slime Boss","ascension_level":8}