{"gold_per_floor":[113,129,204,222,147,147,164,164,188,188,203,14,28,28,28,125,125,125,125,125,125,125,125,125,125,125,125,45,45,45,45,45,45,45,45,45,45,45,45,45,45,45,45,45,45,45,0,0,0,0],"floor_reached":51,"playtime":3562,"items_purged":[],"score":673,"play_id":"b33a54d7-5acd-4a55-aca0-b3d452e8f61c","local_time":"20190203190219","is_ascension_mode":true,"campfire_choices":[{"data":"Neutralize","floor":6.0,"key":"SMITH"},{"data":"Caltrops","floor":8.0,"key":"SMITH"},{"data":"Riddle With Holes","floor":10.0,"key":"SMITH"},{"data":"Blur","floor":15.0,"key":"SMITH"},{"data":"Venomology","floor":23.0,"key":"SMITH"},{"data":"A Thousand Cuts","floor":27.0,"key":"SMITH"},{"floor":32.0,"key":"REST"},{"data":"After Image","floor":40.0,"key":"SMITH"},{"data":"1","floor":42.0,"key":"LIFT"},{"floor":49.0,"key":"REST"}],"neow_cost":"NONE","seed_source_timestamp":276646152462107,"circlet_count":0,"master_deck":["Defend_G+1","Defend_G+1","Defend_G+1","Defend_G+1","Defend_G+1","Strike_G+1","Strike_G+1","Strike_G+1","Strike_G+1","Strike_G+1","Neutralize+1","Dagger Spray","Caltrops+1","Riddle With Holes+1","Blur+1","Backflip","Flying Knee","Deflect","Venomology+1","Backflip","A Thousand Cuts+1","Wraith Form v2","Backflip+1","Footwork+1","Flying Knee+1","After Image+1","Prepared+1","Endless Agony+1","Blur+1","Outmaneuver+1","Bullet Time","Noxious Fumes+1","Madness","Madness"],"special_seed":0,"relics":["Ring of the Snake","Vajra","Omamori","Ectoplasm","Calipers","Molten Egg 2","Anchor","Sozu","Girya","Happy Flower","Red Mask"],"potions_floor_usage":[],"damage_taken":[{"damage":0.0,"enemies":"2 Louse","floor":1.0,"turns":3.0},{"damage":0.0,"enemies":"Small Slimes","floor":2.0,"turns":5.0},{"damage":0.0,"enemies":"Jaw Worm","floor":4.0,"turns":4.0},{"damage":1.0,"enemies":"Blue Slaver","floor":7.0,"turns":6.0},{"damage":1.0,"enemies":"Exordium Wildlife","floor":11.0,"turns":4.0},{"damage":5.0,"enemies":"2 Fungi Beasts","floor":13.0,"turns":3.0},{"damage":15.0,"enemies":"Hexaghost","floor":16.0,"turns":9.0},{"damage":0.0,"enemies":"3 Byrds","floor":18.0,"turns":4.0},{"damage":17.0,"enemies":"Spheric Guardian","floor":20.0,"turns":4.0},{"damage":11.0,"enemies":"Cultist and Chosen","floor":24.0,"turns":7.0},{"damage":0.0,"enemies":"Snake Plant","floor":25.0,"turns":5.0},{"damage":2.0,"enemies":"3 Cultists","floor":31.0,"turns":5.0},{"damage":15.0,"enemies":"Collector","floor":33.0,"turns":9.0},{"damage":9.0,"enemies":"3 Darklings","floor":35.0,"turns":3.0},{"damage":15.0,"enemies":"Mind Bloom Boss Battle","floor":36.0,"turns":8.0},{"damage":13.0,"enemies":"3 Shapes","floor":37.0,"turns":6.0},{"damage":8.0,"enemies":"Writhing Mass","floor":38.0,"turns":8.0},{"damage":0.0,"enemies":"Maw","floor":39.0,"turns":8.0},{"damage":3.0,"enemies":"4 Shapes","floor":44.0,"turns":8.0},{"damage":0.0,"enemies":"Spire Growth","floor":45.0,"turns":4.0},{"damage":50,"enemies":"Time Eater","floor":50,"turns":17}],"seed_played":"-5943023578331752270","potions_obtained":[{"floor":2.0,"key":"LiquidBronze"},{"floor":4.0,"key":"Fire Potion"},{"floor":13.0,"key":"FairyPotion"},{"floor":16.0,"key":"Poison Potion"},{"floor":24.0,"key":"Block Potion"},{"floor":31.0,"key":"Fire Potion"}],"is_trial":false,"path_per_floor":["?","?","?","?","T","M","?","?","?","?","M","?","?","?"],"character_chosen":"THE_SILENT","items_purchased":["Blur","Flying Knee","Omamori","Footwork"],"campfire_rested":2,"item_purchase_floors":[5,12,12,28],"current_hp_per_floor":[70,70,59,59,59,59,58,58,58,58,57,57,52,69,69,54,70,70,70,53,53,53,53,42,51,51,51,51,38,38,36,58,43,75,66,51,38,30,30,30,30,30,30,27,27,18,18,18,40,4],"gold":0,"neow_bonus":"ONE_RANDOM_RARE_CARD","is_prod":false,"is_daily":false,"chose_seed":false,"campfire_upgraded":7,"win_rate":0,"timestamp":1549216939,"path_taken":["M","M","?","M","$","R","M","R","T","R","M","$","M","?","R","BOSS","M","?","M","?","?","R","?","M","T","R","$","?","?","M","R","BOSS","M","?","M","M","M","R","?","R","T","?","M","?","?","?","R","BOSS"],"build_version":"2019-01-23","purchased_purges":0,"victory":true,"max_hp_per_floor":[70,70,70,70,70,70,70,70,70,70,70,70,70,70,70,70,70,70,70,70,70,70,70,70,70,70,70,70,75,75,75,75,75,75,75,75,75,75,75,75,75,75,75,75,75,75,75,75,75,75],"card_choices":[{"not_picked":["Bane","Accuracy"],"picked":"Dagger Spray","floor":1.0},{"not_picked":["Dagger Throw","Sucker Punch"],"picked":"Caltrops","floor":2.0},{"not_picked":["Setup","Backstab"],"picked":"Riddle With Holes","floor":4.0},{"not_picked":["Outmaneuver","Blade Dance"],"picked":"Backflip","floor":7.0},{"not_picked":["Heel Hook","Expertise","Acrobatics"],"picked":"SKIP","floor":11.0},{"not_picked":["Blade Dance","Masterful Stab"],"picked":"Deflect","floor":13.0},{"not_picked":["Unload","Storm of Steel"],"picked":"Venomology","floor":16.0},{"not_picked":["Quick Slash","Dagger Throw"],"picked":"Backflip","floor":18.0},{"not_picked":["Underhanded Strike","Blade Dance+1","Crippling Poison"],"picked":"SKIP","floor":20.0},{"not_picked":["Quick Slash","Expertise+1"],"picked":"Wraith Form v2","floor":24.0},{"not_picked":["Concentrate","Dagger Throw"],"picked":"Backflip+1","floor":25.0},{"not_picked":["Acrobatics","Deadly Poison"],"picked":"Flying Knee+1","floor":31.0},{"not_picked":["Night Terror","Die Die Die+1"],"picked":"After Image","floor":33.0},{"not_picked":["Dagger Spray+1","Dagger Throw+1"],"picked":"Prepared+1","floor":35.0},{"not_picked":["Acrobatics","Bane+1"],"picked":"Endless Agony+1","floor":36.0},{"not_picked":["Slice+1","Heel Hook+1"],"picked":"Blur+1","floor":37.0},{"not_picked":["Dagger Throw+1","Bane+1"],"picked":"Outmaneuver+1","floor":38.0},{"not_picked":["Riddle With Holes+1","Blade Dance+1"],"picked":"Bullet Time","floor":39.0},{"not_picked":["Backflip","Skewer+1"],"picked":"Noxious Fumes+1","floor":44.0},{"not_picked":["Deadly Poison+1","Backflip","Slice+1"],"picked":"SKIP","floor":45.0}],"player_experience":172175,"relics_obtained":[{"floor":9.0,"key":"Vajra"},{"floor":22.0,"key":"Calipers"},{"floor":26.0,"key":"Molten Egg 2"},{"floor":36.0,"key":"Girya"},{"floor":43.0,"key":"Happy Flower"}],"event_choices":[{"damage_healed":0.0,"max_hp_gain":0.0,"max_hp_loss":0.0,"gold_gain":75.0,"event_name":"World of Goop","player_choice":"Gather Gold","floor":3.0,"gold_loss":0.0,"damage_taken":11.0},{"damage_healed":17.0,"max_hp_gain":0.0,"max_hp_loss":0.0,"gold_gain":0.0,"event_name":"Mushrooms","player_choice":"Healed and dodged fight","floor":14.0,"gold_loss":0.0,"damage_taken":0.0,"cards_obtained":["Parasite"]},{"damage_healed":0.0,"max_hp_gain":0.0,"max_hp_loss":0.0,"gold_gain":0.0,"event_name":"Back to Basics","player_choice":"Simplicity","floor":19.0,"gold_loss":0.0,"damage_taken":0.0,"cards_upgraded":["Defend_G","Defend_G","Defend_G","Defend_G","Defend_G","Strike_G","Strike_G","Strike_G","Strike_G","Strike_G"]},{"damage_healed":0.0,"max_hp_gain":0.0,"max_hp_loss":0.0,"gold_gain":0.0,"cards_transformed":["Doppelganger","Survivor"],"event_name":"Drug Dealer","player_choice":"Became Test Subject","floor":21.0,"gold_loss":0.0,"damage_taken":0.0,"cards_obtained":["Flechettes","A Thousand Cuts"]},{"damage_healed":0.0,"max_hp_gain":5.0,"max_hp_loss":0.0,"gold_gain":0.0,"event_name":"Forgotten Altar","player_choice":"Shed Blood","floor":29.0,"gold_loss":0.0,"damage_taken":18.0},{"damage_healed":0.0,"max_hp_gain":0.0,"max_hp_loss":0.0,"gold_gain":0.0,"event_name":"The Mausoleum","player_choice":"Opened","floor":30.0,"gold_loss":0.0,"damage_taken":0.0,"relics_obtained":["Anchor"]},{"damage_healed":0.0,"max_hp_gain":0.0,"max_hp_loss":0.0,"gold_gain":0.0,"event_name":"MindBloom","player_choice":"Fight","floor":36.0,"gold_loss":0.0,"damage_taken":0.0},{"damage_healed":0.0,"max_hp_gain":0.0,"max_hp_loss":0.0,"gold_gain":0.0,"event_name":"Upgrade Shrine","player_choice":"Upgraded","floor":41.0,"gold_loss":0.0,"damage_taken":0.0,"cards_upgraded":["Footwork"]},{"damage_healed":0.0,"max_hp_gain":0.0,"max_hp_loss":0.0,"gold_gain":0.0,"event_name":"Winding Halls","player_choice":"Embrace Madness","floor":46.0,"gold_loss":0.0,"damage_taken":9.0,"cards_obtained":["Madness","Madness"]},{"damage_healed":0.0,"max_hp_gain":0.0,"max_hp_loss":0.0,"gold_gain":0.0,"event_name":"Tomb of Lord Red Mask","player_choice":"Paid","floor":47.0,"gold_loss":45.0,"damage_taken":0.0,"relics_obtained":["Red Mask"]},{"cards_removed":["Flechettes"],"damage_healed":0.0,"max_hp_gain":0.0,"max_hp_loss":0.0,"gold_gain":0.0,"event_name":"Purifier","player_choice":"Purged","floor":48.0,"gold_loss":0.0,"damage_taken":0.0}],"is_beta":false,"boss_relics":[{"not_picked":["Busted Crown","Snecko Eye"],"picked":"Ectoplasm"},{"not_picked":["Black Star","Orrery"],"picked":"Sozu"}],"items_purged_floors":[],"is_endless":false,"potions_floor_spawned":[2,4,13,16,24,31,36,39,45],"ascension_level":2}