{"gold_per_floor":[18,18,18,33,0,28,28,42,95,112,112,126,145,159,159,230,230,243,243,203,41,53,53,53,53,134,149,165,183,214,214,214,292,292,312,70,90,100,116,116,116],"floor_reached":41,"playtime":1154,"items_purged":["Strike_B","Zap+1"],"score":751,"play_id":"71d0923d-9dc6-4659-9122-11a887394a22","local_time":"20181109204908","is_ascension_mode":true,"campfire_choices":[{"data":"Dualcast","floor":7,"key":"SMITH"},{"data":"Zap","floor":11,"key":"SMITH"},{"data":"Coolheaded","floor":15,"key":"SMITH"},{"floor":23,"key":"REST"},{"data":"FTL","floor":25,"key":"SMITH"},{"floor":32,"key":"REST"},{"data":"Storm","floor":40,"key":"SMITH"}],"neow_cost":"NO_GOLD","seed_source_timestamp":9342144682752,"circlet_count":0,"master_deck":["AscendersBane","Dualcast+1","Conserve Battery","Ball Lightning","Cold Snap","White Noise","Coolheaded+1","Cold Snap","Echo Form","Electrodynamics","Heatsinks","FTL+1","Hologram+1","Storm+1","FTL+1","Hologram+1","Lockon+1","Chill+1","Blind","Heatsinks"],"relics":["Cracked Core","Juzu Bracelet","Potion Belt","Sozu","Enchiridion","Symbiotic Virus","Kunai","Astrolabe"],"potions_floor_usage":[13,13,16,16,18],"damage_taken":[{"damage":4,"enemies":"Jaw Worm","floor":1,"turns":3},{"damage":3,"enemies":"2 Louse","floor":4,"turns":3},{"damage":26,"enemies":"3 Sentries","floor":6,"turns":9},{"damage":5,"enemies":"Small Slimes","floor":8,"turns":4},{"damage":1,"enemies":"3 Louse","floor":10,"turns":4},{"damage":0,"enemies":"Exordium Thugs","floor":12,"turns":5},{"damage":0,"enemies":"Red Slaver","floor":13,"turns":2},{"damage":0,"enemies":"Large Slime","floor":14,"turns":4},{"damage":23,"enemies":"Hexaghost","floor":16,"turns":13},{"damage":0,"enemies":"3 Byrds","floor":18,"turns":5},{"damage":9,"enemies":"Spheric Guardian","floor":22,"turns":3},{"damage":3,"enemies":"Chosen and Byrds","floor":27,"turns":6},{"damage":7,"enemies":"Snake Plant","floor":28,"turns":4},{"damage":0,"enemies":"Sentry and Sphere","floor":29,"turns":3},{"damage":20,"enemies":"Slavers","floor":30,"turns":3},{"damage":28,"enemies":"Collector","floor":33,"turns":8},{"damage":7,"enemies":"Orb Walker","floor":35,"turns":3},{"damage":0,"enemies":"3 Darklings","floor":37,"turns":3},{"damage":4,"enemies":"Spire Growth","floor":38,"turns":4},{"damage":0,"enemies":"4 Shapes","floor":39,"turns":4},{"damage":63,"enemies":"Reptomancer","floor":41,"turns":4}],"seed_played":"4718032737768476249","potions_obtained":[{"floor":1,"key":"Weak Potion"},{"floor":8,"key":"EssenceOfSteel"},{"floor":13,"key":"GamblersBrew"},{"floor":14,"key":"AttackPotion"},{"floor":16,"key":"Weak Potion"}],"is_trial":false,"path_per_floor":["M","?","?","M","?","E","R","M","T","M","R","M","M","M","R","B",null,"M","?","?","$","M","R","?","R","T","M","M","M","E","?","R","B",null,"M","$","M","M","M","R","E"],"character_chosen":"DEFECT","items_purchased":["Electrodynamics","Blind","Heatsinks"],"campfire_rested":2,"item_purchase_floors":[21,36,36],"current_hp_per_floor":[60,65,65,62,62,36,36,31,31,30,30,30,30,30,30,7,59,59,38,38,38,29,51,51,51,51,48,41,41,21,21,43,15,61,54,54,54,50,50,50,0],"gold":116,"neow_bonus":"REMOVE_TWO","is_prod":false,"is_daily":false,"chose_seed":false,"campfire_upgraded":5,"win_rate":0,"timestamp":1541796548,"path_taken":["M","?","?","M","?","E","R","M","T","M","R","M","M","M","R","BOSS","M","?","?","$","M","R","?","R","T","M","M","M","E","?","R","BOSS","M","$","M","M","M","R","E"],"build_version":"2018-11-08","purchased_purges":2,"victory":false,"max_hp_per_floor":[71,76,76,76,76,76,76,76,76,76,76,76,76,76,76,76,76,76,76,76,76,76,76,76,76,76,76,76,76,76,76,76,76,76,76,76,76,76,76,76,76],"card_choices":[{"not_picked":["Defragment","Stack"],"picked":"Conserve Battery","floor":1},{"not_picked":["Stack","Barrage"],"picked":"Ball Lightning","floor":4},{"not_picked":["Meteor Strike","Capacitor"],"picked":"Cold Snap","floor":6},{"not_picked":["Redo","Streamline","Stack"],"picked":"SKIP","floor":8},{"not_picked":["Static Discharge","Turbo","Rip and Tear"],"picked":"SKIP","floor":10},{"not_picked":["Double Energy","Scrape"],"picked":"White Noise","floor":12},{"not_picked":["Genetic Algorithm","Turbo"],"picked":"Coolheaded","floor":13},{"not_picked":["Hologram","Hello World"],"picked":"Cold Snap","floor":14},{"not_picked":["Core Surge","Reboot"],"picked":"Echo Form","floor":16},{"not_picked":["Beam Cell","Stack","Leap"],"picked":"SKIP","floor":18},{"not_picked":["Ball Lightning","Barrage","Steam+1"],"picked":"SKIP","floor":22},{"not_picked":["Scrape","Skim"],"picked":"Hologram+1","floor":27},{"not_picked":["Steam Power","Recycle"],"picked":"Storm","floor":28},{"not_picked":["Steam","BootSequence","Coolheaded"],"picked":"SKIP","floor":29},{"not_picked":["Multi-Cast","Redo","Rip and Tear+1"],"picked":"SKIP","floor":30},{"not_picked":["Rainbow","Multi-Cast"],"picked":"Meteor Strike","floor":33},{"not_picked":["Chaos","Conserve Battery"],"picked":"Chill+1","floor":35},{"not_picked":["Ball Lightning","Streamline","Redo"],"picked":"SKIP","floor":37},{"not_picked":["Redo","Steam","Sweeping Beam"],"picked":"SKIP","floor":38},{"not_picked":["Reprogram","Coolheaded","Hello World"],"picked":"SKIP","floor":39}],"player_experience":130337,"relics_obtained":[{"floor":6,"key":"Juzu Bracelet"},{"floor":9,"key":"Potion Belt"},{"floor":19,"key":"Enchiridion"},{"floor":26,"key":"Symbiotic Virus"},{"floor":30,"key":"Kunai"}],"event_choices":[{"damage_healed":0,"gold_gain":0,"player_choice":"Donut","damage_taken":0,"max_hp_gain":5,"max_hp_loss":0,"event_name":"Big Fish","floor":2,"gold_loss":0},{"damage_healed":0,"gold_gain":0,"player_choice":"Leave","damage_taken":0,"max_hp_gain":0,"max_hp_loss":0,"event_name":"The Cleric","floor":3,"gold_loss":0},{"damage_healed":0,"gold_gain":0,"player_choice":"Left Gold","damage_taken":0,"max_hp_gain":0,"max_hp_loss":0,"event_name":"World of Goop","floor":5,"gold_loss":33},{"damage_healed":0,"gold_gain":0,"player_choice":"Obtained Book","damage_taken":21,"max_hp_gain":0,"max_hp_loss":0,"event_name":"Cursed Tome","floor":19,"gold_loss":0},{"damage_healed":0,"gold_gain":0,"player_choice":"Bought 3 Potions","damage_taken":0,"max_hp_gain":0,"max_hp_loss":0,"event_name":"The Woman in Blue","floor":20,"gold_loss":0},{"damage_healed":0,"gold_gain":0,"cards_transformed":["Strike_B","Defend_B"],"player_choice":"Became Test Subject","damage_taken":0,"max_hp_gain":0,"max_hp_loss":0,"event_name":"Drug Dealer","floor":24,"gold_loss":0,"cards_obtained":["Heatsinks","FTL"]},{"cards_removed":["Defend_B"],"damage_healed":0,"gold_gain":0,"player_choice":"Purged","damage_taken":0,"max_hp_gain":0,"max_hp_loss":0,"event_name":"Purifier","floor":31,"gold_loss":0}],"is_beta":false,"boss_relics":[{"not_picked":["Empty Cage","Runic Dome"],"picked":"Sozu"},{"not_picked":["Black Star","Coffee Dripper"],"picked":"Astrolabe"}],"items_purged_floors":[21,36],"is_endless":false,"potions_floor_spawned":[1,8,13,14,16,18,22,28,30,33,39],"killed_by":"Reptomancer","ascension_level":16}