{"gold_per_floor":[118,8,27,27,41,41,68,68,68,97,97,97,116,136,136,209,209,219,236,5,15,0,0,31,31,31,31,43,43,66,77,77,154,154,166,186,186,200,214,243,243,261,261,31,31,31,31,43,43,43,43,43,43,76,76],"floor_reached":55,"playtime":3517,"items_purged":[],"score":1264,"play_id":"21a413ee-99a6-4df2-a364-9ca2ea251768","local_time":"20190127233312","is_ascension_mode":true,"campfire_choices":[{"data":"Streamline","floor":6,"key":"SMITH"},{"floor":8,"key":"REST"},{"data":"Barrage","floor":11,"key":"SMITH"},{"data":"Coolheaded","floor":15,"key":"SMITH"},{"floor":23,"key":"REST"},{"floor":25,"key":"REST"},{"floor":27,"key":"REST"},{"floor":32,"key":"REST"},{"floor":41,"key":"REST"},{"floor":45,"key":"RECALL"},{"data":"Zap","floor":47,"key":"SMITH"},{"floor":49,"key":"REST"},{"data":"Dualcast","floor":52,"key":"SMITH"}],"neow_cost":"NONE","seed_source_timestamp":18831468844948,"circlet_count":0,"master_deck":["AscendersBane","Strike_B+1","Strike_B+1","Defend_B+1","Defend_B+1","Defend_B+1","Defend_B+1","Zap+1","Dualcast+1","Barrage+1","Cold Snap","Streamline+1","Coolheaded+1","Buffer+1","Loop+1","Creative AI+1","Consume+1","Electrodynamics+1","Leap+1","Hologram+1","Capacitor+1","Hologram+1","Creative AI+1"],"relics":["FrozenCore","Frozen Egg 2","Blood Vial","Toxic Egg 2","Cables","Letter Opener","Art of War","Velvet Choker","Omamori","Runic Capacitor","Bronze Scales"],"potions_floor_usage":[0,10,16,16,31,33],"damage_taken":[{"damage":1,"enemies":"Cultist","floor":1,"turns":3},{"damage":8,"enemies":"2 Louse","floor":3,"turns":2},{"damage":0,"enemies":"Jaw Worm","floor":5,"turns":3},{"damage":27,"enemies":"Lagavulin","floor":7,"turns":6},{"damage":17,"enemies":"3 Sentries","floor":10,"turns":6},{"damage":7,"enemies":"Blue Slaver","floor":13,"turns":3},{"damage":9,"enemies":"Red Slaver","floor":14,"turns":4},{"damage":2,"enemies":"Hexaghost","floor":16,"turns":9},{"damage":11,"enemies":"Spheric Guardian","floor":18,"turns":4},{"damage":26,"enemies":"3 Byrds","floor":19,"turns":6},{"damage":12,"enemies":"3 Cultists","floor":21,"turns":5},{"damage":38,"enemies":"Book of Stabbing","floor":24,"turns":10},{"damage":24,"enemies":"Cultist and Chosen","floor":28,"turns":5},{"damage":0,"enemies":"Centurion and Healer","floor":31,"turns":6},{"damage":21,"enemies":"Automaton","floor":33,"turns":13},{"damage":0,"enemies":"Orb Walker","floor":35,"turns":7},{"damage":8,"enemies":"3 Darklings","floor":36,"turns":3},{"damage":11,"enemies":"Sphere and 2 Shapes","floor":38,"turns":5},{"damage":10,"enemies":"Spire Growth","floor":39,"turns":6},{"damage":0,"enemies":"Giant Head","floor":40,"turns":11},{"damage":0,"enemies":"Maw","floor":42,"turns":8},{"damage":12,"enemies":"Writhing Mass","floor":48,"turns":7},{"damage":15,"enemies":"Time Eater","floor":50,"turns":20},{"damage":51,"enemies":"Shield and Spear","floor":54,"turns":6},{"damage":27,"enemies":"The Heart","floor":55,"turns":2}],"seed_played":"2455425481907965499","potions_obtained":[{"floor":0,"key":"Fruit Juice"},{"floor":0,"key":"LiquidBronze"},{"floor":0,"key":"Poison Potion"},{"floor":10,"key":"SpeedPotion"},{"floor":21,"key":"Fire Potion"},{"floor":31,"key":"Regen Potion"},{"floor":33,"key":"Dexterity Potion"},{"floor":38,"key":"Dexterity Potion"},{"floor":39,"key":"Ancient Potion"},{"floor":48,"key":"Energy Potion"}],"is_trial":false,"path_per_floor":["M","$","M","?","M","R","E","R","T","E","R","?","M","M","R","B",null,"M","M","$","M","?","R","E","R","T","R","M","?","T","M","R","B",null,"M","M","?","M","M","E","R","M","T","$","R","?","R","M","R","B",null,"R","$","E","B"],"character_chosen":"DEFECT","items_purchased":["Cold Snap","PowerPotion","Electrodynamics+1","Leap+1","Runic Capacitor"],"campfire_rested":7,"item_purchase_floors":[2,2,20,20,44],"current_hp_per_floor":[68,68,60,53,53,53,26,48,48,33,33,33,28,21,21,21,62,53,29,29,19,19,41,5,27,27,49,27,27,27,29,51,47,69,71,65,54,45,37,39,61,63,63,63,63,63,63,53,75,61,72,72,72,23,0],"gold":76,"neow_bonus":"THREE_SMALL_POTIONS","is_prod":false,"is_daily":false,"chose_seed":false,"campfire_upgraded":5,"win_rate":0,"timestamp":1548649992,"path_taken":["M","?","M","?","M","R","E","R","T","E","R","?","M","M","R","BOSS","M","M","$","M","?","R","E","R","T","R","M","?","?","?","R","BOSS","M","M","?","?","M","E","R","M","T","$","R","?","R","M","R","BOSS","R","$","E","BOSS"],"build_version":"2019-01-23","purchased_purges":0,"victory":false,"max_hp_per_floor":[76,76,76,76,76,76,76,76,76,76,76,76,76,76,76,76,76,76,76,76,76,76,76,76,76,76,76,76,76,76,76,76,76,76,76,76,76,76,76,76,76,76,76,76,76,76,76,76,76,76,76,76,76,76,76],"card_choices":[{"not_picked":["Undo","Gash"],"picked":"Barrage","floor":1},{"not_picked":["Capacitor","BootSequence"],"picked":"Streamline","floor":3},{"not_picked":["Go for the Eyes","Stack"],"picked":"Coolheaded","floor":5},{"not_picked":["Compile Driver","Turbo"],"picked":"Buffer","floor":7},{"not_picked":["FTL","Beam Cell"],"picked":"Loop+1","floor":10},{"not_picked":["Stack+1","Turbo+1","Beam Cell"],"picked":"SKIP","floor":13},{"not_picked":["Stack+1","Turbo+1","Beam Cell"],"picked":"SKIP","floor":13},{"not_picked":["Steam Power+1","Scrape","Sweeping Beam"],"picked":"SKIP","floor":14},{"not_picked":["Core Surge","Buffer+1"],"picked":"Creative AI+1","floor":16},{"not_picked":["Recycle+1","Stack+1"],"picked":"Consume+1","floor":18},{"not_picked":["Gash","Ball Lightning+1","Streamline"],"picked":"SKIP","floor":19},{"not_picked":["Steam+1","Steam Power+1"],"picked":"Hologram+1","floor":21},{"not_picked":["Turbo+1","Machine Learning+1","Leap+1"],"picked":"SKIP","floor":24},{"not_picked":["Barrage","Cold Snap","Turbo+1"],"picked":"SKIP","floor":28},{"not_picked":["Beam Cell","Redo+1"],"picked":"Capacitor+1","floor":31},{"not_picked":["Static Discharge+1","Streamline","Rip and Tear"],"picked":"SKIP","floor":35},{"not_picked":["Barrage+1","Go for the Eyes","Beam Cell"],"picked":"SKIP","floor":36},{"not_picked":["Compile Driver","Go for the Eyes","Turbo+1"],"picked":"SKIP","floor":38},{"not_picked":["Reprogram+1","Stack+1","Beam Cell"],"picked":"SKIP","floor":39},{"not_picked":["Loop+1","Double Energy+1","Lockon"],"picked":"SKIP","floor":40},{"not_picked":["Coolheaded+1","Compile Driver"],"picked":"Hologram+1","floor":42},{"not_picked":["Cold Snap","Conserve Battery+1","Sunder"],"picked":"SKIP","floor":48},{"not_picked":["Steam+1","Redo+1"],"picked":"Creative AI+1","floor":54}],"player_experience":513120,"relics_obtained":[{"floor":7,"key":"Frozen Egg 2"},{"floor":9,"key":"Blood Vial"},{"floor":10,"key":"Toxic Egg 2"},{"floor":24,"key":"Cables"},{"floor":26,"key":"Letter Opener"},{"floor":30,"key":"Art of War"},{"floor":40,"key":"Omamori"},{"floor":54,"key":"Bronze Scales"}],"event_choices":[{"cards_removed":["Strike_B"],"damage_healed":0,"gold_gain":0,"player_choice":"Card Removal","damage_taken":7,"max_hp_gain":0,"max_hp_loss":0,"event_name":"Golden Wing","floor":4,"gold_loss":0},{"damage_healed":0,"gold_gain":0,"player_choice":"Ignored","damage_taken":0,"max_hp_gain":0,"max_hp_loss":0,"event_name":"Liars Game","floor":12,"gold_loss":0},{"damage_healed":0,"gold_gain":0,"player_choice":"Paid Fearfully","damage_taken":0,"max_hp_gain":0,"max_hp_loss":0,"event_name":"Masked Bandits","floor":22,"gold_loss":15},{"damage_healed":0,"gold_gain":0,"player_choice":"Simplicity","damage_taken":0,"max_hp_gain":0,"max_hp_loss":0,"event_name":"Back to Basics","floor":29,"gold_loss":0,"cards_upgraded":["Strike_B","Strike_B","Strike_B","Defend_B","Defend_B","Defend_B","Defend_B"]},{"damage_healed":0,"gold_gain":0,"player_choice":"Damaged","damage_taken":11,"max_hp_gain":0,"max_hp_loss":0,"event_name":"Wheel of Change","floor":37,"gold_loss":0},{"cards_removed":["Strike_B"],"damage_healed":0,"gold_gain":0,"player_choice":"Offered Basic","damage_taken":0,"max_hp_gain":0,"max_hp_loss":0,"event_name":"Bonfire Elementals","floor":46,"gold_loss":0}],"is_beta":false,"boss_relics":[{"not_picked":["Black Star","Calling Bell"],"picked":"FrozenCore"},{"not_picked":["Nuclear Battery","Tiny House"],"picked":"Velvet Choker"}],"items_purged_floors":[],"is_endless":false,"potions_floor_spawned":[1,5,10,21,31,33,38,39,48],"killed_by":"The Heart","ascension_level":16}