{"gold_per_floor":[113,123,123,136,5,5,31,50,50,50,50,60,60,60,60,137,137,150,150,150,167,82,82,100,100,100,10,26,44,44,62,62,141,141,158,58,58,68,68,68,101,101,156,156,167,195,207,42,42,42],"floor_reached":51,"playtime":1750,"items_purged":["Strike_B","Strike_B","Defend_B"],"score":1376,"play_id":"8da8ef00-46fd-4e57-b721-5bc87a59c83d","local_time":"20181110134137","is_ascension_mode":true,"campfire_choices":[{"data":"Dualcast","floor":6,"key":"SMITH"},{"data":"Chill","floor":10,"key":"SMITH"},{"data":"Creative AI","floor":13,"key":"SMITH"},{"floor":15,"key":"REST"},{"data":"Reboot","floor":23,"key":"SMITH"},{"data":"Machine Learning","floor":25,"key":"SMITH"},{"data":"Defragment","floor":30,"key":"SMITH"},{"data":"Coolheaded","floor":32,"key":"SMITH"},{"floor":40,"key":"REST"},{"data":"Storm","floor":42,"key":"SMITH"},{"data":"Fission","floor":44,"key":"SMITH"},{"floor":49,"key":"REST"}],"neow_cost":"NONE","seed_source_timestamp":69488699059430,"circlet_count":0,"master_deck":["AscendersBane","Defend_B","Defend_B","Defend_B","Zap+1","Dualcast+1","Defragment+1","Coolheaded+1","Ball Lightning","Creative AI+1","Chill+1","Coolheaded","Reboot+1","Turbo","Machine Learning+1","Ghostly","Ghostly","Ghostly","Blizzard","Defragment+1","Self Repair","Fission+1","Glacier","Defragment+1","Storm+1","Pain","Capacitor","Conserve Battery","Heatsinks"],"relics":["FrozenCore","Strawberry","PreservedInsect","Symbiotic Virus","Blue Candle","Cursed Key","Orichalcum","Pen Nib","Ancient Tea Set"],"potions_floor_usage":[4,16,16,18,29,29,29,35,47,50,50],"damage_taken":[{"damage":10,"enemies":"2 Louse","floor":1,"turns":2},{"damage":0,"enemies":"Cultist","floor":2,"turns":3},{"damage":5,"enemies":"Small Slimes","floor":4,"turns":2},{"damage":21,"enemies":"3 Sentries","floor":7,"turns":6},{"damage":0,"enemies":"Exordium Wildlife","floor":8,"turns":3},{"damage":12,"enemies":"Red Slaver","floor":12,"turns":4},{"damage":30,"enemies":"The Guardian","floor":16,"turns":9},{"damage":16,"enemies":"3 Byrds","floor":18,"turns":7},{"damage":0,"enemies":"Spheric Guardian","floor":21,"turns":6},{"damage":17,"enemies":"Snake Plant","floor":24,"turns":4},{"damage":3,"enemies":"Centurion and Healer","floor":28,"turns":4},{"damage":0,"enemies":"Cultist and Chosen","floor":29,"turns":5},{"damage":0,"enemies":"Shelled Parasite and Fungi","floor":31,"turns":10},{"damage":12,"enemies":"Champ","floor":33,"turns":11},{"damage":34,"enemies":"Orb Walker","floor":35,"turns":7},{"damage":2,"enemies":"3 Darklings","floor":38,"turns":4},{"damage":8,"enemies":"Giant Head","floor":41,"turns":10},{"damage":3,"enemies":"4 Shapes","floor":45,"turns":5},{"damage":1,"enemies":"Nemesis","floor":46,"turns":7},{"damage":28,"enemies":"Transient","floor":47,"turns":6},{"damage":10,"enemies":"Donu and Deca","floor":50,"turns":9}],"seed_played":"4169705520022548471","potions_obtained":[{"floor":1,"key":"Fire Potion"},{"floor":4,"key":"FearPotion"},{"floor":7,"key":"FocusPotion"},{"floor":16,"key":"Weak Potion"},{"floor":18,"key":"Fire Potion"},{"floor":24,"key":"PowerPotion"},{"floor":29,"key":"Fruit Juice"},{"floor":33,"key":"Poison Potion"},{"floor":38,"key":"FearPotion"},{"floor":41,"key":"SpeedPotion"},{"floor":47,"key":"Dexterity Potion"}],"is_trial":false,"path_per_floor":["M","M","?","M","$","R","E","M","T","R","?","M","R","$","R","B",null,"M","?","?","M","?","R","M","R","T","$","M","M","R","M","R","B",null,"M","$","?","M","$","R","E","R","T","R","M","E","M","$","R","B",null],"character_chosen":"DEFECT","items_purchased":["Ball Lightning","Blizzard","Heatsinks"],"campfire_rested":3,"item_purchase_floors":[5,27,48],"current_hp_per_floor":[54,54,54,49,49,49,35,35,35,35,35,23,23,23,46,16,63,47,47,39,39,39,39,22,22,22,22,19,24,24,31,31,26,40,13,13,13,18,18,31,30,30,30,30,34,40,19,19,32,29],"gold":42,"neow_bonus":"UPGRADE_CARD","is_prod":false,"is_daily":false,"chose_seed":false,"campfire_upgraded":9,"win_rate":0,"timestamp":1541857297,"path_taken":["M","M","?","M","$","R","E","?","T","R","?","M","R","$","R","BOSS","M","?","?","M","?","R","M","R","T","$","M","?","R","M","R","BOSS","M","$","?","M","$","R","E","R","T","R","M","E","M","$","R","BOSS"],"build_version":"2018-11-08","purchased_purges":3,"victory":true,"max_hp_per_floor":[71,71,71,71,71,71,78,78,78,78,78,78,78,78,78,78,78,78,78,39,39,39,39,39,39,39,39,39,44,44,44,44,44,44,44,44,44,44,44,44,44,44,44,44,44,44,44,44,44,44],"card_choices":[{"not_picked":["Auto Shields","Hello World"],"picked":"Defragment","floor":1},{"not_picked":["Sweeping Beam","Static Discharge"],"picked":"Coolheaded","floor":2},{"not_picked":["Leap","Double Energy","Beam Cell"],"picked":"SKIP","floor":4},{"not_picked":["Tempest","Go for the Eyes"],"picked":"Creative AI","floor":7},{"not_picked":["Sweeping Beam","Beam Cell"],"picked":"Chill","floor":8},{"not_picked":["Turbo","Gash"],"picked":"Coolheaded","floor":12},{"not_picked":["Creative AI","Machine Learning"],"picked":"Reboot","floor":16},{"not_picked":["Beam Cell+1","Gash","Go for the Eyes"],"picked":"SKIP","floor":18},{"not_picked":["Double Energy","Leap","Hologram+1"],"picked":"SKIP","floor":21},{"not_picked":["Coolheaded","Barrage","Consume+1"],"picked":"SKIP","floor":24},{"not_picked":["Coolheaded","Rebound+1"],"picked":"Defragment","floor":28},{"not_picked":["Self Repair","Sweeping Beam","Rebound"],"picked":"SKIP","floor":29},{"not_picked":["Sweeping Beam","Rebound"],"picked":"Self Repair","floor":29},{"not_picked":["Compile Driver","Auto Shields","Hologram+1"],"picked":"SKIP","floor":31},{"not_picked":["Machine Learning","Hyperbeam"],"picked":"Fission","floor":33},{"not_picked":["Ball Lightning","Steam"],"picked":"Glacier","floor":35},{"not_picked":["Leap","Sweeping Beam"],"picked":"Defragment+1","floor":38},{"not_picked":["Barrage+1","Hyperbeam"],"picked":"Storm","floor":41},{"not_picked":["Coolheaded","Steam"],"picked":"Capacitor","floor":45},{"not_picked":["Hello World","Steam","Barrage"],"picked":"SKIP","floor":46},{"not_picked":["Static Discharge","Hologram+1"],"picked":"Conserve Battery","floor":47}],"player_experience":139343,"relics_obtained":[{"floor":7,"key":"Strawberry"},{"floor":9,"key":"PreservedInsect"},{"floor":26,"key":"Blue Candle"},{"floor":41,"key":"Orichalcum"},{"floor":43,"key":"Pen Nib"},{"floor":46,"key":"Ancient Tea Set"}],"event_choices":[{"damage_healed":0,"gold_gain":0,"player_choice":"Forge","damage_taken":0,"max_hp_gain":0,"max_hp_loss":0,"event_name":"Accursed Blacksmith","floor":3,"gold_loss":0,"cards_upgraded":["Defragment"]},{"damage_healed":0,"gold_gain":0,"player_choice":"Fled","damage_taken":0,"max_hp_gain":0,"max_hp_loss":0,"event_name":"Scrap Ooze","floor":11,"gold_loss":0},{"damage_healed":0,"gold_gain":0,"cards_transformed":["Strike_B","Strike_B"],"player_choice":"Became Test Subject","damage_taken":0,"max_hp_gain":0,"max_hp_loss":0,"event_name":"Drug Dealer","floor":19,"gold_loss":0,"cards_obtained":["Turbo","Machine Learning"]},{"damage_healed":0,"gold_gain":0,"player_choice":"Became a Ghost","damage_taken":0,"max_hp_gain":0,"max_hp_loss":39,"event_name":"Ghosts","floor":20,"gold_loss":0,"cards_obtained":["Ghostly","Ghostly","Ghostly"]},{"damage_healed":0,"gold_gain":0,"player_choice":"Obtained Relic","damage_taken":0,"relics_obtained":["Symbiotic Virus"],"max_hp_gain":0,"max_hp_loss":0,"event_name":"Addict","floor":22,"gold_loss":85},{"damage_healed":0,"gold_gain":0,"player_choice":"Ignored","damage_taken":0,"max_hp_gain":0,"max_hp_loss":0,"event_name":"The Moai Head","floor":37,"gold_loss":0}],"is_beta":false,"boss_relics":[{"not_picked":["Empty Cage","Lizard Tail"],"picked":"FrozenCore"},{"not_picked":["Philosopher\u0027s Stone","Snecko Eye"],"picked":"Cursed Key"}],"items_purged_floors":[5,36,48],"is_endless":false,"potions_floor_spawned":[1,4,7,16,18,24,29,33,38,41,47],"ascension_level":19}