{"gold_per_floor":[19,33,53,69,79,79,109,109,109,109,127,127,127,145,145,249,249,262,272,283,307,62,62,62,62,86,86,86,116,10,10,10,109,109,127,1126,1126,1140,450,450,460,28,28,46,46,62,62,89,89,89],"floor_reached":50,"playtime":3831,"items_purged":["Normality","Normality"],"score":859,"play_id":"f699c5be-f960-41ee-b169-b0f370a52ed8","local_time":"20181029020834","is_ascension_mode":true,"campfire_choices":[{"data":"Poisoned Stab","floor":6,"key":"SMITH"},{"floor":8,"key":"REST"},{"data":"Deadly Poison","floor":10,"key":"SMITH"},{"data":"Bane","floor":12,"key":"SMITH"},{"data":"Well Laid Plans","floor":15,"key":"SMITH"},{"floor":23,"key":"REST"},{"data":"Footwork","floor":25,"key":"SMITH"},{"data":"Tools of the Trade","floor":28,"key":"SMITH"},{"data":"Noxious Fumes","floor":32,"key":"SMITH"},{"data":"Bane","floor":40,"key":"SMITH"},{"floor":45,"key":"REST"},{"data":"Footwork","floor":47,"key":"SMITH"},{"data":"Crippling Poison","floor":49,"key":"SMITH"}],"neow_cost":"NO_GOLD","seed_source_timestamp":105448605901235,"circlet_count":0,"master_deck":["Defend_G","Defend_G","Defend_G","Defend_G","Defend_G","Strike_G","Strike_G","Strike_G","Strike_G","Strike_G","Survivor","Neutralize","AscendersBane","Well Laid Plans+1","Bane+1","Poisoned Stab+1","Dagger Throw","Deadly Poison+1","Adrenaline","Predator","Tools of the Trade+1","Prepared+1","Blur","Flying Knee","Footwork+1","PiercingWail","Ghostly","Ghostly","Ghostly","Ghostly","Ghostly","Bane+1","Noxious Fumes+1","Bane","Bullet Time","Deadly Poison","Decay","Sadistic Nature","Leg Sweep+1","Footwork+1","Glass Knife","Poisoned Stab","Dodge and Roll","Dash","Crippling Poison+1"],"relics":["Ring of the Snake","Nunchaku","Pear","Philosopher\u0027s Stone","Snake Skull","Regal Pillow","Vajra","Ancient Tea Set","Sozu","Lee\u0027s Waffle","Matryoshka","Kunai","Question Card","Happy Flower"],"potions_floor_usage":[7,7,13,16,33,33],"damage_taken":[{"damage":7,"enemies":"Small Slimes","floor":1,"turns":4},{"damage":5,"enemies":"Cultist","floor":2,"turns":5},{"damage":2,"enemies":"Jaw Worm","floor":3,"turns":6},{"damage":4,"enemies":"Red Slaver","floor":4,"turns":5},{"damage":4,"enemies":"Blue Slaver","floor":5,"turns":3},{"damage":22,"enemies":"3 Sentries","floor":7,"turns":11},{"damage":4,"enemies":"Looter","floor":11,"turns":3},{"damage":0,"enemies":"2 Fungi Beasts","floor":14,"turns":3},{"damage":24,"enemies":"The Guardian","floor":16,"turns":9},{"damage":23,"enemies":"Spheric Guardian","floor":18,"turns":4},{"damage":20,"enemies":"3 Byrds","floor":19,"turns":5},{"damage":22,"enemies":"Centurion and Healer","floor":20,"turns":5},{"damage":7,"enemies":"Book of Stabbing","floor":29,"turns":6},{"damage":34,"enemies":"Champ","floor":33,"turns":11},{"damage":2,"enemies":"Orb Walker","floor":35,"turns":4},{"damage":15,"enemies":"3 Shapes","floor":38,"turns":7},{"damage":3,"enemies":"Writhing Mass","floor":41,"turns":7},{"damage":26,"enemies":"Sphere and 2 Shapes","floor":44,"turns":9},{"damage":0,"enemies":"Maw","floor":46,"turns":9},{"damage":6,"enemies":"Reptomancer","floor":48,"turns":6},{"damage":55,"enemies":"Time Eater","floor":50,"turns":5}],"seed_played":"-4814674649494683764","potions_obtained":[{"floor":1,"key":"EssenceOfSteel"},{"floor":2,"key":"EssenceOfSteel"},{"floor":13,"key":"Fruit Juice"},{"floor":13,"key":"FairyPotion"},{"floor":13,"key":"GamblersBrew"},{"floor":16,"key":"SpeedPotion"},{"floor":18,"key":"Swift Potion"},{"floor":29,"key":"LiquidBronze"}],"is_trial":false,"path_per_floor":["M","M","M","M","M","R","E","R","T","R","M","R","?","M","R","B",null,"M","M","M","T","$","R","?","R","T","?","R","E","$","?","R","B",null,"M","?","?","M","$","R","M","$","T","M","R","M","R","E","R"],"character_chosen":"THE_SILENT","items_purchased":["Footwork","Regal Pillow","PiercingWail","Noxious Fumes","Bane","Lee\u0027s Waffle","Matryoshka","Sadistic Nature","Footwork","Glass Knife","Poisoned Stab","Dodge and Roll"],"campfire_rested":3,"item_purchase_floors":[22,22,22,30,30,39,39,39,42,42,42,42],"current_hp_per_floor":[70,65,63,59,55,55,33,58,68,68,64,64,69,69,69,45,86,63,43,21,21,21,65,65,65,65,49,49,42,42,42,42,8,39,37,37,37,22,56,56,53,53,53,27,56,56,56,50,50,0],"gold":89,"neow_bonus":"TWENTY_PERCENT_HP_BONUS","is_prod":false,"is_daily":false,"chose_seed":false,"campfire_upgraded":10,"win_rate":0,"timestamp":1540796914,"path_taken":["M","M","M","M","M","R","E","R","T","R","M","R","?","M","R","BOSS","M","M","M","?","$","R","?","R","T","?","R","E","$","?","R","BOSS","M","?","?","M","$","R","M","$","T","M","R","?","R","E","R","BOSS"],"build_version":"2018-10-25v2","purchased_purges":2,"victory":false,"max_hp_per_floor":[84,84,84,84,84,84,84,84,94,94,94,94,99,99,99,99,99,99,99,99,99,99,99,99,99,99,49,49,49,49,49,49,49,49,49,49,49,49,56,56,56,56,56,56,56,56,56,56,56,56],"card_choices":[{"not_picked":["Prepared","Masterful Stab"],"picked":"Well Laid Plans","floor":1},{"not_picked":["Outmaneuver","Heel Hook"],"picked":"Bane","floor":2},{"not_picked":["Acrobatics","Cloak And Dagger"],"picked":"Poisoned Stab","floor":3},{"not_picked":["Prepared","Masterful Stab"],"picked":"Dagger Throw","floor":4},{"not_picked":["Caltrops","Escape Plan"],"picked":"Deadly Poison","floor":5},{"not_picked":["Flying Knee","Poisoned Stab"],"picked":"Adrenaline","floor":7},{"not_picked":["Flechettes","Setup"],"picked":"Predator","floor":11},{"not_picked":["Prepared","Blade Dance","Cloak And Dagger"],"picked":"SKIP","floor":14},{"not_picked":["Doppelganger","Phantasmal Killer"],"picked":"Tools of the Trade","floor":16},{"not_picked":["Dagger Throw","Terror"],"picked":"Prepared+1","floor":18},{"not_picked":["Poisoned Stab","Acrobatics"],"picked":"Blur","floor":19},{"not_picked":["Acrobatics","Sucker Punch"],"picked":"Flying Knee","floor":20},{"not_picked":["Blade Dance","Well Laid Plans"],"picked":"Bane","floor":29},{"not_picked":["Phantasmal Killer","Tools of the Trade"],"picked":"Bullet Time","floor":33},{"not_picked":["Blade Dance","Tactician"],"picked":"Deadly Poison","floor":35},{"not_picked":["Blade Dance+1","Calculated Gamble","Cloak And Dagger"],"picked":"SKIP","floor":38},{"not_picked":["Blur+1","Dagger Throw"],"picked":"Leg Sweep+1","floor":41},{"not_picked":["Masterful Stab+1","Flying Knee","Blur+1"],"picked":"Dash","floor":44},{"not_picked":["Blur","Heel Hook","Flying Knee"],"picked":"Crippling Poison","floor":46},{"not_picked":["Bane","Distraction","After Image","Prepared"],"picked":"SKIP","floor":48}],"player_experience":425504,"relics_obtained":[{"floor":7,"key":"Nunchaku"},{"floor":9,"key":"Pear"},{"floor":21,"key":"Snake Skull"},{"floor":26,"key":"Vajra"},{"floor":29,"key":"Ancient Tea Set"},{"floor":43,"key":"Kunai"},{"floor":43,"key":"Question Card"},{"floor":48,"key":"Happy Flower"}],"event_choices":[{"damage_healed":0,"gold_gain":0,"player_choice":"Got Potions","damage_taken":0,"max_hp_gain":0,"max_hp_loss":0,"event_name":"The Lab","floor":13,"gold_loss":0},{"damage_healed":0,"gold_gain":0,"player_choice":"Became a Ghost","damage_taken":0,"max_hp_gain":0,"max_hp_loss":50,"event_name":"Ghosts","floor":27,"gold_loss":0,"cards_obtained":["Ghostly","Ghostly","Ghostly","Ghostly","Ghostly"]},{"damage_healed":0,"gold_gain":0,"player_choice":"Ignored","damage_taken":0,"max_hp_gain":0,"max_hp_loss":0,"event_name":"Beggar","floor":31,"gold_loss":0},{"damage_healed":0,"gold_gain":999,"player_choice":"Gold","damage_taken":0,"max_hp_gain":0,"max_hp_loss":0,"event_name":"MindBloom","floor":36,"gold_loss":0,"cards_obtained":["Normality","Normality"]},{"damage_healed":0,"gold_gain":0,"player_choice":"Cursed","damage_taken":0,"max_hp_gain":0,"max_hp_loss":0,"event_name":"Wheel of Change","floor":37,"gold_loss":0,"cards_obtained":["Decay"]}],"is_beta":false,"boss_relics":[{"not_picked":["Snecko Eye","Pandora\u0027s Box"],"picked":"Philosopher\u0027s Stone"},{"not_picked":["Astrolabe","WristBlade"],"picked":"Sozu"}],"items_purged_floors":[39,42],"is_endless":false,"potions_floor_spawned":[1,2,16,18,20,29,35,38,48],"killed_by":"Time Eater","ascension_level":12}