{"gold_per_floor":[144,74,119,119,164,164,209,209,209,254,299,344,344,434,434,734,734,779,824,281,326,326,326,371,371,396,486,531,576,621,621,621,921,921,921,966,966,110,155,155,200,245,245,335,295,295,295,340,340,340],"floor_reached":51,"playtime":4164,"items_purged":[],"score":807,"play_id":"86d59e5a-133f-4385-99cb-4b7104099569","local_time":"20181222010441","daily_mods":["Draft","Uncertain Future","Midas"],"is_ascension_mode":false,"campfire_choices":[{"floor":6,"key":"REST"},{"floor":8,"key":"REST"},{"floor":15,"key":"REST"},{"floor":23,"key":"REST"},{"floor":25,"key":"REST"},{"floor":32,"key":"REST"},{"floor":40,"key":"REST"},{"floor":47,"key":"REST"},{"floor":49,"key":"REST"}],"neow_cost":"","seed_source_timestamp":0,"circlet_count":0,"master_deck":["Iron Wave","Iron Wave","Iron Wave","True Grit","Disarm","Pommel Strike","Entrench","Thunderclap","Headbutt","Rampage","Feel No Pain","Shockwave","Armaments+1","Sever Soul","Feel No Pain","Armaments","Pommel Strike","Ghostly Armor","Ghostly Armor","Bludgeon","Juggernaut","Corruption","Sever Soul","Sever Soul","Pommel Strike+1","Feel No Pain+1","Flame Barrier+1","Armaments","Barricade","Body Slam+1","Entrench","Iron Wave+1","Second Wind+1","True Grit","Shrug It Off+1","Chrysalis+1","Clothesline","Blood for Blood","Dark Embrace","Searing Blow","Entrench+1","Dark Embrace"],"special_seed":17887,"relics":["Burning Blood","Paper Frog","Torii","Snecko Eye","Pear","Red Skull","Oddly Smooth Stone","Meat on the Bone","Unceasing Top","Orrery","Toxic Egg 2","ClockworkSouvenir","Ancient Tea Set","Question Card","Juzu Bracelet","Kunai"],"potions_floor_usage":[13,16,16,33,35,50,50,50],"damage_taken":[{"damage":0,"enemies":"Small Slimes","floor":1,"turns":3},{"damage":0,"enemies":"Cultist","floor":3,"turns":4},{"damage":0,"enemies":"Jaw Worm","floor":5,"turns":4},{"damage":0,"enemies":"Red Slaver","floor":7,"turns":3},{"damage":3,"enemies":"Exordium Thugs","floor":10,"turns":5},{"damage":10,"enemies":"Large Slime","floor":11,"turns":7},{"damage":0,"enemies":"Red Slaver","floor":12,"turns":5},{"damage":0,"enemies":"Exordium Thugs","floor":13,"turns":6},{"damage":29,"enemies":"Gremlin Nob","floor":14,"turns":5},{"damage":17,"enemies":"Hexaghost","floor":16,"turns":15},{"damage":0,"enemies":"Spheric Guardian","floor":18,"turns":4},{"damage":1,"enemies":"Chosen","floor":19,"turns":4},{"damage":2,"enemies":"Snake Plant","floor":21,"turns":4},{"damage":0,"enemies":"3 Cultists","floor":24,"turns":4},{"damage":0,"enemies":"Book of Stabbing","floor":27,"turns":3},{"damage":1,"enemies":"Chosen and Byrds","floor":28,"turns":5},{"damage":0,"enemies":"Centurion and Healer","floor":29,"turns":3},{"damage":1,"enemies":"Shelled Parasite and Fungi","floor":30,"turns":4},{"damage":49,"enemies":"Collector","floor":33,"turns":11},{"damage":1,"enemies":"3 Darklings","floor":35,"turns":2},{"damage":0,"enemies":"Orb Walker","floor":36,"turns":4},{"damage":0,"enemies":"Sphere and 2 Shapes","floor":39,"turns":4},{"damage":0,"enemies":"4 Shapes","floor":41,"turns":6},{"damage":0,"enemies":"3 Darklings","floor":42,"turns":4},{"damage":0,"enemies":"Reptomancer","floor":44,"turns":7},{"damage":1,"enemies":"Sphere and 2 Shapes","floor":48,"turns":3},{"damage":18,"enemies":"Time Eater","floor":50,"turns":7}],"seed_played":"8592770132625514496","potions_obtained":[{"floor":5,"key":"SmokeBomb"},{"floor":7,"key":"SkillPotion"},{"floor":11,"key":"SkillPotion"},{"floor":12,"key":"Dexterity Potion"},{"floor":13,"key":"Dexterity Potion"},{"floor":16,"key":"FearPotion"},{"floor":18,"key":"Poison Potion"},{"floor":36,"key":"Energy Potion"},{"floor":41,"key":"GamblersBrew"},{"floor":45,"key":"Strength Potion"}],"is_trial":false,"path_per_floor":["M","$","M","?","M","R","M","R","T","M","M","M","M","E","R","B",null,"M","M","$","M","?","R","M","R","T","E","M","M","M","T","R","B",null,"M","M","?","$","M","R","M","M","T","E","?","T","R","M","R","B",null],"character_chosen":"IRONCLAD","items_purchased":["Feel No Pain","Corruption","Sever Soul","Pear","Red Skull","Toxic Egg 2","ClockworkSouvenir","Chrysalis+1","Ancient Tea Set","Clothesline","Blood for Blood"],"campfire_rested":9,"item_purchase_floors":[2,20,20,20,20,38,38,38,38,38,38],"current_hp_per_floor":[80,80,80,80,80,80,80,80,80,80,76,80,80,57,80,69,80,80,80,90,90,90,90,90,90,90,90,90,90,90,90,90,59,90,90,90,90,90,90,90,90,90,90,90,90,90,90,90,90,78],"gold":340,"neow_bonus":"","is_prod":false,"is_daily":true,"chose_seed":false,"campfire_upgraded":0,"win_rate":0,"timestamp":1545462281,"path_taken":["M","$","M","?","M","R","?","R","T","M","M","?","M","E","R","BOSS","M","M","$","M","?","R","M","R","T","E","?","M","M","?","R","BOSS","M","M","?","$","M","R","M","M","T","E","?","?","R","M","R","BOSS"],"build_version":"2018-12-20","purchased_purges":0,"victory":true,"max_hp_per_floor":[80,80,80,80,80,80,80,80,80,80,80,80,80,80,80,80,80,80,80,90,90,90,90,90,90,90,90,90,90,90,90,90,90,90,90,90,90,90,90,90,90,90,90,90,90,90,90,90,90,90],"card_choices":[{"not_picked":["Wild Strike","Havoc"],"picked":"Iron Wave","floor":0},{"not_picked":["Shrug It Off","Clothesline"],"picked":"Iron Wave","floor":0},{"not_picked":["Cleave","Pommel Strike"],"picked":"Iron Wave","floor":0},{"not_picked":["Flex","Evolve"],"picked":"True Grit","floor":0},{"not_picked":["Headbutt","Spot Weakness"],"picked":"Disarm","floor":0},{"not_picked":["Clothesline","Dropkick"],"picked":"Pommel Strike","floor":0},{"not_picked":["Flex","Carnage"],"picked":"Entrench","floor":0},{"not_picked":["Spot Weakness","True Grit"],"picked":"Thunderclap","floor":0},{"not_picked":["Evolve","Power Through"],"picked":"Headbutt","floor":0},{"not_picked":["Iron Wave","Body Slam"],"picked":"Rampage","floor":0},{"not_picked":["Combust","Anger"],"picked":"Feel No Pain","floor":0},{"not_picked":["Thunderclap","Perfected Strike"],"picked":"Shockwave","floor":0},{"not_picked":["Headbutt","Flex"],"picked":"Shrug It Off","floor":0},{"not_picked":["Dual Wield","Blood for Blood"],"picked":"Armaments","floor":0},{"not_picked":["Rupture","Heavy Blade"],"picked":"Sword Boomerang","floor":0},{"not_picked":["Armaments","Wild Strike"],"picked":"Sever Soul","floor":1},{"not_picked":["Intimidate","Shrug It Off"],"picked":"Armaments","floor":3},{"not_picked":["True Grit","Metallicize"],"picked":"Pommel Strike","floor":5},{"not_picked":["Perfected Strike","Warcry","Rage"],"picked":"SKIP","floor":7},{"not_picked":["Exhume","True Grit","Pommel Strike"],"picked":"SKIP","floor":10},{"not_picked":["Perfected Strike","Whirlwind"],"picked":"Ghostly Armor","floor":11},{"not_picked":["Searing Blow","Twin Strike","Metallicize"],"picked":"SKIP","floor":12},{"not_picked":["Rage","Havoc"],"picked":"Ghostly Armor","floor":13},{"not_picked":["Warcry","Headbutt"],"picked":"Bludgeon","floor":14},{"not_picked":["Double Tap","Fiend Fire"],"picked":"Juggernaut","floor":16},{"not_picked":["Second Wind+1","Rampage","Cleave"],"picked":"SKIP","floor":18},{"not_picked":["Pommel Strike","Headbutt","Power Through"],"picked":"SKIP","floor":19},{"not_picked":["Sword Boomerang","Spot Weakness"],"picked":"Sever Soul","floor":21},{"not_picked":["Wild Strike+1","Hemokinesis+1"],"picked":"Pommel Strike+1","floor":24},{"not_picked":["Hemokinesis+1","True Grit+1"],"picked":"Feel No Pain+1","floor":27},{"not_picked":["Spot Weakness","Dual Wield"],"picked":"Flame Barrier+1","floor":28},{"not_picked":["Dropkick","Spot Weakness+1","Rampage+1"],"picked":"SKIP","floor":29},{"not_picked":["Anger+1","Havoc"],"picked":"Armaments","floor":30},{"not_picked":["Double Tap","Fiend Fire"],"picked":"Barricade","floor":33},{"not_picked":["Flame Barrier","Warcry"],"picked":"Body Slam+1","floor":34},{"not_picked":["Anger","Armaments"],"picked":"Entrench","floor":34},{"not_picked":["Pommel Strike","Flex"],"picked":"Iron Wave+1","floor":34},{"not_picked":["Blood for Blood","Exhume"],"picked":"Second Wind+1","floor":34},{"not_picked":["Clash","Wild Strike"],"picked":"True Grit","floor":34},{"not_picked":["Flex","True Grit"],"picked":"Shrug It Off+1","floor":36},{"not_picked":["Inflame","Headbutt"],"picked":"Dark Embrace","floor":39},{"not_picked":["Thunderclap","Headbutt+1"],"picked":"Searing Blow","floor":41},{"not_picked":["Body Slam+1","Pommel Strike"],"picked":"Entrench+1","floor":42},{"not_picked":["Warcry+1","Sever Soul+1","Second Wind+1"],"picked":"Dark Embrace","floor":44},{"not_picked":["Clothesline","Wild Strike","Headbutt","Clash+1"],"picked":"SKIP","floor":48}],"player_experience":454681,"relics_obtained":[{"floor":9,"key":"Paper Frog"},{"floor":14,"key":"Torii"},{"floor":26,"key":"Oddly Smooth Stone"},{"floor":27,"key":"Meat on the Bone"},{"floor":31,"key":"Unceasing Top"},{"floor":43,"key":"Question Card"},{"floor":44,"key":"Juzu Bracelet"},{"floor":46,"key":"Kunai"}],"event_choices":[{"cards_removed":["Sword Boomerang"],"damage_healed":5,"gold_gain":0,"player_choice":"Offered Common","damage_taken":0,"max_hp_gain":0,"max_hp_loss":0,"event_name":"Bonfire Elementals","floor":4,"gold_loss":0},{"cards_removed":["Sword Boomerang"],"damage_healed":5,"gold_gain":0,"player_choice":"Offered Special","damage_taken":0,"max_hp_gain":0,"max_hp_loss":0,"event_name":"Bonfire Elementals","floor":4,"gold_loss":0},{"cards_removed":["Shrug It Off"],"damage_healed":0,"gold_gain":0,"player_choice":"Purged","damage_taken":0,"max_hp_gain":0,"max_hp_loss":0,"event_name":"Purifier","floor":22,"gold_loss":0},{"damage_healed":0,"gold_gain":0,"player_choice":"Forge","damage_taken":0,"max_hp_gain":0,"max_hp_loss":0,"event_name":"Accursed Blacksmith","floor":37,"gold_loss":0,"cards_upgraded":["Armaments"]},{"damage_healed":0,"gold_gain":0,"player_choice":"Bought 3 Potions","damage_taken":0,"max_hp_gain":0,"max_hp_loss":0,"event_name":"The Woman in Blue","floor":45,"gold_loss":0}],"is_beta":false,"boss_relics":[{"not_picked":["Eternal Feather","Runic Dome"],"picked":"Snecko Eye"},{"not_picked":["Philosopher\u0027s Stone","Empty Cage"],"picked":"Orrery"}],"items_purged_floors":[],"is_endless":false,"potions_floor_spawned":[5,7,11,12,13,16,18,28,30,35,36,41],"ascension_level":0}