{"gold_per_floor":[115,115,133,152,165,199,218,218,218,218,143,159,159,159,159,259,259,247,94,94,106,106,131,131,131,131,147,147],"floor_reached":28,"playtime":2309,"items_purged":["Strike_R","Defend_R"],"score":238,"play_id":"09ffd080-a172-4663-b7cf-620a54d366f0","local_time":"20190112185257","is_ascension_mode":false,"campfire_choices":[{"data":"Bash","floor":8,"key":"SMITH"},{"data":"True Grit","floor":10,"key":"SMITH"},{"data":"Flame Barrier","floor":13,"key":"SMITH"},{"data":"Pommel Strike","floor":15,"key":"SMITH"},{"data":"Brutality","floor":25,"key":"SMITH"}],"neow_cost":"","seed_source_timestamp":285624514114100,"circlet_count":0,"master_deck":["Strike_R","Strike_R","Strike_R","Strike_R","Defend_R","Defend_R","Defend_R","Bash+1","Anger","Headbutt","Clothesline+1","True Grit+1","Ghostly Armor","Flame Barrier+1","Pommel Strike+1","Brutality+1","Armaments+1","Shrug It Off","Flex+1","Spot Weakness+1","Decay","Seeing Red"],"relics":["Burning Blood","Self Forming Clay","Pantograph","Philosopher\u0027s Stone","Mummified Hand","Bottled Tornado"],"potions_floor_usage":[12,18,23,23],"damage_taken":[{"damage":1,"enemies":"2 Louse","floor":1,"turns":4},{"damage":0,"enemies":"Cultist","floor":3,"turns":2},{"damage":8,"enemies":"Jaw Worm","floor":4,"turns":3},{"damage":14,"enemies":"Red Slaver","floor":5,"turns":5},{"damage":12,"enemies":"Gremlin Nob","floor":6,"turns":4},{"damage":13,"enemies":"2 Fungi Beasts","floor":7,"turns":4},{"damage":4,"enemies":"Exordium Thugs","floor":12,"turns":5},{"damage":39,"enemies":"The Guardian","floor":16,"turns":13},{"damage":7,"enemies":"2 Thieves","floor":18,"turns":4},{"damage":3,"enemies":"Chosen","floor":21,"turns":4},{"damage":20,"enemies":"Slavers","floor":23,"turns":6},{"damage":31,"enemies":"Shelled Parasite and Fungi","floor":27,"turns":5},{"damage":41,"enemies":"Centurion and Healer","floor":28,"turns":4}],"seed_played":"2187131943446096105","potions_obtained":[{"floor":1,"key":"FearPotion"},{"floor":7,"key":"Explosive Potion"},{"floor":18,"key":"LiquidBronze"},{"floor":21,"key":"Weak Potion"}],"is_trial":false,"path_per_floor":["M","?","M","M","M","E","M","R","T","R","$","M","R","?","R","B",null,"M","$","$","M","$","E","?","R","T","M","M"],"character_chosen":"IRONCLAD","items_purchased":["Shrug It Off"],"campfire_rested":0,"item_purchase_floors":[19],"current_hp_per_floor":[80,80,80,78,70,64,57,57,57,57,57,59,59,59,59,47,80,79,79,79,80,80,66,66,66,66,41,0],"gold":147,"neow_bonus":"","is_prod":false,"is_daily":false,"chose_seed":false,"campfire_upgraded":5,"win_rate":0.0,"timestamp":1547337177,"path_taken":["M","?","M","M","M","E","M","R","T","R","$","?","R","?","R","BOSS","M","?","$","M","$","E","?","R","T","?","M"],"build_version":"2019-01-10","purchased_purges":2,"victory":false,"max_hp_per_floor":[80,80,80,80,80,80,80,80,80,80,80,80,80,80,80,80,80,80,80,80,80,80,80,80,80,80,80,80],"card_choices":[{"not_picked":["Pummel","Twin Strike"],"picked":"Anger","floor":1},{"not_picked":["Anger","Perfected Strike"],"picked":"Headbutt","floor":3},{"not_picked":["Intimidate","Sword Boomerang"],"picked":"Clothesline","floor":4},{"not_picked":["Heavy Blade","Blood for Blood"],"picked":"True Grit","floor":5},{"not_picked":["Blood for Blood","True Grit"],"picked":"Ghostly Armor","floor":6},{"not_picked":["Reckless Charge","Flex"],"picked":"Flame Barrier","floor":7},{"not_picked":["Cleave","Iron Wave"],"picked":"Pommel Strike","floor":12},{"not_picked":["Fiend Fire","Berserk"],"picked":"Brutality","floor":16},{"not_picked":["Twin Strike","Headbutt"],"picked":"Armaments+1","floor":18},{"not_picked":["Seeing Red","Rupture"],"picked":"Flex+1","floor":21},{"not_picked":["Disarm+1","Intimidate"],"picked":"Spot Weakness+1","floor":23},{"not_picked":["Uppercut","Fire Breathing"],"picked":"Seeing Red","floor":27}],"player_experience":0,"relics_obtained":[{"floor":6,"key":"Self Forming Clay"},{"floor":9,"key":"Pantograph"},{"floor":23,"key":"Mummified Hand"},{"floor":26,"key":"Bottled Tornado"}],"event_choices":[{"damage_healed":0,"gold_gain":0,"player_choice":"Ignored","damage_taken":0,"max_hp_gain":0,"max_hp_loss":0,"event_name":"NoteForYourself","floor":2,"gold_loss":0},{"damage_healed":0,"gold_gain":0,"player_choice":"Forge","damage_taken":0,"max_hp_gain":0,"max_hp_loss":0,"event_name":"Accursed Blacksmith","floor":14,"gold_loss":0,"cards_upgraded":["Clothesline"]},{"damage_healed":0,"gold_gain":0,"player_choice":"Cursed","damage_taken":0,"max_hp_gain":0,"max_hp_loss":0,"event_name":"Wheel of Change","floor":24,"gold_loss":0,"cards_obtained":["Decay"]}],"is_beta":false,"boss_relics":[{"not_picked":["Busted Crown","Runic Cube"],"picked":"Philosopher\u0027s Stone"}],"items_purged_floors":[11,19],"is_endless":false,"potions_floor_spawned":[1,7,18,21],"killed_by":"Centurion and Healer","ascension_level":0}