{"gold_per_floor":[115,115,132,152,170,170,204,221,221,232,252,252,287,287,287,287],"floor_reached":16,"playtime":1420,"items_purged":[],"score":131,"play_id":"25a5a161-9b03-4ddb-8b07-f12e5c98abb9","local_time":"20190127211633","is_ascension_mode":true,"campfire_choices":[{"data":"Bash","floor":6,"key":"SMITH"},{"data":"Armaments","floor":12,"key":"SMITH"},{"data":"Metallicize","floor":15,"key":"SMITH"}],"neow_cost":"NONE","seed_source_timestamp":23562049002900,"circlet_count":0,"master_deck":["Strike_R","Strike_R","Strike_R","Strike_R","Strike_R","Defend_R","Defend_R","Defend_R","Defend_R","Bash+1","Headbutt","Metallicize+1","Armaments+1","Spot Weakness","Pommel Strike","Iron Wave","Anger","Shrug It Off","Decay"],"relics":["Burning Blood","Unceasing Top","Meat on the Bone","Gremlin Horn"],"potions_floor_usage":[13,13],"damage_taken":[{"damage":12,"enemies":"Small Slimes","floor":1,"turns":3},{"damage":1,"enemies":"Cultist","floor":3,"turns":4},{"damage":4,"enemies":"Jaw Worm","floor":4,"turns":5},{"damage":25,"enemies":"Gremlin Gang","floor":5,"turns":6},{"damage":19,"enemies":"3 Sentries","floor":7,"turns":9},{"damage":2,"enemies":"Exordium Thugs","floor":8,"turns":4},{"damage":9,"enemies":"3 Louse","floor":10,"turns":4},{"damage":0,"enemies":"2 Fungi Beasts","floor":11,"turns":3},{"damage":28,"enemies":"Lagavulin","floor":13,"turns":9},{"damage":58,"enemies":"Slime Boss","floor":16,"turns":6}],"seed_played":"1532881013502240163","potions_obtained":[{"floor":4,"key":"Swift Potion"},{"floor":10,"key":"Poison Potion"},{"floor":11,"key":"Weak Potion"}],"is_trial":false,"path_per_floor":["M","?","M","M","M","R","E","M","T","M","M","R","E","?","R","B"],"character_chosen":"IRONCLAD","items_purchased":[],"campfire_rested":0,"item_purchase_floors":[],"current_hp_per_floor":[82,82,87,88,69,69,56,60,60,57,63,63,53,53,53,0],"gold":287,"neow_bonus":"TEN_PERCENT_HP_BONUS","is_prod":false,"is_daily":false,"chose_seed":false,"campfire_upgraded":3,"win_rate":0,"timestamp":1548641793,"path_taken":["M","?","M","M","M","R","E","M","T","M","M","R","E","?","R","BOSS"],"build_version":"2019-01-23","purchased_purges":0,"victory":false,"max_hp_per_floor":[88,88,88,88,88,88,88,88,88,88,88,88,88,88,88,88],"card_choices":[{"not_picked":["Warcry","Reckless Charge"],"picked":"Headbutt","floor":1},{"not_picked":["Pommel Strike","Corruption"],"picked":"Metallicize","floor":3},{"not_picked":["Wild Strike","Body Slam"],"picked":"Armaments","floor":4},{"not_picked":["Iron Wave","Evolve"],"picked":"Spot Weakness","floor":5},{"not_picked":["Flex","Thunderclap"],"picked":"Pommel Strike","floor":7},{"not_picked":["Juggernaut","Clash"],"picked":"Iron Wave","floor":8},{"not_picked":["Fire Breathing","Ghostly Armor"],"picked":"Anger","floor":10},{"not_picked":["Clothesline","Armaments"],"picked":"Shrug It Off","floor":11},{"not_picked":["Corruption","Blood for Blood","Flex"],"picked":"SKIP","floor":13}],"player_experience":72030,"relics_obtained":[{"floor":7,"key":"Unceasing Top"},{"floor":9,"key":"Meat on the Bone"},{"floor":13,"key":"Gremlin Horn"}],"event_choices":[{"damage_healed":0,"gold_gain":0,"player_choice":"Ignored","damage_taken":0,"max_hp_gain":0,"max_hp_loss":0,"event_name":"Liars Game","floor":2,"gold_loss":0},{"damage_healed":0,"gold_gain":0,"player_choice":"Cursed","damage_taken":0,"max_hp_gain":0,"max_hp_loss":0,"event_name":"Wheel of Change","floor":14,"gold_loss":0,"cards_obtained":["Decay"]}],"is_beta":false,"boss_relics":[],"items_purged_floors":[],"is_endless":false,"potions_floor_spawned":[4,10,11],"killed_by":"Slime Boss","ascension_level":3}