{"gold_per_floor":[17,27,27,27,27,27,0,0,0,0,45,45,56,72,72,149,149,165,165,15,26,38,38,73,73,73,91,106,106,205,218,218,218],"floor_reached":33,"playtime":947,"items_purged":["Strike_G"],"score":421,"play_id":"295c750f-4e92-48f3-853a-80a27747a042","local_time":"20181220225326","is_ascension_mode":true,"campfire_choices":[{"data":"Neutralize","floor":6,"key":"SMITH"},{"data":"Deflect","floor":12,"key":"SMITH"},{"data":"Noxious Fumes","floor":15,"key":"SMITH"},{"floor":23,"key":"REST"},{"floor":29,"key":"REST"},{"floor":32,"key":"REST"}],"neow_cost":"NO_GOLD","seed_source_timestamp":14997170180565,"circlet_count":0,"master_deck":["AscendersBane","Defend_G+1","Defend_G+1","Defend_G+1","Defend_G+1","Defend_G+1","Strike_G+1","Strike_G+1","Survivor","Neutralize+1","Burst","Skewer+1","Flying Knee","Deflect+1","Noxious Fumes+1","After Image","Neutralize","Footwork","PiercingWail","Backflip+1","Catalyst+1"],"relics":["Ring of the Snake","Matryoshka","Letter Opener","Pen Nib","Sozu","Toxic Egg 2","Dodecahedron","Girya"],"potions_floor_usage":[16,22],"damage_taken":[{"damage":10,"enemies":"Cultist","floor":1,"turns":5},{"damage":0,"enemies":"Jaw Worm","floor":2,"turns":3},{"damage":1,"enemies":"Small Slimes","floor":13,"turns":4},{"damage":4,"enemies":"Gremlin Gang","floor":14,"turns":6},{"damage":38,"enemies":"Slime Boss","floor":16,"turns":7},{"damage":5,"enemies":"Shell Parasite","floor":18,"turns":7},{"damage":6,"enemies":"Spheric Guardian","floor":21,"turns":5},{"damage":23,"enemies":"Chosen and Byrds","floor":22,"turns":6},{"damage":39,"enemies":"Gremlin Leader","floor":24,"turns":7},{"damage":0,"enemies":"Shelled Parasite and Fungi","floor":27,"turns":7},{"damage":0,"enemies":"3 Cultists","floor":28,"turns":6},{"damage":1,"enemies":"Centurion and Healer","floor":31,"turns":8},{"damage":61,"enemies":"Champ","floor":33,"turns":13}],"seed_played":"2535271627780159285","potions_obtained":[{"floor":1,"key":"LiquidBronze"},{"floor":13,"key":"SteroidPotion"}],"is_trial":false,"path_per_floor":["M","M","$","?","$","R","$","?","T","$","T","R","M","M","R","B",null,"M","?","$","M","M","R","E","?","T","M","M","R","?","M","R","B"],"character_chosen":"THE_SILENT","items_purchased":["Deflect","Footwork"],"campfire_rested":3,"item_purchase_floors":[7,20],"current_hp_per_floor":[53,53,53,53,53,53,53,46,46,46,46,46,45,41,41,3,53,48,48,48,42,19,40,1,1,1,1,1,22,22,21,42,0],"gold":218,"neow_bonus":"TRANSFORM_TWO_CARDS","is_prod":false,"is_daily":false,"chose_seed":false,"campfire_upgraded":3,"win_rate":0,"timestamp":1545346406,"path_taken":["M","?","$","?","?","R","$","?","T","$","?","R","M","M","R","BOSS","M","?","$","M","?","R","E","?","T","M","M","R","?","M","R","BOSS"],"build_version":"2018-12-13","purchased_purges":1,"victory":false,"max_hp_per_floor":[70,70,70,70,70,70,70,70,70,70,70,70,70,70,70,70,70,70,70,70,70,70,70,70,70,70,70,70,70,70,70,70,70],"card_choices":[{"not_picked":["Dagger Spray","Poisoned Stab"],"picked":"Skewer","floor":1},{"not_picked":["Deadly Poison","Prepared"],"picked":"Flying Knee","floor":2},{"not_picked":["Underhanded Strike","Deadly Poison"],"picked":"Noxious Fumes","floor":13},{"not_picked":["Backflip","Bouncing Flask","Underhanded Strike"],"picked":"SKIP","floor":14},{"not_picked":["Bullet Time","Unload"],"picked":"After Image","floor":16},{"not_picked":["Underhanded Strike","Dodge and Roll","Bouncing Flask"],"picked":"SKIP","floor":18},{"not_picked":["Blade Dance","Dodge and Roll","Infinite Blades"],"picked":"SKIP","floor":21},{"not_picked":["Dodge and Roll","Finisher"],"picked":"PiercingWail","floor":22},{"not_picked":["Die Die Die","Tactician"],"picked":"Backflip","floor":24},{"not_picked":["Reflex+1","Setup+1","Prepared+1"],"picked":"SKIP","floor":27},{"not_picked":["Dagger Spray","Slice+1","Bane"],"picked":"SKIP","floor":28},{"not_picked":["Prepared+1","Deadly Poison+1"],"picked":"Catalyst+1","floor":31}],"player_experience":288056,"relics_obtained":[{"floor":9,"key":"Matryoshka"},{"floor":11,"key":"Letter Opener"},{"floor":11,"key":"Pen Nib"},{"floor":24,"key":"Toxic Egg 2"},{"floor":26,"key":"Dodecahedron"},{"floor":26,"key":"Girya"}],"event_choices":[{"damage_healed":0,"gold_gain":0,"player_choice":"Upgraded","damage_taken":0,"max_hp_gain":0,"max_hp_loss":0,"event_name":"Upgrade Shrine","floor":4,"gold_loss":0,"cards_upgraded":["Skewer"]},{"cards_removed":["Storm of Steel"],"damage_healed":0,"gold_gain":0,"player_choice":"Card Removal","damage_taken":7,"max_hp_gain":0,"max_hp_loss":0,"event_name":"Golden Wing","floor":8,"gold_loss":0},{"damage_healed":0,"gold_gain":0,"player_choice":"1 cards matched","damage_taken":0,"max_hp_gain":0,"max_hp_loss":0,"event_name":"Match and Keep!","floor":19,"gold_loss":0,"cards_obtained":["Neutralize"]},{"damage_healed":0,"gold_gain":0,"player_choice":"Simplicity","damage_taken":0,"max_hp_gain":0,"max_hp_loss":0,"event_name":"Back to Basics","floor":25,"gold_loss":0,"cards_upgraded":["Defend_G","Defend_G","Defend_G","Defend_G","Defend_G","Strike_G","Strike_G"]},{"damage_healed":0,"gold_gain":99,"player_choice":"Stole From Cult","damage_taken":0,"max_hp_gain":0,"max_hp_loss":0,"event_name":"Nest","floor":30,"gold_loss":0}],"is_beta":false,"boss_relics":[{"not_picked":["Black Star","Coffee Dripper"],"picked":"Sozu"}],"items_purged_floors":[20],"is_endless":false,"potions_floor_spawned":[1,13,24,31],"killed_by":"Champ","ascension_level":13}