{"gold_per_floor":[110,127,127,137,33,62,122,122,122,29,63,63,93,111,111,183,183,199,218,218,8,8,8],"floor_reached":23,"playtime":1661,"items_purged":["Defend_G"],"score":383,"play_id":"c4f6c24a-be9f-4a77-8244-aa82b11246d1","local_time":"20190129210350","is_ascension_mode":true,"campfire_choices":[{"floor":8,"key":"REST"},{"data":"Flying Knee","floor":15,"key":"SMITH"}],"neow_cost":"PERCENT_DAMAGE","seed_source_timestamp":616884212273557,"circlet_count":0,"master_deck":["AscendersBane","Defend_G","Defend_G","Defend_G","Defend_G","Strike_G","Strike_G","Strike_G","Strike_G","Survivor","Neutralize+1","Footwork","Flying Knee+1","After Image","Sucker Punch","PiercingWail","Flying Knee","Well Laid Plans","PiercingWail","Cloak And Dagger","Heel Hook","Dodge and Roll","Tools of the Trade","Backflip","Flying Knee+1","HandOfGreed","Writhe"],"relics":["Ring of the Snake","Thread and Needle","Bag of Preparation","Matryoshka","Pear","Pantograph","Bottled Flame","Sundial","Cursed Key","Darkstone Periapt","Molten Egg 2"],"potions_floor_usage":[13,16,23],"damage_taken":[{"damage":3,"enemies":"Jaw Worm","floor":1,"turns":5},{"damage":0,"enemies":"2 Louse","floor":2,"turns":5},{"damage":0,"enemies":"Small Slimes","floor":4,"turns":4},{"damage":10,"enemies":"Gremlin Nob","floor":6,"turns":5},{"damage":12,"enemies":"Gremlin Nob","floor":7,"turns":6},{"damage":1,"enemies":"Lagavulin","floor":11,"turns":10},{"damage":33,"enemies":"Gremlin Nob","floor":13,"turns":6},{"damage":1,"enemies":"2 Fungi Beasts","floor":14,"turns":4},{"damage":11,"enemies":"The Guardian","floor":16,"turns":16},{"damage":8,"enemies":"Chosen","floor":18,"turns":9},{"damage":16,"enemies":"Spheric Guardian","floor":19,"turns":7},{"damage":55,"enemies":"Gremlin Leader","floor":23,"turns":6}],"seed_played":"-3074027913873400920","potions_obtained":[{"floor":1,"key":"Block Potion"},{"floor":7,"key":"Weak Potion"},{"floor":16,"key":"FearPotion"},{"floor":19,"key":"Energy Potion"}],"is_trial":false,"path_per_floor":["M","M","?","M","$","E","?","R","T","$","E","?","E","M","R","B",null,"M","M","?","$","T","E"],"character_chosen":"THE_SILENT","items_purchased":["Sucker Punch","Well Laid Plans","PiercingWail","HandOfGreed"],"campfire_rested":1,"item_purchase_floors":[5,10,10,21],"current_hp_per_floor":[41,41,41,41,41,31,19,38,48,48,47,52,19,18,18,32,69,61,45,45,45,45,0],"gold":8,"neow_bonus":"ONE_RARE_RELIC","is_prod":false,"is_daily":false,"chose_seed":false,"campfire_upgraded":1,"win_rate":0,"timestamp":1548817430,"path_taken":["M","M","?","M","$","E","?","R","T","?","E","?","E","M","R","BOSS","M","M","?","$","?","E"],"build_version":"2019-01-23","purchased_purges":1,"victory":false,"max_hp_per_floor":[66,66,66,66,66,66,66,66,76,76,76,81,81,81,81,81,81,81,81,81,81,81,81],"card_choices":[{"not_picked":["Poisoned Stab","Acrobatics"],"picked":"Footwork","floor":1},{"not_picked":["Concentrate","Deflect"],"picked":"Flying Knee","floor":2},{"not_picked":["Prepared","Backflip"],"picked":"After Image","floor":4},{"not_picked":["Predator","Dagger Throw"],"picked":"PiercingWail","floor":6},{"not_picked":["Choke","Backflip"],"picked":"Flying Knee","floor":7},{"not_picked":["Blade Dance","Quick Slash"],"picked":"Cloak And Dagger","floor":11},{"not_picked":["Dagger Throw","Prepared"],"picked":"Heel Hook","floor":13},{"not_picked":["Accuracy","Flying Knee"],"picked":"Dodge and Roll","floor":14},{"not_picked":["Unload","Grand Finale"],"picked":"Tools of the Trade","floor":16},{"not_picked":["Dagger Spray","Calculated Gamble"],"picked":"Backflip","floor":18},{"not_picked":["Finisher","Cloak And Dagger"],"picked":"Flying Knee+1","floor":19}],"player_experience":626463,"relics_obtained":[{"floor":6,"key":"Bag of Preparation"},{"floor":7,"key":"Matryoshka"},{"floor":9,"key":"Pear"},{"floor":9,"key":"Pantograph"},{"floor":11,"key":"Bottled Flame"},{"floor":13,"key":"Sundial"},{"floor":22,"key":"Darkstone Periapt"},{"floor":22,"key":"Molten Egg 2"}],"event_choices":[{"damage_healed":0,"gold_gain":0,"player_choice":"Grow","damage_taken":0,"max_hp_gain":0,"max_hp_loss":0,"event_name":"Living Wall","floor":3,"gold_loss":0,"cards_upgraded":["Neutralize"]},{"damage_healed":0,"gold_gain":0,"player_choice":"Searched \u00271\u0027 times","damage_taken":0,"max_hp_gain":0,"max_hp_loss":0,"event_name":"Dead Adventurer","floor":7,"gold_loss":0},{"damage_healed":0,"gold_gain":0,"player_choice":"Donut","damage_taken":0,"max_hp_gain":5,"max_hp_loss":0,"event_name":"Big Fish","floor":12,"gold_loss":0},{"cards_removed":["Strike_G"],"damage_healed":0,"gold_gain":0,"player_choice":"Purged","damage_taken":0,"max_hp_gain":0,"max_hp_loss":0,"event_name":"Purifier","floor":20,"gold_loss":0}],"is_beta":false,"boss_relics":[{"not_picked":["HoveringKite","Velvet Choker"],"picked":"Cursed Key"}],"items_purged_floors":[5],"is_endless":false,"potions_floor_spawned":[1,7,11,16,19],"killed_by":"Gremlin Leader","ascension_level":17}