{"gold_per_floor":[111,111,111,111,111,124,155,55,55,55,66,66,66,77,77,77],"floor_reached":16,"playtime":397,"items_purged":["Strike_G"],"score":142,"play_id":"6277632e-c1d2-429e-a329-177b05443437","local_time":"20181130201832","is_ascension_mode":true,"campfire_choices":[{"floor":10,"key":"REST"},{"data":"Setup","floor":13,"key":"SMITH"},{"data":"Predator","floor":15,"key":"SMITH"}],"neow_cost":"TEN_PERCENT_HP_LOSS","seed_source_timestamp":970682798827,"circlet_count":0,"master_deck":["Defend_G+1","Defend_G","Defend_G","Defend_G","Defend_G","Strike_G","Strike_G","Survivor","Neutralize+1","Setup+1","Quick Slash","Footwork+1","Backstab","Backstab","Dagger Spray","Predator+1"],"relics":["Ring of the Snake","Question Card","Singing Bowl"],"potions_floor_usage":[7],"damage_taken":[{"damage":0,"enemies":"2 Louse","floor":1,"turns":3},{"damage":0,"enemies":"Small Slimes","floor":6,"turns":6},{"damage":32,"enemies":"3 Sentries","floor":7,"turns":11},{"damage":4,"enemies":"Cultist","floor":11,"turns":4},{"damage":0,"enemies":"Exordium Wildlife","floor":14,"turns":1},{"damage":40,"enemies":"Hexaghost","floor":16,"turns":15}],"seed_played":"4219069986724390451","potions_obtained":[{"floor":1,"key":"Strength Potion"},{"floor":11,"key":"SpeedPotion"}],"is_trial":false,"path_per_floor":["M","?","?","?","?","M","E","$","T","R","M","$","R","M","R","B"],"character_chosen":"THE_SILENT","items_purchased":["Dagger Spray"],"campfire_rested":1,"item_purchase_floors":[8],"current_hp_per_floor":[63,68,54,54,54,54,22,22,22,42,38,38,38,40,40,0],"gold":77,"neow_bonus":"TRANSFORM_TWO_CARDS","is_prod":false,"is_daily":false,"chose_seed":false,"campfire_upgraded":2,"win_rate":0,"timestamp":1543609112,"path_taken":["M","?","?","?","?","M","E","?","T","R","?","$","R","M","R","BOSS"],"build_version":"2018-11-15","purchased_purges":1,"victory":false,"max_hp_per_floor":[63,68,68,68,68,68,68,68,68,68,68,68,68,70,70,70],"card_choices":[{"not_picked":["Tactician","Blade Dance"],"picked":"Footwork","floor":1},{"not_picked":["Flying Knee","Expertise"],"picked":"Backstab","floor":6},{"not_picked":["Flying Knee","Slice"],"picked":"Backstab","floor":7},{"not_picked":["Dagger Spray","Finisher","Outmaneuver"],"picked":"Predator","floor":11},{"not_picked":["Quick Slash","Poisoned Stab","Night Terror","Distraction"],"picked":"Singing Bowl","floor":14}],"player_experience":221249,"relics_obtained":[{"floor":7,"key":"Question Card"},{"floor":9,"key":"Singing Bowl"}],"event_choices":[{"damage_healed":0,"gold_gain":0,"player_choice":"Donut","damage_taken":0,"max_hp_gain":5,"max_hp_loss":0,"event_name":"Big Fish","floor":2,"gold_loss":0},{"damage_healed":0,"gold_gain":0,"player_choice":"Entered Light","damage_taken":14,"max_hp_gain":0,"max_hp_loss":0,"event_name":"Shining Light","floor":3,"gold_loss":0,"cards_upgraded":["Neutralize","Defend_G"]},{"damage_healed":0,"gold_gain":0,"player_choice":"Grow","damage_taken":0,"max_hp_gain":0,"max_hp_loss":0,"event_name":"Living Wall","floor":4,"gold_loss":0,"cards_upgraded":["Footwork"]},{"damage_healed":0,"gold_gain":0,"player_choice":"Ignored","damage_taken":0,"max_hp_gain":0,"max_hp_loss":0,"event_name":"Golden Idol","floor":5,"gold_loss":0}],"is_beta":false,"boss_relics":[],"items_purged_floors":[8],"is_endless":false,"potions_floor_spawned":[1,11],"killed_by":"Hexaghost","ascension_level":9}