{"gold_per_floor":[111,131,144,94,19,19,0,0,27,27,44,56,81,92,92,92],"floor_reached":16,"playtime":316,"items_purged":["Strike_R"],"score":163,"play_id":"1cee7b3b-d574-4cef-97b3-96ea158a4787","local_time":"20181127220921","is_ascension_mode":true,"campfire_choices":[{"data":"Searing Blow","floor":6,"key":"SMITH"},{"data":"Searing Blow+1","floor":8,"key":"SMITH"},{"data":"Searing Blow+2","floor":15,"key":"SMITH"}],"neow_cost":"NONE","seed_source_timestamp":13805759364280,"circlet_count":0,"master_deck":["AscendersBane","Strike_R","Strike_R","Defend_R","Defend_R","Defend_R","Defend_R","Bash","Forethought","Searing Blow+3","Thunderclap","Armaments","Thunderclap"],"relics":["Burning Blood","Regal Pillow","Blue Candle"],"potions_floor_usage":[13,14,14,16,16],"damage_taken":[{"damage":16,"enemies":"Jaw Worm","floor":1,"turns":5},{"damage":11,"enemies":"Small Slimes","floor":2,"turns":5},{"damage":1,"enemies":"Cultist","floor":3,"turns":3},{"damage":7,"enemies":"Looter","floor":11,"turns":4},{"damage":11,"enemies":"2 Fungi Beasts","floor":12,"turns":4},{"damage":20,"enemies":"Gremlin Nob","floor":13,"turns":4},{"damage":16,"enemies":"3 Louse","floor":14,"turns":4},{"damage":33,"enemies":"Hexaghost","floor":16,"turns":10}],"seed_played":"-128478021854195553","potions_obtained":[{"floor":3,"key":"Poison Potion"},{"floor":12,"key":"Ancient Potion"},{"floor":13,"key":"EntropicBrew"}],"is_trial":false,"path_per_floor":["M","M","M","?","$","R","?","R","T","?","M","M","E","M","R","B"],"character_chosen":"IRONCLAD","items_purchased":[],"campfire_rested":0,"item_purchase_floors":[],"current_hp_per_floor":[62,57,62,62,62,62,62,62,62,62,61,56,42,32,32,0],"gold":92,"neow_bonus":"RANDOM_COLORLESS","is_prod":false,"is_daily":false,"chose_seed":false,"campfire_upgraded":3,"win_rate":0,"timestamp":1543356561,"path_taken":["M","M","M","?","$","R","?","R","T","?","?","M","E","M","R","BOSS"],"build_version":"2018-11-15","purchased_purges":1,"victory":false,"max_hp_per_floor":[80,80,80,80,80,80,80,80,80,80,80,80,80,80,80,80],"card_choices":[{"not_picked":["Pommel Strike","Headbutt"],"picked":"Searing Blow","floor":1},{"not_picked":["Rupture","Pommel Strike"],"picked":"Thunderclap","floor":2},{"not_picked":["Anger","Infernal Blade","Sword Boomerang"],"picked":"SKIP","floor":3},{"not_picked":["Body Slam","Rampage","Evolve"],"picked":"SKIP","floor":11},{"not_picked":["Burning Pact","True Grit"],"picked":"Armaments","floor":12},{"not_picked":["Hemokinesis","Pommel Strike"],"picked":"Thunderclap","floor":13},{"not_picked":["Dual Wield","Ghostly Armor","Iron Wave"],"picked":"SKIP","floor":14}],"player_experience":213746,"relics_obtained":[{"floor":9,"key":"Regal Pillow"},{"floor":13,"key":"Blue Candle"}],"event_choices":[{"cards_removed":["Strike_R"],"damage_healed":0,"gold_gain":0,"player_choice":"Card Removal","damage_taken":0,"max_hp_gain":0,"max_hp_loss":0,"event_name":"The Cleric","floor":4,"gold_loss":50},{"damage_healed":0,"gold_gain":0,"player_choice":"Left Gold","damage_taken":0,"max_hp_gain":0,"max_hp_loss":0,"event_name":"World of Goop","floor":7,"gold_loss":19},{"cards_removed":["Strike_R"],"damage_healed":0,"gold_gain":0,"player_choice":"Offered Basic","damage_taken":0,"max_hp_gain":0,"max_hp_loss":0,"event_name":"Bonfire Elementals","floor":10,"gold_loss":0}],"is_beta":false,"boss_relics":[],"items_purged_floors":[5],"is_endless":false,"potions_floor_spawned":[3,12,13,14],"killed_by":"Hexaghost","ascension_level":12}