{"gold_per_floor":[362,157,175,194,194,194,226,226,226,226,239,256,286,286],"floor_reached":14,"playtime":402,"items_purged":["Decay"],"score":115,"play_id":"c77eb08d-3fe6-4f9d-b2f2-bf7947606c28","local_time":"20190204155923","is_ascension_mode":true,"campfire_choices":[{"data":"Caltrops","floor":6,"key":"SMITH"},{"floor":8,"key":"REST"}],"neow_cost":"CURSE","seed_source_timestamp":2036694248292839,"circlet_count":0,"master_deck":["Defend_G","Defend_G","Defend_G","Defend_G","Defend_G","Strike_G","Strike_G","Strike_G","Strike_G","Strike_G","Survivor","Neutralize","Well Laid Plans","Caltrops+1","Cloak And Dagger","Dodge and Roll","Bouncing Flask","Footwork","Prepared","Adrenaline"],"relics":["Ring of the Snake","Ninja Scroll","Matryoshka","Happy Flower"],"potions_floor_usage":[7,13,13],"damage_taken":[{"damage":6,"enemies":"Jaw Worm","floor":1,"turns":5},{"damage":3,"enemies":"2 Louse","floor":3,"turns":3},{"damage":0,"enemies":"Cultist","floor":4,"turns":4},{"damage":42,"enemies":"Gremlin Nob","floor":7,"turns":5},{"damage":15,"enemies":"2 Fungi Beasts","floor":11,"turns":4},{"damage":8,"enemies":"Looter","floor":12,"turns":2},{"damage":22,"enemies":"3 Sentries","floor":13,"turns":10},{"damage":7,"enemies":"Large Slime","floor":14,"turns":5}],"seed_played":"5627179181408136822","potions_obtained":[{"floor":1,"key":"FearPotion"},{"floor":10,"key":"FairyPotion"},{"floor":10,"key":"SpeedPotion"},{"floor":10,"key":"SpeedPotion"}],"is_trial":false,"path_per_floor":["M","$","M","M","?","R","E","R","T","?","M","M","E","M"],"character_chosen":"THE_SILENT","items_purchased":["Caltrops","Cloak And Dagger"],"campfire_rested":1,"item_purchase_floors":[2,2],"current_hp_per_floor":[64,64,61,61,61,61,19,40,40,40,25,17,7,0],"gold":286,"neow_bonus":"TWO_FIFTY_GOLD","is_prod":false,"is_daily":false,"chose_seed":false,"campfire_upgraded":1,"win_rate":0,"timestamp":1549317563,"path_taken":["M","$","M","M","?","R","E","R","T","?","M","M","E","M"],"build_version":"2019-01-23","purchased_purges":1,"victory":false,"max_hp_per_floor":[70,70,70,70,70,70,70,70,70,70,70,70,70,70],"card_choices":[{"not_picked":["All Out Attack","PiercingWail"],"picked":"Well Laid Plans","floor":1},{"not_picked":["Quick Slash","Bane"],"picked":"Dodge and Roll","floor":3},{"not_picked":["Well Laid Plans","Deadly Poison"],"picked":"Bouncing Flask","floor":4},{"not_picked":["Outmaneuver","Concentrate","Blade Dance"],"picked":"SKIP","floor":7},{"not_picked":["Skewer","Sucker Punch"],"picked":"Footwork","floor":11},{"not_picked":["Flechettes","Well Laid Plans"],"picked":"Prepared","floor":12},{"not_picked":["Dagger Throw","Sucker Punch"],"picked":"Adrenaline","floor":13}],"player_experience":80232,"relics_obtained":[{"floor":7,"key":"Ninja Scroll"},{"floor":9,"key":"Matryoshka"},{"floor":13,"key":"Happy Flower"}],"event_choices":[{"damage_healed":0,"gold_gain":0,"player_choice":"Leave","damage_taken":0,"max_hp_gain":0,"max_hp_loss":0,"event_name":"The Cleric","floor":5,"gold_loss":0},{"damage_healed":0,"gold_gain":0,"player_choice":"Got Potions","damage_taken":0,"max_hp_gain":0,"max_hp_loss":0,"event_name":"Lab","floor":10,"gold_loss":0}],"is_beta":true,"boss_relics":[],"items_purged_floors":[2],"is_endless":false,"potions_floor_spawned":[1,12],"killed_by":"Large Slime","ascension_level":3}