{"gold_per_floor":[110,128,128,150,172,184,196,208,266,312,344,370,382,406,418,430],"floor_reached":16,"playtime":643,"items_purged":[],"score":104,"play_id":"263c4042-8a5f-45b1-a9b4-bc925ff64b2f","local_time":"20190129213411","is_ascension_mode":false,"campfire_choices":[{"data":"Bash","floor":6,"key":"SMITH"},{"data":"Pummel","floor":8,"key":"SMITH"},{"floor":13,"key":"REST"},{"floor":15,"key":"REST"}],"neow_cost":"NONE","seed_source_timestamp":157506237977212,"circlet_count":0,"master_deck":["Strike_R","Strike_R","Strike_R","Strike_R","Strike_R","Defend_R","Defend_R","Defend_R","Defend_R","Bash+1","Corruption","Pummel+1","True Grit"],"relics":["Burning Blood","MawBank","Happy Flower","Shuriken"],"potions_floor_usage":[1,5,10,10,12,16],"damage_taken":[{"damage":3,"enemies":"Jaw Worm","floor":1,"turns":4},{"damage":4,"enemies":"2 Louse","floor":2,"turns":3},{"damage":9,"enemies":"Small Slimes","floor":4,"turns":5},{"damage":30,"enemies":"Exordium Thugs","floor":5,"turns":8},{"damage":30,"enemies":"3 Sentries","floor":10,"turns":9},{"damage":6,"enemies":"Red Slaver","floor":11,"turns":4},{"damage":3,"enemies":"2 Fungi Beasts","floor":12,"turns":3},{"damage":17,"enemies":"Exordium Thugs","floor":14,"turns":8},{"damage":52,"enemies":"The Guardian","floor":16,"turns":8}],"seed_played":"-8654172253957423199","potions_obtained":[{"floor":0,"key":"Weak Potion"},{"floor":0,"key":"SkillPotion"},{"floor":0,"key":"Swift Potion"},{"floor":4,"key":"GamblersBrew"},{"floor":11,"key":"Energy Potion"},{"floor":14,"key":"LiquidBronze"}],"is_trial":false,"path_per_floor":["M","M","?","M","M","R","?","R","T","E","M","M","R","M","R","B"],"character_chosen":"IRONCLAD","items_purchased":[],"campfire_rested":2,"item_purchase_floors":[],"current_hp_per_floor":[80,80,62,59,35,35,35,35,35,11,11,14,38,27,51,0],"gold":430,"neow_bonus":"THREE_SMALL_POTIONS","is_prod":false,"is_daily":false,"chose_seed":false,"campfire_upgraded":2,"win_rate":0,"timestamp":1548815651,"path_taken":["M","M","?","M","M","R","?","R","T","E","M","M","R","M","R","BOSS"],"build_version":"2019-01-23","purchased_purges":0,"victory":false,"max_hp_per_floor":[80,80,80,80,80,80,80,80,80,80,80,80,80,80,80,80],"card_choices":[{"not_picked":["Battle Trance","Heavy Blade"],"picked":"Corruption","floor":1},{"not_picked":["Clothesline","Body Slam","Thunderclap"],"picked":"SKIP","floor":2},{"not_picked":["Armaments","Cleave"],"picked":"Pummel","floor":4},{"not_picked":["Blood for Blood","Twin Strike","Clash"],"picked":"SKIP","floor":5},{"not_picked":["Carnage","Armaments","Heavy Blade"],"picked":"SKIP","floor":10},{"not_picked":["Juggernaut","Clothesline","Thunderclap"],"picked":"SKIP","floor":11},{"not_picked":["Shrug It Off","Heavy Blade"],"picked":"True Grit","floor":12},{"not_picked":["Headbutt","Body Slam","Sword Boomerang"],"picked":"SKIP","floor":14}],"player_experience":410583,"relics_obtained":[{"floor":9,"key":"Happy Flower"},{"floor":10,"key":"Shuriken"}],"event_choices":[{"damage_healed":0,"gold_gain":0,"player_choice":"Success","damage_taken":18,"relics_obtained":["MawBank"],"max_hp_gain":0,"max_hp_loss":0,"event_name":"Scrap Ooze","floor":3,"gold_loss":0},{"damage_healed":0,"gold_gain":0,"player_choice":"Ignored","damage_taken":0,"max_hp_gain":0,"max_hp_loss":0,"event_name":"Liars Game","floor":7,"gold_loss":0}],"is_beta":false,"boss_relics":[],"items_purged_floors":[],"is_endless":false,"potions_floor_spawned":[4,11,14],"killed_by":"The Guardian","ascension_level":0}