{"gold_per_floor":[169,169,186,202,202,202,217,236,259,273,289,302,302,149,149,252,252,269,269,30,50,62,62,80,93,119,119,138,138,138,38,38,142,142,160,172,17,30,30,30,40,57,82,100,100,115,115],"floor_reached":47,"playtime":1892,"items_purged":["Strike_G","Reflex"],"score":477,"play_id":"29fef0f1-f8b0-4cde-8cf2-d971666bcd95","local_time":"20181230180532","is_ascension_mode":false,"campfire_choices":[{"data":"Crippling Poison","floor":6,"key":"SMITH"},{"data":"Poisoned Stab","floor":13,"key":"SMITH"},{"data":"Noxious Fumes","floor":15,"key":"SMITH"},{"floor":23,"key":"REST"},{"floor":29,"key":"REST"},{"floor":32,"key":"REST"},{"data":"Catalyst","floor":40,"key":"SMITH"}],"neow_cost":"NONE","seed_source_timestamp":13346830614180,"circlet_count":0,"master_deck":["Survivor","Neutralize+1","Crippling Poison+1","Dodge and Roll","Dagger Throw","Footwork","Poisoned Stab+1","PiercingWail","Noxious Fumes+1","Burst","Dash","Deadly Poison","Footwork","Tactician","Bouncing Flask","Well Laid Plans","Sadistic Nature","Deflect","Deflect+1","PiercingWail","Blur+1","Leg Sweep+1","Adrenaline","Prepared+1","Catalyst+1","Deep Breath","Backflip","Caltrops+1","Catalyst+1"],"relics":["Tiny House","Vajra","Pandora\u0027s Box","Whetstone","Sozu","PreservedInsect"],"potions_floor_usage":[7,11,28,28,28],"damage_taken":[{"damage":0,"enemies":"Jaw Worm","floor":1,"turns":6},{"damage":0,"enemies":"Cultist","floor":3,"turns":4},{"damage":5,"enemies":"2 Louse","floor":4,"turns":4},{"damage":0,"enemies":"Large Slime","floor":7,"turns":8},{"damage":0,"enemies":"2 Fungi Beasts","floor":8,"turns":4},{"damage":0,"enemies":"Exordium Wildlife","floor":10,"turns":6},{"damage":6,"enemies":"Gremlin Gang","floor":11,"turns":4},{"damage":0,"enemies":"3 Louse","floor":12,"turns":3},{"damage":26,"enemies":"The Guardian","floor":16,"turns":9},{"damage":8,"enemies":"Shell Parasite","floor":18,"turns":6},{"damage":22,"enemies":"2 Thieves","floor":21,"turns":5},{"damage":21,"enemies":"Cultist and Chosen","floor":22,"turns":5},{"damage":12,"enemies":"Chosen and Byrds","floor":24,"turns":5},{"damage":19,"enemies":"Snake Plant","floor":25,"turns":4},{"damage":6,"enemies":"Centurion and Healer","floor":28,"turns":5},{"damage":10,"enemies":"Automaton","floor":33,"turns":10},{"damage":17,"enemies":"3 Shapes","floor":35,"turns":4},{"damage":3,"enemies":"Orb Walker","floor":36,"turns":5},{"damage":9,"enemies":"Writhing Mass","floor":38,"turns":6},{"damage":8,"enemies":"Jaw Worm Horde","floor":41,"turns":6},{"damage":8,"enemies":"Sphere and 2 Shapes","floor":42,"turns":6},{"damage":0,"enemies":"Maw","floor":44,"turns":4},{"damage":10,"enemies":"4 Shapes","floor":46,"turns":3},{"damage":33,"enemies":"Reptomancer","floor":47,"turns":3}],"seed_played":"-1835328616413015732","potions_obtained":[{"floor":0,"key":"Poison Potion"},{"floor":7,"key":"PowerPotion"},{"floor":10,"key":"Fruit Juice"},{"floor":12,"key":"PowerPotion"},{"floor":16,"key":"PowerPotion"},{"floor":28,"key":"SpeedPotion"}],"is_trial":false,"path_per_floor":["M","?","M","M","?","R","M","M","T","M","M","M","R","$","R","B",null,"M","?","$","M","M","R","M","M","T","?","M","R","?","$","R","B",null,"M","M","$","M","?","R","M","M","T","M","?","M","E"],"character_chosen":"THE_SILENT","items_purchased":["Noxious Fumes","Sadistic Nature","Deflect","Catalyst","Deep Breath"],"campfire_rested":3,"item_purchase_floors":[14,20,20,37,37],"current_hp_per_floor":[75,68,68,63,63,63,63,63,63,63,62,62,62,62,62,36,80,72,57,57,35,14,39,27,8,8,8,2,27,27,27,52,42,85,68,65,65,56,56,56,48,40,40,40,40,30,0],"gold":115,"neow_bonus":"BOSS_RELIC","is_prod":false,"is_daily":false,"chose_seed":false,"campfire_upgraded":4,"win_rate":0,"timestamp":1546193132,"path_taken":["M","?","M","M","?","R","?","M","T","M","M","M","R","$","R","BOSS","M","?","$","M","M","R","M","M","T","?","M","R","?","$","R","BOSS","M","M","$","M","?","R","?","M","T","M","?","M","E"],"build_version":"2018-12-20","purchased_purges":2,"victory":false,"max_hp_per_floor":[75,75,75,75,75,75,75,75,75,75,80,80,80,80,80,80,80,80,85,85,85,85,85,85,85,85,85,85,85,85,85,85,85,85,85,85,85,85,85,85,85,85,85,85,85,85,85],"card_choices":[{"not_picked":["Bane","Acrobatics"],"picked":"Crippling Poison","floor":0},{"not_picked":["Underhanded Strike","Slice","Infinite Blades"],"picked":"SKIP","floor":1},{"not_picked":["Outmaneuver","Prepared"],"picked":"Dodge and Roll","floor":3},{"not_picked":["Infinite Blades","Prepared"],"picked":"Dagger Throw","floor":4},{"not_picked":["Blur","Slice"],"picked":"Footwork","floor":7},{"not_picked":["Flying Knee","Deflect"],"picked":"Poisoned Stab","floor":8},{"not_picked":["Riddle With Holes","Acrobatics","Storm of Steel"],"picked":"SKIP","floor":10},{"not_picked":["Concentrate","Sucker Punch","PiercingWail"],"picked":"SKIP","floor":11},{"not_picked":["Concentrate","Sucker Punch"],"picked":"PiercingWail","floor":11},{"not_picked":["All Out Attack","Bane","Underhanded Strike"],"picked":"SKIP","floor":12},{"not_picked":["Phantasmal Killer","Glass Knife"],"picked":"Burst","floor":16},{"not_picked":["Setup","Flying Knee+1"],"picked":"Well Laid Plans","floor":18},{"not_picked":["Blade Dance","Setup","Underhanded Strike"],"picked":"SKIP","floor":21},{"not_picked":["Eviscerate+1","Quick Slash"],"picked":"Deflect+1","floor":22},{"not_picked":["Deadly Poison","Crippling Poison"],"picked":"PiercingWail","floor":24},{"not_picked":["Slice","Deflect"],"picked":"Blur+1","floor":25},{"not_picked":["PiercingWail","Blade Dance"],"picked":"Leg Sweep+1","floor":28},{"not_picked":["Grand Finale","Tools of the Trade"],"picked":"Adrenaline","floor":33},{"not_picked":["Bane","Underhanded Strike","Blade Dance+1"],"picked":"SKIP","floor":35},{"not_picked":["Dodge and Roll+1","Outmaneuver"],"picked":"Prepared+1","floor":36},{"not_picked":["Prepared+1","Deadly Poison"],"picked":"Backflip","floor":38},{"not_picked":["Quick Slash","Slice+1"],"picked":"Caltrops+1","floor":41},{"not_picked":["Reflex","Riddle With Holes","A Thousand Cuts"],"picked":"SKIP","floor":42},{"not_picked":["Cloak And Dagger","Deflect"],"picked":"Catalyst+1","floor":44},{"not_picked":["Slice","All Out Attack","Flying Knee+1"],"picked":"SKIP","floor":46}],"player_experience":328422,"relics_obtained":[{"floor":9,"key":"Vajra"},{"floor":26,"key":"Whetstone"}],"event_choices":[{"cards_removed":["Strike_G"],"damage_healed":0,"gold_gain":0,"player_choice":"Card Removal","damage_taken":7,"max_hp_gain":0,"max_hp_loss":0,"event_name":"Golden Wing","floor":2,"gold_loss":0},{"cards_removed":["Strike_G"],"damage_healed":0,"gold_gain":0,"player_choice":"Purged","damage_taken":0,"max_hp_gain":0,"max_hp_loss":0,"event_name":"Purifier","floor":5,"gold_loss":0},{"damage_healed":0,"gold_gain":0,"player_choice":"Shed Blood","damage_taken":20,"max_hp_gain":5,"max_hp_loss":0,"event_name":"Forgotten Altar","floor":19,"gold_loss":0},{"damage_healed":0,"gold_gain":0,"player_choice":"Ignored","damage_taken":0,"max_hp_gain":0,"max_hp_loss":0,"event_name":"Vampires","floor":27,"gold_loss":0},{"cards_removed":["Endless Agony"],"damage_healed":0,"gold_gain":0,"player_choice":"Elegance","damage_taken":0,"max_hp_gain":0,"max_hp_loss":0,"event_name":"Back to Basics","floor":30,"gold_loss":0},{"damage_healed":0,"gold_gain":0,"player_choice":"Gave Potion","damage_taken":0,"relics_obtained":["PreservedInsect"],"max_hp_gain":0,"max_hp_loss":0,"event_name":"WeMeetAgain","floor":39,"gold_loss":0},{"damage_healed":0,"gold_gain":0,"player_choice":"Ignored","damage_taken":0,"max_hp_gain":0,"max_hp_loss":0,"event_name":"NoteForYourself","floor":45,"gold_loss":0}],"is_beta":false,"boss_relics":[{"not_picked":["WristBlade","Coffee Dripper"],"picked":"Pandora\u0027s Box"},{"not_picked":["Snecko Eye","Empty Cage"],"picked":"Sozu"}],"items_purged_floors":[14,31],"is_endless":false,"potions_floor_spawned":[7,10,12,16,21,28,35,36,42,46],"killed_by":"Reptomancer","ascension_level":0}