{"gold_per_floor":[114,114,133,208,158,158,182,182,182,182,212,212,235,274,274,274],"floor_reached":16,"playtime":836,"items_purged":[],"score":138,"play_id":"4bcb7d1a-21e0-4970-9d72-6d9fb6b82d1b","local_time":"20180824172013","is_ascension_mode":true,"campfire_choices":[{"data":"Infernal Blade","floor":6,"key":"SMITH"},{"data":"Feel No Pain","floor":8,"key":"SMITH"},{"floor":10,"key":"REST"},{"floor":15,"key":"REST"}],"neow_cost":"NONE","seed_source_timestamp":229370488896383,"circlet_count":0,"master_deck":["Strike_R","Strike_R","Strike_R","Strike_R","Defend_R","Defend_R","Defend_R","Bash","Feel No Pain+1","Warcry","Infernal Blade+1","Iron Wave","Barricade","Body Slam"],"relics":["Burning Blood","Juzu Bracelet","Oddly Smooth Stone","The Courier","Matryoshka","Golden Idol"],"potions_floor_usage":[11,14,16],"damage_taken":[{"damage":11,"enemies":"Cultist","floor":1,"turns":4},{"damage":9,"enemies":"Jaw Worm","floor":3,"turns":6},{"damage":24,"enemies":"Lagavulin","floor":11,"turns":5},{"damage":6,"enemies":"2 Louse","floor":13,"turns":3},{"damage":38,"enemies":"Gremlin Nob","floor":14,"turns":5},{"damage":44,"enemies":"Slime Boss","floor":16,"turns":5}],"seed_played":"4248040308850578973","potions_obtained":[{"floor":1,"key":"SteroidPotion"},{"floor":3,"key":"Explosive Potion"},{"floor":14,"key":"Strength Potion"}],"is_trial":false,"path_per_floor":["M","?","M","?","?","R","T","R","T","R","E","?","M","E","R"],"character_chosen":"IRONCLAD","items_purchased":[],"campfire_rested":2,"item_purchase_floors":[],"current_hp_per_floor":[67,67,64,53,53,53,53,53,53,77,59,39,39,7,31,0],"gold":274,"neow_bonus":"RANDOM_COMMON_RELIC","is_prod":false,"is_daily":false,"chose_seed":false,"campfire_upgraded":2,"win_rate":0,"timestamp":1535149213,"path_taken":["M","?","M","?","?","R","?","R","T","R","E","?","M","E","R","BOSS"],"build_version":"2018-08-23v2","purchased_purges":0,"victory":false,"max_hp_per_floor":[80,80,80,80,80,80,80,80,80,80,80,80,80,80,80,80],"card_choices":[{"not_picked":["True Grit","Infernal Blade"],"picked":"Feel No Pain","floor":1},{"not_picked":["Twin Strike","Bloodletting"],"picked":"Infernal Blade","floor":3},{"not_picked":["Sword Boomerang","Entrench"],"picked":"Iron Wave","floor":11},{"not_picked":["Thunderclap","Fire Breathing"],"picked":"Barricade","floor":13},{"not_picked":["Reckless Charge","Double Tap"],"picked":"Body Slam","floor":14}],"player_experience":206671,"relics_obtained":[{"floor":7,"key":"Oddly Smooth Stone"},{"floor":9,"key":"The Courier"},{"floor":11,"key":"Matryoshka"}],"event_choices":[{"event_name":"Transmorgrifier","player_choice":"Transform","floor":2,"damage_taken":0},{"event_name":"World of Goop","player_choice":"Gather Gold","floor":4,"damage_taken":0},{"event_name":"The Cleric","player_choice":"Card Removal","floor":5,"damage_taken":0},{"event_name":"Golden Idol","player_choice":"Take Damage","floor":12,"damage_taken":0}],"is_beta":false,"boss_relics":[],"items_purged_floors":[],"is_endless":false,"potions_floor_spawned":[1,3,14],"killed_by":"Slime Boss","ascension_level":6}