{"gold_per_floor":[112,112,0,0,0,0,31,31,31,31,31,50,50,0,0,0],"floor_reached":16,"playtime":281,"items_purged":[],"score":174,"play_id":"278a118f-1502-452e-b726-368df6332a24","local_time":"20190112145110","is_ascension_mode":true,"campfire_choices":[{"data":"Neutralize","floor":6,"key":"SMITH"},{"data":"Poisoned Stab","floor":11,"key":"SMITH"},{"floor":13,"key":"REST"},{"data":"Blade Dance","floor":15,"key":"SMITH"}],"neow_cost":"NONE","seed_source_timestamp":54769632826678,"circlet_count":0,"master_deck":["AscendersBane","Defend_G","Defend_G","Defend_G","Defend_G","Defend_G","Strike_G","Strike_G","Strike_G","Strike_G","Survivor","Neutralize+1","Blade Dance+1","Poisoned Stab+1","Deflect","PiercingWail","Decay","Backflip"],"relics":["Ring of the Snake","Juzu Bracelet","Singing Bowl","Matryoshka"],"potions_floor_usage":[12],"damage_taken":[{"damage":0,"enemies":"2 Louse","floor":1,"turns":3},{"damage":49,"enemies":"3 Sentries","floor":7,"turns":13},{"damage":0,"enemies":"Cultist","floor":12,"turns":3},{"damage":36,"enemies":"Slime Boss","floor":16,"turns":10}],"seed_played":"4284047366018568851","potions_obtained":[{"floor":7,"key":"Strength Potion"},{"floor":10,"key":"FairyPotion"},{"floor":10,"key":"AttackPotion"},{"floor":12,"key":"Weak Potion"}],"is_trial":false,"path_per_floor":["M","?","$","?","?","R","E","?","T","?","R","M","R","$","R","B"],"character_chosen":"THE_SILENT","items_purchased":["Poisoned Stab","Deflect","Backflip"],"campfire_rested":1,"item_purchase_floors":[3,3,14],"current_hp_per_floor":[59,52,52,52,52,52,3,3,3,3,3,5,25,25,25,3],"gold":0,"neow_bonus":"RANDOM_COMMON_RELIC","is_prod":false,"is_daily":false,"chose_seed":false,"campfire_upgraded":3,"win_rate":0,"timestamp":1547304670,"path_taken":["M","?","$","?","?","R","E","?","T","?","R","M","R","?","R","BOSS"],"build_version":"2019-01-10","purchased_purges":0,"victory":false,"max_hp_per_floor":[66,66,66,66,66,66,66,66,66,66,66,68,68,68,68,68],"card_choices":[{"not_picked":["Slice","Endless Agony"],"picked":"Blade Dance","floor":1},{"not_picked":["Quick Slash","Noxious Fumes"],"picked":"PiercingWail","floor":7},{"not_picked":["Choke","Dagger Spray","Prepared"],"picked":"Singing Bowl","floor":12}],"player_experience":371850,"relics_obtained":[{"floor":7,"key":"Singing Bowl"},{"floor":9,"key":"Matryoshka"}],"event_choices":[{"cards_removed":["Strike_G"],"damage_healed":0,"gold_gain":0,"player_choice":"Card Removal","damage_taken":7,"max_hp_gain":0,"max_hp_loss":0,"event_name":"Golden Wing","floor":2,"gold_loss":0},{"damage_healed":0,"gold_gain":0,"player_choice":"Ignored","damage_taken":0,"max_hp_gain":0,"max_hp_loss":0,"event_name":"Golden Idol","floor":4,"gold_loss":0},{"damage_healed":0,"gold_gain":0,"player_choice":"Left Gold","damage_taken":0,"max_hp_gain":0,"max_hp_loss":0,"event_name":"World of Goop","floor":5,"gold_loss":0},{"damage_healed":0,"gold_gain":0,"player_choice":"Cursed","damage_taken":0,"max_hp_gain":0,"max_hp_loss":0,"event_name":"Wheel of Change","floor":8,"gold_loss":0,"cards_obtained":["Decay"]},{"damage_healed":0,"gold_gain":0,"player_choice":"Got Potions","damage_taken":0,"max_hp_gain":0,"max_hp_loss":0,"event_name":"Lab","floor":10,"gold_loss":0}],"is_beta":false,"boss_relics":[],"items_purged_floors":[],"is_endless":false,"potions_floor_spawned":[7,12],"killed_by":"Slime Boss","ascension_level":17}