{"gold_per_floor":[109,1,1,1,15,15,26,26,53,69,82,82,98,116,116,192,192,192,192,192,203,203,233,233,252,252,252,267,267,317,317,317,391,391,405,405,124,142,1,1,16,16,61,77,95,105,119,119,119,119],"floor_reached":51,"playtime":1652,"items_purged":["Swift Strike","Steam Power"],"score":1175,"play_id":"967d7197-bfeb-4e49-900b-755eb096a1f0","local_time":"20181109232751","is_ascension_mode":true,"campfire_choices":[{"data":"Defragment","floor":6,"key":"SMITH"},{"data":"Deep Breath","floor":12,"key":"SMITH"},{"floor":15,"key":"REST"},{"floor":24,"key":"REST"},{"data":"Creative AI","floor":27,"key":"SMITH"},{"data":"Bite","floor":29,"key":"SMITH"},{"floor":32,"key":"REST"},{"floor":40,"key":"REST"},{"data":"Defragment","floor":42,"key":"SMITH"},{"floor":49,"key":"REST"}],"neow_cost":"PERCENT_DAMAGE","seed_source_timestamp":18362427151607,"circlet_count":0,"master_deck":["AscendersBane","Defend_B+1","Defend_B+1","Defend_B+1","Defend_B+1","Zap+1","Dualcast+1","Mayhem+1","Undo","Deep Breath+1","Defragment+1","Conserve Battery","Cold Snap","Self Repair","Creative AI+1","Steam Power","Bite+1","Bite","Bite","Bite","Bite","Ball Lightning","Sweeping Beam+1","Reboot","Mayhem+1","Defragment+1","Cold Snap","Loop"],"relics":["Cracked Core","War Paint","Busted Crown","Bronze Scales","DataDisk","The Courier","Lizard Tail","Regal Pillow","Lantern","Darkstone Periapt"],"potions_floor_usage":[14,18,33,33,50],"damage_taken":[{"damage":1,"enemies":"Small Slimes","floor":1,"turns":4},{"damage":3,"enemies":"2 Louse","floor":5,"turns":3},{"damage":10,"enemies":"Cultist","floor":7,"turns":4},{"damage":0,"enemies":"3 Louse","floor":10,"turns":3},{"damage":0,"enemies":"Exordium Wildlife","floor":11,"turns":4},{"damage":0,"enemies":"2 Fungi Beasts","floor":13,"turns":3},{"damage":7,"enemies":"Lots of Slimes","floor":14,"turns":4},{"damage":27,"enemies":"The Guardian","floor":16,"turns":13},{"damage":0,"enemies":"2 Thieves","floor":18,"turns":1},{"damage":12,"enemies":"Shell Parasite","floor":21,"turns":5},{"damage":50,"enemies":"Book of Stabbing","floor":23,"turns":6},{"damage":5,"enemies":"Chosen and Byrds","floor":25,"turns":4},{"damage":28,"enemies":"Snake Plant","floor":28,"turns":3},{"damage":48,"enemies":"Automaton","floor":33,"turns":11},{"damage":27,"enemies":"3 Shapes","floor":35,"turns":5},{"damage":18,"enemies":"Orb Walker","floor":38,"turns":5},{"damage":18,"enemies":"Sphere and 2 Shapes","floor":41,"turns":5},{"damage":33,"enemies":"Jaw Worm Horde","floor":44,"turns":7},{"damage":35,"enemies":"Maw","floor":45,"turns":8},{"damage":13,"enemies":"Sphere and 2 Shapes","floor":46,"turns":6},{"damage":19,"enemies":"Writhing Mass","floor":47,"turns":6},{"damage":91,"enemies":"Donu and Deca","floor":50,"turns":11}],"seed_played":"8006135062112610767","potions_obtained":[{"floor":1,"key":"Ancient Potion"},{"floor":5,"key":"Ancient Potion"},{"floor":8,"key":"EssenceOfSteel"},{"floor":14,"key":"SmokeBomb"},{"floor":23,"key":"Poison Potion"},{"floor":28,"key":"FearPotion"},{"floor":44,"key":"FearPotion"}],"is_trial":false,"path_per_floor":["M","$","?","$","M","R","M","?","T","M","M","R","M","M","R","B",null,"M","?","?","M","?","E","R","M","T","R","M","R","?","?","R","B",null,"M","?","$","M","$","R","M","R","T","M","M","M","M","T","R","B",null],"character_chosen":"DEFECT","items_purchased":["Deep Breath","Defragment","Regal Pillow","Cold Snap","Loop"],"campfire_rested":5,"item_purchase_floors":[2,37,37,37,39],"current_hp_per_floor":[45,45,45,45,42,42,32,32,32,32,32,32,32,25,46,26,60,60,60,49,49,49,18,32,44,44,44,29,29,29,29,43,35,46,24,24,24,19,19,48,45,45,45,29,29,39,36,36,49,33],"gold":119,"neow_bonus":"RANDOM_COLORLESS_2","is_prod":false,"is_daily":false,"chose_seed":false,"campfire_upgraded":5,"win_rate":0,"timestamp":1541806071,"path_taken":["M","$","?","$","M","R","M","?","T","M","?","R","M","M","R","BOSS","M","?","?","M","?","E","R","?","T","R","M","R","?","?","R","BOSS","M","?","$","?","?","R","M","R","T","M","M","M","M","?","R","BOSS"],"build_version":"2018-11-08","purchased_purges":2,"victory":true,"max_hp_per_floor":[71,71,71,71,71,71,71,71,71,71,71,71,71,71,71,71,71,71,71,49,49,49,49,49,49,49,49,49,49,49,49,49,49,49,49,49,49,49,49,49,49,49,49,49,49,49,49,49,49,49],"card_choices":[{"not_picked":["Hologram","Chaos"],"picked":"Undo","floor":1},{"not_picked":["Go for the Eyes","Lockon"],"picked":"Defragment","floor":5},{"not_picked":["Consume","Beam Cell","Go for the Eyes"],"picked":"SKIP","floor":7},{"not_picked":["Go for the Eyes","Turbo"],"picked":"Conserve Battery","floor":10},{"not_picked":["Redo","Turbo"],"picked":"Cold Snap","floor":11},{"not_picked":["Sweeping Beam","Turbo","Hologram"],"picked":"SKIP","floor":13},{"not_picked":["Turbo","Gash"],"picked":"Self Repair","floor":14},{"not_picked":["Hyperbeam","Seek"],"picked":"Creative AI","floor":16},{"not_picked":[],"picked":"Ball Lightning","floor":21},{"not_picked":["Rip and Tear"],"picked":"SKIP","floor":23},{"not_picked":["Leap"],"picked":"SKIP","floor":25},{"not_picked":[],"picked":"Sweeping Beam+1","floor":28},{"not_picked":[],"picked":"Reboot","floor":33},{"not_picked":["Barrage"],"picked":"SKIP","floor":35},{"not_picked":["Barrage"],"picked":"SKIP","floor":38},{"not_picked":["Turbo"],"picked":"SKIP","floor":41},{"not_picked":["Barrage+1"],"picked":"SKIP","floor":44},{"not_picked":["Steam Power"],"picked":"SKIP","floor":45},{"not_picked":["Static Discharge"],"picked":"SKIP","floor":46},{"not_picked":["Stack"],"picked":"SKIP","floor":47}],"player_experience":132425,"relics_obtained":[{"floor":9,"key":"War Paint"},{"floor":23,"key":"DataDisk"},{"floor":26,"key":"The Courier"},{"floor":43,"key":"Lantern"},{"floor":48,"key":"Darkstone Periapt"}],"event_choices":[{"damage_healed":0,"gold_gain":0,"player_choice":"Grow","damage_taken":0,"max_hp_gain":0,"max_hp_loss":0,"event_name":"Living Wall","floor":3,"gold_loss":0,"cards_upgraded":["Mayhem"]},{"damage_healed":0,"gold_gain":0,"player_choice":"Got Potions","damage_taken":0,"max_hp_gain":0,"max_hp_loss":0,"event_name":"Lab","floor":8,"gold_loss":0},{"damage_healed":0,"gold_gain":0,"cards_transformed":["Strike_B","Strike_B"],"player_choice":"Became Test Subject","damage_taken":0,"max_hp_gain":0,"max_hp_loss":0,"event_name":"Drug Dealer","floor":19,"gold_loss":0,"cards_obtained":["Steam Power","Steam Power"]},{"damage_healed":0,"gold_gain":0,"player_choice":"Became a vampire","damage_taken":0,"max_hp_gain":0,"max_hp_loss":22,"event_name":"Vampires","floor":20,"gold_loss":0,"cards_obtained":["Bite","Bite","Bite","Bite","Bite"]},{"damage_healed":0,"gold_gain":0,"player_choice":"Gave Potion","damage_taken":0,"relics_obtained":["Bronze Scales"],"max_hp_gain":0,"max_hp_loss":0,"event_name":"WeMeetAgain","floor":22,"gold_loss":0},{"damage_healed":0,"gold_gain":50,"player_choice":"Stole From Cult","damage_taken":0,"max_hp_gain":0,"max_hp_loss":0,"event_name":"Nest","floor":30,"gold_loss":0},{"damage_healed":0,"gold_gain":0,"player_choice":"Simplicity","damage_taken":0,"max_hp_gain":0,"max_hp_loss":0,"event_name":"Back to Basics","floor":31,"gold_loss":0,"cards_upgraded":["Defend_B","Defend_B","Defend_B","Defend_B"]},{"damage_healed":0,"gold_gain":0,"player_choice":"Copied","damage_taken":0,"max_hp_gain":0,"max_hp_loss":0,"event_name":"Duplicator","floor":36,"gold_loss":0,"cards_obtained":["Mayhem"]}],"is_beta":false,"boss_relics":[{"not_picked":["Empty Cage","Velvet Choker"],"picked":"Busted Crown"},{"not_picked":["Cursed Key","Philosopher\u0027s Stone"],"picked":"Lizard Tail"}],"items_purged_floors":[37,39],"is_endless":false,"potions_floor_spawned":[1,5,10,14,16,18,23,28,44],"ascension_level":16}