{"gold_per_floor":[112,29,42,53,53,81,91,91,116,132,132,147,73,73,73,168,168,179,179,197,65,76,76,76,76,76,86,99,116,116,133,133,232,232,244,264,364,364,364],"floor_reached":39,"playtime":4184,"items_purged":[],"score":476,"play_id":"3f8effc6-17ce-4c3b-a174-3834dbd2ba8e","local_time":"20190203175646","is_ascension_mode":true,"campfire_choices":[{"floor":8.0,"key":"REST"},{"floor":11.0,"key":"REST"},{"data":"Noxious Fumes","floor":15.0,"key":"SMITH"},{"data":"Cloak And Dagger","floor":23.0,"key":"SMITH"},{"data":"Cloak And Dagger","floor":25.0,"key":"SMITH"},{"floor":30,"key":"REST"},{"floor":32,"key":"REST"}],"neow_cost":"NONE","seed_source_timestamp":0,"circlet_count":0,"master_deck":["Defend_G","Defend_G","Defend_G+1","Defend_G","Defend_G","Strike_G","Strike_G","Strike_G","Survivor","Neutralize+1","Escape Plan","Noxious Fumes+1","Deflect","Backstab","Outmaneuver+1","Cloak And Dagger+1","Flying Knee","Escape Plan","Catalyst","Corpse Explosion","Cloak And Dagger+1","Footwork","Noxious Fumes","Cloak And Dagger+1","Backflip","Deflect+1","Blur","Catalyst","Wraith Form v2","Slice+1","Prepared+1","Slice","Catalyst","Noxious Fumes","Blur+1","Distraction+1","Deflect+1"],"special_seed":0,"relics":["Ring of the Snake","Blood Vial","War Paint","WristBlade","Dream Catcher","Orrery","Tingsha"],"potions_floor_usage":[27,27,39],"damage_taken":[{"damage":3.0,"enemies":"2 Louse","floor":1.0,"turns":3.0},{"damage":1.0,"enemies":"Cultist","floor":3.0,"turns":5.0},{"damage":12.0,"enemies":"Jaw Worm","floor":4.0,"turns":5.0},{"damage":49.0,"enemies":"Gremlin Nob","floor":6.0,"turns":6.0},{"damage":3.0,"enemies":"Looter","floor":7.0,"turns":3.0},{"damage":14.0,"enemies":"Lots of Slimes","floor":10.0,"turns":4.0},{"damage":5.0,"enemies":"3 Louse","floor":12.0,"turns":3.0},{"damage":22.0,"enemies":"The Guardian","floor":16.0,"turns":12.0},{"damage":10.0,"enemies":"Shell Parasite","floor":18.0,"turns":7.0},{"damage":0.0,"enemies":"3 Byrds","floor":20.0,"turns":5.0},{"damage":8.0,"enemies":"Shelled Parasite and Fungi","floor":22.0,"turns":7.0},{"damage":16,"enemies":"Sentry and Sphere","floor":27,"turns":5},{"damage":6,"enemies":"Cultist and Chosen","floor":28,"turns":4},{"damage":14,"enemies":"Snake Plant","floor":29,"turns":6},{"damage":0,"enemies":"3 Cultists","floor":31,"turns":3},{"damage":41,"enemies":"Champ","floor":33,"turns":12},{"damage":38,"enemies":"3 Darklings","floor":35,"turns":5},{"damage":10,"enemies":"Orb Walker","floor":36,"turns":5},{"damage":0,"enemies":"Mind Bloom Boss Battle","floor":37,"turns":7},{"damage":46,"enemies":"2 Orb Walkers","floor":39,"turns":3}],"seed_played":"4670620435757280804","potions_obtained":[{"floor":1.0,"key":"Dexterity Potion"},{"floor":4.0,"key":"Block Potion"},{"floor":6.0,"key":"Fire Potion"},{"floor":12.0,"key":"GhostInAJar"},{"floor":20.0,"key":"EssenceOfSteel"},{"floor":22.0,"key":"Fire Potion"},{"floor":27,"key":"Ancient Potion"},{"floor":31,"key":"SpeedPotion"},{"floor":35,"key":"SkillPotion"}],"is_trial":false,"path_per_floor":["?","M","$","?","?","M","?","?","?","?"],"character_chosen":"THE_SILENT","items_purchased":["Noxious Fumes","Deflect","Catalyst","Noxious Fumes","Cloak And Dagger"],"campfire_rested":4,"item_purchase_floors":[2,2,13,21,21],"current_hp_per_floor":[67,67,66,54,54,5,4,25,25,13,34,31,31,54,54,34,70,60,60,62,62,56,56,43,43,43,29,25,13,35,37,59,20,75,37,29,31,31,0],"gold":364,"neow_bonus":"TRANSFORM_CARD","is_prod":false,"is_daily":false,"chose_seed":false,"campfire_upgraded":3,"win_rate":0,"timestamp":1549213006,"path_taken":["M","$","M","M","?","E","M","R","T","?","R","M","?","?","R","BOSS","M","?","?","$","M","R","?","R","T","M","M","M","R","M","R","BOSS","M","M","?","?","?"],"build_version":"2019-01-23","purchased_purges":0,"victory":false,"max_hp_per_floor":[70,70,70,70,70,70,70,70,70,70,70,70,70,70,70,70,70,70,70,70,70,70,70,75,75,75,75,75,75,75,75,75,75,75,75,75,75,75,75],"card_choices":[{"not_picked":["Concentrate","Crippling Poison"],"picked":"Escape Plan","floor":1.0},{"not_picked":["Bane","Underhanded Strike"],"picked":"Backstab","floor":3.0},{"not_picked":["Reflex","Sucker Punch","Underhanded Strike"],"picked":"SKIP","floor":4.0},{"not_picked":["PiercingWail","Backstab"],"picked":"Outmaneuver","floor":6.0},{"not_picked":["Calculated Gamble","Predator"],"picked":"Cloak And Dagger","floor":7.0},{"not_picked":["Setup","Outmaneuver"],"picked":"Flying Knee","floor":10.0},{"not_picked":["Crippling Poison","Dagger Spray"],"picked":"Escape Plan","floor":12.0},{"not_picked":["Phantasmal Killer","Storm of Steel"],"picked":"Corpse Explosion","floor":16.0},{"not_picked":["Poisoned Stab+1","Expertise"],"picked":"Cloak And Dagger+1","floor":18.0},{"not_picked":["Bane","Slice"],"picked":"Footwork","floor":20.0},{"not_picked":["Dagger Throw","Deadly Poison","Dodge and Roll"],"picked":"SKIP","floor":22.0},{"not_picked":["Calculated Gamble","Deflect"],"picked":"Backflip","floor":27},{"not_picked":["Acrobatics","Dagger Spray+1"],"picked":"Deflect+1","floor":28},{"not_picked":["Bouncing Flask+1","Dodge and Roll+1"],"picked":"Blur","floor":29},{"not_picked":["Infinite Blades","Underhanded Strike"],"picked":"Catalyst","floor":31},{"not_picked":["Die Die Die","Envenom"],"picked":"Wraith Form v2","floor":33},{"not_picked":["Dagger Spray","Sucker Punch+1"],"picked":"Slice+1","floor":34},{"not_picked":["PiercingWail","Infinite Blades+1"],"picked":"Prepared+1","floor":34},{"not_picked":["Poisoned Stab","Backstab"],"picked":"Slice","floor":34},{"not_picked":["Cloak And Dagger","Dagger Spray+1"],"picked":"Catalyst","floor":34},{"not_picked":["Finisher","Distraction"],"picked":"Noxious Fumes","floor":34},{"not_picked":["Distraction","Bouncing Flask"],"picked":"Blur+1","floor":35},{"not_picked":["Leg Sweep","Escape Plan+1"],"picked":"Distraction+1","floor":36},{"not_picked":["Dodge and Roll","Blur+1"],"picked":"Deflect+1","floor":37}],"player_experience":167991,"relics_obtained":[{"floor":6.0,"key":"Blood Vial"},{"floor":9.0,"key":"War Paint"},{"floor":26.0,"key":"Dream Catcher"},{"floor":37,"key":"Tingsha"}],"event_choices":[{"damage_healed":0.0,"max_hp_gain":0.0,"max_hp_loss":0.0,"gold_gain":0.0,"event_name":"Accursed Blacksmith","player_choice":"Forge","floor":5.0,"gold_loss":0.0,"damage_taken":0.0,"cards_upgraded":["Neutralize"]},{"damage_healed":23.0,"max_hp_gain":0.0,"max_hp_loss":0.0,"gold_gain":0.0,"event_name":"Big Fish","player_choice":"Banana","floor":14.0,"gold_loss":0.0,"damage_taken":0.0},{"cards_removed":["Strike_G"],"damage_healed":0.0,"max_hp_gain":0.0,"max_hp_loss":0.0,"gold_gain":0.0,"event_name":"Bonfire Elementals","player_choice":"Offered Basic","floor":19.0,"gold_loss":0.0,"damage_taken":0.0},{"damage_healed":0.0,"max_hp_gain":5.0,"max_hp_loss":0.0,"gold_gain":0.0,"event_name":"Forgotten Altar","player_choice":"Shed Blood","floor":24.0,"gold_loss":0.0,"damage_taken":18.0},{"damage_healed":0,"gold_gain":0,"player_choice":"Fight","damage_taken":0,"max_hp_gain":0,"max_hp_loss":0,"event_name":"MindBloom","floor":37,"gold_loss":0},{"cards_removed":["Heel Hook"],"damage_healed":0,"gold_gain":0,"player_choice":"Removed Attack","damage_taken":0,"max_hp_gain":0,"max_hp_loss":0,"event_name":"Falling","floor":38,"gold_loss":0},{"damage_healed":0,"gold_gain":0,"player_choice":"Fight","damage_taken":0,"max_hp_gain":0,"max_hp_loss":0,"event_name":"Mysterious Sphere","floor":39,"gold_loss":0}],"is_beta":false,"boss_relics":[{"not_picked":["Tiny House","Astrolabe"],"picked":"WristBlade"},{"not_picked":["Velvet Choker","Lizard Tail"],"picked":"Orrery"}],"items_purged_floors":[],"is_endless":false,"potions_floor_spawned":[1,4,6,12,20,22,27,31,35,36],"killed_by":"2 Orb Walkers","ascension_level":2}