{"gold_per_floor":[115,115,129,31,44,44,72,72,72,105,124,139,201,101,101,197,197,208,258,273,323,339,32,32,51,51,63,79,129,190,28,28,131,131,146,49,99,110,129,129,129,146,146,146,196,196,208,233,233,233],"floor_reached":51,"playtime":1871,"items_purged":["Strike_G","Strike_G+1","Strike_G+1"],"score":997,"play_id":"8a0c1eb5-bb79-430e-a72f-3f927059159b","local_time":"20181126232648","is_ascension_mode":true,"campfire_choices":[{"data":"Neutralize","floor":6,"key":"SMITH"},{"data":"Deep Breath","floor":8,"key":"SMITH"},{"floor":15,"key":"REST"},{"data":"Riddle With Holes","floor":24,"key":"SMITH"},{"floor":32,"key":"REST"},{"floor":40,"key":"RECALL"},{"floor":44,"key":"REST"},{"floor":46,"key":"REST"},{"floor":49,"key":"REST"}],"neow_cost":"NONE","seed_source_timestamp":15590965605203,"circlet_count":0,"master_deck":["Defend_G+1","Defend_G+1","Defend_G+1","Defend_G+1","Defend_G+1","Survivor","Neutralize+1","Deep Breath+1","Deflect","Swift Strike","Riddle With Holes+1","Predator","Noxious Fumes+1","Terror","Caltrops+1","Footwork+1","Tools of the Trade+1","Noxious Fumes+1","Choke","Bouncing Flask","PiercingWail+1","Mayhem+1","Noxious Fumes+1","Backflip","Backflip","Noxious Fumes+1","Malaise","Footwork+1","Backflip","Well Laid Plans+1","Parasite","Finesse","Thinking Ahead","Panacea","Distraction+1"],"relics":["Ring of the Snake","SsserpentHead","Torii","Frozen Egg 2","Du-Vu Doll","Cursed Key","WingedGreaves","Fusion Hammer","Juzu Bracelet","Gambling Chip"],"potions_floor_usage":[7,7,12,18,22,28,42,42,42,42,50,50],"damage_taken":[{"damage":1,"enemies":"Jaw Worm","floor":1,"turns":6},{"damage":0,"enemies":"Cultist","floor":3,"turns":3},{"damage":4,"enemies":"Small Slimes","floor":5,"turns":4},{"damage":21,"enemies":"Lagavulin","floor":7,"turns":10},{"damage":33,"enemies":"Gremlin Nob","floor":10,"turns":5},{"damage":0,"enemies":"2 Fungi Beasts","floor":11,"turns":4},{"damage":2,"enemies":"Exordium Thugs","floor":12,"turns":4},{"damage":1,"enemies":"Large Slime","floor":13,"turns":7},{"damage":6,"enemies":"Hexaghost","floor":16,"turns":8},{"damage":12,"enemies":"Shell Parasite","floor":18,"turns":5},{"damage":5,"enemies":"3 Byrds","floor":20,"turns":3},{"damage":6,"enemies":"Cultist and Chosen","floor":22,"turns":5},{"damage":1,"enemies":"3 Cultists","floor":25,"turns":4},{"damage":9,"enemies":"Snake Plant","floor":27,"turns":5},{"damage":12,"enemies":"Sentry and Sphere","floor":28,"turns":6},{"damage":0,"enemies":"Chosen and Byrds","floor":30,"turns":5},{"damage":26,"enemies":"Automaton","floor":33,"turns":9},{"damage":9,"enemies":"3 Shapes","floor":35,"turns":5},{"damage":9,"enemies":"Orb Walker","floor":38,"turns":6},{"damage":0,"enemies":"4 Shapes","floor":39,"turns":6},{"damage":2,"enemies":"Sphere and 2 Shapes","floor":42,"turns":4},{"damage":10,"enemies":"Spire Growth","floor":47,"turns":6},{"damage":1,"enemies":"Giant Head","floor":48,"turns":8},{"damage":65,"enemies":"Awakened One","floor":50,"turns":10}],"seed_played":"-1136863206759186183","potions_obtained":[{"floor":1,"key":"Strength Potion"},{"floor":5,"key":"Block Potion"},{"floor":11,"key":"Regen Potion"},{"floor":13,"key":"Fire Potion"},{"floor":16,"key":"SteroidPotion"},{"floor":18,"key":"Explosive Potion"},{"floor":27,"key":"Fruit Juice"},{"floor":28,"key":"Poison Potion"},{"floor":30,"key":"FearPotion"},{"floor":37,"key":"Dexterity Potion"},{"floor":37,"key":"Poison Potion"},{"floor":39,"key":"EntropicBrew"},{"floor":42,"key":"Fire Potion"}],"is_trial":false,"path_per_floor":["M","?","M","$","M","R","E","R","T","E","M","M","M","$","R","B",null,"M","?","M","?","M","$","R","M","T","M","M","?","M","$","R","B",null,"M","$","?","M","M","R","$","M","T","R","?","R","M","E","R","B",null],"character_chosen":"THE_SILENT","items_purchased":["Swift Strike","Footwork+1","Mayhem+1","Noxious Fumes+1","Noxious Fumes+1","Footwork+1","Backflip"],"campfire_rested":5,"item_purchase_floors":[4,14,23,23,31,36,36],"current_hp_per_floor":[62,62,62,62,58,58,37,37,37,4,4,14,13,13,34,28,60,48,48,43,43,37,37,37,36,36,27,20,20,20,20,42,16,60,51,51,51,42,42,42,42,40,40,62,52,74,64,63,75,10],"gold":233,"neow_bonus":"RANDOM_COLORLESS","is_prod":false,"is_daily":false,"chose_seed":false,"campfire_upgraded":3,"win_rate":0,"timestamp":1543274808,"path_taken":["M","?","M","$","M","R","E","R","T","E","M","M","?","?","R","BOSS","M","?","M","?","M","$","R","M","T","M","M","?","?","$","R","BOSS","M","$","?","M","M","R","$","M","T","R","?","R","M","E","R","BOSS"],"build_version":"2018-11-15","purchased_purges":3,"victory":true,"max_hp_per_floor":[70,70,70,70,70,70,70,70,70,70,70,70,70,70,70,70,70,70,70,70,70,70,70,70,70,70,70,75,75,75,75,75,75,75,75,75,75,75,75,75,75,75,75,75,75,75,75,75,75,75],"card_choices":[{"not_picked":["Finisher","Dagger Throw"],"picked":"Deflect","floor":1},{"not_picked":["Masterful Stab","Prepared","Dagger Throw"],"picked":"SKIP","floor":3},{"not_picked":["Dodge and Roll","All Out Attack"],"picked":"Riddle With Holes","floor":5},{"not_picked":["Quick Slash","Acrobatics"],"picked":"Predator","floor":7},{"not_picked":["Choke","Deadly Poison"],"picked":"Noxious Fumes+1","floor":10},{"not_picked":["Quick Slash","Setup","Blade Dance"],"picked":"SKIP","floor":11},{"not_picked":["Bullet Time","PiercingWail"],"picked":"Terror","floor":12},{"not_picked":["Concentrate","Leg Sweep"],"picked":"Caltrops+1","floor":13},{"not_picked":["Die Die Die","Storm of Steel"],"picked":"Tools of the Trade+1","floor":16},{"not_picked":["Dagger Throw","Blade Dance","Catalyst"],"picked":"SKIP","floor":18},{"not_picked":["Underhanded Strike","Dagger Spray"],"picked":"Noxious Fumes+1","floor":20},{"not_picked":["Sucker Punch","Bane+1"],"picked":"PiercingWail+1","floor":22},{"not_picked":["Bane","Quick Slash"],"picked":"Backflip","floor":25},{"not_picked":["Poisoned Stab+1","Finisher"],"picked":"Backflip","floor":27},{"not_picked":["Blade Dance","Storm of Steel","Bane+1"],"picked":"SKIP","floor":28},{"not_picked":["Dagger Throw","PiercingWail","Cloak And Dagger"],"picked":"SKIP","floor":30},{"not_picked":["Grand Finale","Venomology"],"picked":"Malaise","floor":33},{"not_picked":["PiercingWail+1","Dagger Spray+1","Deflect"],"picked":"SKIP","floor":35},{"not_picked":["Flying Knee","Underhanded Strike","Dagger Spray"],"picked":"SKIP","floor":38},{"not_picked":["All Out Attack+1","Bane+1","Dash+1"],"picked":"SKIP","floor":39},{"not_picked":["Heel Hook","Dodge and Roll"],"picked":"Well Laid Plans+1","floor":42},{"not_picked":["Blind","Bandage Up"],"picked":"Finesse","floor":45},{"not_picked":["Secret Technique","Enlightenment"],"picked":"Thinking Ahead","floor":45},{"not_picked":["Discovery","Trip"],"picked":"Panacea","floor":45},{"not_picked":["Accuracy+1","Dagger Throw","Terror+1"],"picked":"SKIP","floor":47},{"not_picked":["Well Laid Plans+1","Acrobatics"],"picked":"Distraction+1","floor":48}],"player_experience":209511,"relics_obtained":[{"floor":7,"key":"Torii"},{"floor":9,"key":"Frozen Egg 2"},{"floor":10,"key":"Du-Vu Doll"},{"floor":43,"key":"Juzu Bracelet"},{"floor":48,"key":"Gambling Chip"}],"event_choices":[{"damage_healed":0,"gold_gain":0,"player_choice":"Trade","damage_taken":0,"relics_obtained":["SsserpentHead"],"max_hp_gain":0,"max_hp_loss":0,"event_name":"FaceTrader","floor":2,"gold_loss":0},{"damage_healed":0,"gold_gain":0,"player_choice":"Simplicity","damage_taken":0,"max_hp_gain":0,"max_hp_loss":0,"event_name":"Back to Basics","floor":19,"gold_loss":0,"cards_upgraded":["Defend_G","Defend_G","Defend_G","Defend_G","Defend_G","Strike_G","Strike_G","Strike_G","Strike_G"]},{"damage_healed":0,"gold_gain":0,"cards_transformed":["Strike_G","Strike_G"],"player_choice":"Became Test Subject","damage_taken":0,"max_hp_gain":0,"max_hp_loss":0,"event_name":"Drug Dealer","floor":21,"gold_loss":0,"cards_obtained":["Choke","Bouncing Flask"]},{"damage_healed":0,"gold_gain":0,"player_choice":"Opened","damage_taken":0,"relics_obtained":["WingedGreaves"],"max_hp_gain":0,"max_hp_loss":0,"event_name":"The Mausoleum","floor":29,"gold_loss":0},{"damage_healed":0,"gold_gain":0,"player_choice":"Got Potions","damage_taken":0,"max_hp_gain":0,"max_hp_loss":0,"event_name":"Lab","floor":37,"gold_loss":0},{"damage_healed":0,"gold_gain":0,"player_choice":"Memory 3","damage_taken":10,"max_hp_gain":0,"max_hp_loss":0,"event_name":"SensoryStone","floor":45,"gold_loss":0}],"is_beta":false,"boss_relics":[{"not_picked":["Ectoplasm","Philosopher\u0027s Stone"],"picked":"Cursed Key"},{"not_picked":["Black Star","Runic Pyramid"],"picked":"Fusion Hammer"}],"items_purged_floors":[14,23,31],"is_endless":false,"potions_floor_spawned":[1,5,11,13,16,18,27,28,30,35,39,42],"ascension_level":8}