{"gold_per_floor":[113,130,80,91,101,101,101,101,128,128,128,151,185,205,205,205],"floor_reached":16,"playtime":1001,"items_purged":[],"score":138,"play_id":"2291dd74-713c-40f8-8fee-34663ecf5820","local_time":"20190120152900","is_ascension_mode":true,"campfire_choices":[{"data":"Dualcast","floor":6,"key":"SMITH"},{"floor":11,"key":"REST"},{"data":"Zap","floor":15,"key":"SMITH"}],"neow_cost":"NONE","seed_source_timestamp":856186002660612,"circlet_count":0,"master_deck":["Strike_B","Strike_B","Strike_B","Defend_B","Defend_B","Defend_B","Zap+1","Dualcast+1","Coolheaded","Glacier","Beam Cell","Writhe","Self Repair","Auto Shields"],"relics":["Cursed Key","Potion Belt","Blood Vial","Golden Idol","Bronze Scales"],"potions_floor_usage":[13,16],"damage_taken":[{"damage":0,"enemies":"Small Slimes","floor":1,"turns":3},{"damage":0,"enemies":"2 Louse","floor":2,"turns":2},{"damage":0,"enemies":"Cultist","floor":4,"turns":4},{"damage":5,"enemies":"Exordium Wildlife","floor":5,"turns":9},{"damage":4,"enemies":"Looter","floor":12,"turns":3},{"damage":7,"enemies":"Lagavulin","floor":13,"turns":6},{"damage":23,"enemies":"Gremlin Gang","floor":14,"turns":4},{"damage":32,"enemies":"Hexaghost","floor":16,"turns":14}],"seed_played":"-6580740556742406073","potions_obtained":[{"floor":2,"key":"Strength Potion"},{"floor":4,"key":"Dexterity Potion"},{"floor":5,"key":"FocusPotion"}],"is_trial":false,"path_per_floor":["M","M","?","M","M","R","?","?","T","?","R","M","E","M","R","B"],"character_chosen":"DEFECT","items_purchased":[],"campfire_rested":1,"item_purchase_floors":[],"current_hp_per_floor":[68,68,68,68,63,63,51,44,44,26,48,46,41,27,27,0],"gold":205,"neow_bonus":"BOSS_RELIC","is_prod":false,"is_daily":false,"chose_seed":false,"campfire_upgraded":2,"win_rate":0,"timestamp":1548026940,"path_taken":["M","M","?","M","M","R","?","?","T","?","R","M","E","M","R","BOSS"],"build_version":"2019-01-17v2","purchased_purges":0,"victory":false,"max_hp_per_floor":[75,75,75,75,75,75,75,75,75,75,75,75,75,75,75,75],"card_choices":[{"not_picked":["Double Energy","Steam Power"],"picked":"Coolheaded","floor":1},{"not_picked":["Auto Shields","Cold Snap"],"picked":"Glacier","floor":2},{"not_picked":["Turbo","Gash"],"picked":"Beam Cell","floor":4},{"not_picked":["Force Field","Streamline","Beam Cell"],"picked":"SKIP","floor":5},{"not_picked":["Skim","Static Discharge","Compile Driver"],"picked":"SKIP","floor":12},{"not_picked":["Darkness","Turbo"],"picked":"Self Repair","floor":13},{"not_picked":["Turbo","Steam"],"picked":"Auto Shields","floor":14}],"player_experience":424365,"relics_obtained":[{"floor":9,"key":"Blood Vial"},{"floor":13,"key":"Bronze Scales"}],"event_choices":[{"cards_removed":["Strike_B"],"damage_healed":0,"gold_gain":0,"player_choice":"Card Removal","damage_taken":0,"max_hp_gain":0,"max_hp_loss":0,"event_name":"The Cleric","floor":3,"gold_loss":50},{"damage_healed":0,"gold_gain":0,"player_choice":"Success","damage_taken":12,"relics_obtained":["Potion Belt"],"max_hp_gain":0,"max_hp_loss":0,"event_name":"Scrap Ooze","floor":7,"gold_loss":0},{"cards_removed":["Defend_B"],"damage_healed":0,"gold_gain":0,"player_choice":"Card Removal","damage_taken":7,"max_hp_gain":0,"max_hp_loss":0,"event_name":"Golden Wing","floor":8,"gold_loss":0},{"damage_healed":0,"gold_gain":0,"player_choice":"Take Damage","damage_taken":18,"relics_obtained":["Golden Idol"],"max_hp_gain":0,"max_hp_loss":0,"event_name":"Golden Idol","floor":10,"gold_loss":0}],"is_beta":false,"boss_relics":[],"items_purged_floors":[],"is_endless":false,"potions_floor_spawned":[2,4,5],"killed_by":"Hexaghost","ascension_level":7}