{"gold_per_floor":[216,229,239,257,272,272,272,272,272,272,301,317,56,68,68,164,214,231,257,257,242],"floor_reached":21,"playtime":1173,"items_purged":[],"score":290,"play_id":"12f8e103-4748-4892-ba9e-0feb308c5059","local_time":"20190115012503","is_ascension_mode":true,"campfire_choices":[{"data":"Whirlwind","floor":6,"key":"SMITH"},{"data":"Iron Wave","floor":8,"key":"SMITH"},{"data":"Demon Form","floor":10,"key":"SMITH"},{"data":"Headbutt","floor":15,"key":"SMITH"}],"neow_cost":"NONE","seed_source_timestamp":1151903167774804,"circlet_count":0,"master_deck":["AscendersBane","Strike_R","Strike_R","Strike_R","Strike_R","Strike_R","Defend_R","Defend_R","Defend_R+1","Defend_R","Bash","Iron Wave+1","Headbutt+1","Whirlwind+1","Demon Form+1","Double Tap","Sword Boomerang+1","Headbutt+1","Limit Break","Armaments"],"relics":["Burning Blood","Molten Egg 2","Nunchaku","Question Card","Tiny House","Red Mask","MutagenicStrength"],"potions_floor_usage":[5,16,16,16,18,19],"damage_taken":[{"damage":1,"enemies":"Cultist","floor":1,"turns":3},{"damage":9,"enemies":"2 Louse","floor":2,"turns":3},{"damage":0,"enemies":"Small Slimes","floor":3,"turns":4},{"damage":7,"enemies":"Looter","floor":4,"turns":5},{"damage":0,"enemies":"2 Fungi Beasts","floor":5,"turns":2},{"damage":23,"enemies":"Lagavulin","floor":11,"turns":6},{"damage":10,"enemies":"3 Louse","floor":12,"turns":3},{"damage":4,"enemies":"Blue Slaver","floor":14,"turns":3},{"damage":38,"enemies":"The Guardian","floor":16,"turns":9},{"damage":0,"enemies":"Chosen","floor":18,"turns":3},{"damage":90,"enemies":"Masked Bandits","floor":19,"turns":6},{"damage":8,"enemies":"2 Thieves","floor":21,"turns":1}],"seed_played":"-4220428020731883830","potions_obtained":[{"floor":2,"key":"LiquidBronze"},{"floor":3,"key":"Explosive Potion"},{"floor":11,"key":"EntropicBrew"},{"floor":17,"key":"SkillPotion"}],"is_trial":false,"path_per_floor":["M","M","M","M","M","R","?","R","T","R","E","M","$","M","R","B",null,"M","?","?","M"],"character_chosen":"IRONCLAD","items_purchased":["Question Card"],"campfire_rested":0,"item_purchase_floors":[13],"current_hp_per_floor":[77,74,80,79,80,80,85,85,85,85,68,64,64,66,66,34,77,83,8,8,0],"gold":242,"neow_bonus":"HUNDRED_GOLD","is_prod":false,"is_daily":false,"chose_seed":false,"campfire_upgraded":4,"win_rate":0,"timestamp":1547537103,"path_taken":["M","M","M","M","M","R","?","R","T","R","E","M","$","M","R","BOSS","M","?","?","M"],"build_version":"2019-01-10","purchased_purges":0,"victory":false,"max_hp_per_floor":[80,80,80,80,80,80,85,85,85,85,85,85,85,85,85,85,90,90,90,90,90],"card_choices":[{"not_picked":["Havoc","Fire Breathing"],"picked":"Iron Wave","floor":1},{"not_picked":["Rage","Anger"],"picked":"Headbutt","floor":2},{"not_picked":["Thunderclap","Cleave"],"picked":"Whirlwind","floor":3},{"not_picked":["Reckless Charge","Warcry"],"picked":"Demon Form","floor":4},{"not_picked":["Combust","Sentinel","Perfected Strike"],"picked":"SKIP","floor":5},{"not_picked":["Cleave+1","Bludgeon+1"],"picked":"Double Tap","floor":11},{"not_picked":["Pommel Strike+1","Shrug It Off"],"picked":"Sword Boomerang+1","floor":12},{"not_picked":["Armaments","Warcry","Carnage+1"],"picked":"Headbutt+1","floor":14},{"not_picked":["Barricade","Immolate+1","Exhume"],"picked":"Limit Break","floor":16},{"not_picked":["Anger+1","Clash+1","Power Through"],"picked":"Armaments","floor":18}],"player_experience":469379,"relics_obtained":[{"floor":9,"key":"Molten Egg 2"},{"floor":11,"key":"Nunchaku"},{"floor":19,"key":"Red Mask"}],"event_choices":[{"damage_healed":0,"gold_gain":0,"player_choice":"Donut","damage_taken":0,"max_hp_gain":5,"max_hp_loss":0,"event_name":"Big Fish","floor":7,"gold_loss":0},{"damage_healed":0,"gold_gain":0,"player_choice":"Fought Bandits","damage_taken":0,"max_hp_gain":0,"max_hp_loss":0,"event_name":"Masked Bandits","floor":19,"gold_loss":0},{"damage_healed":0,"gold_gain":0,"player_choice":"Inject Mutagens","damage_taken":0,"relics_obtained":["MutagenicStrength"],"max_hp_gain":0,"max_hp_loss":0,"event_name":"Drug Dealer","floor":20,"gold_loss":0}],"is_beta":false,"boss_relics":[{"not_picked":["Eternal Feather","Pandora\u0027s Box"],"picked":"Tiny House"}],"items_purged_floors":[],"is_endless":false,"potions_floor_spawned":[2,3,11,14],"killed_by":"2 Thieves","ascension_level":12}