{"gold_per_floor":[111,66,80,96,113,113,131,131,199,199,218,243,243,260,260,363,363,344,357,371,384,284,284],"floor_reached":23,"playtime":1870,"items_purged":["Defend_R"],"score":236,"play_id":"020b40f1-fefe-44a4-95d3-3b3164ac3ec8","local_time":"20190202193311","is_ascension_mode":true,"campfire_choices":[{"data":"Bash","floor":6,"key":"SMITH"},{"data":"Infernal Blade","floor":8,"key":"SMITH"},{"data":"Anger","floor":10,"key":"SMITH"},{"data":"Power Through","floor":15,"key":"SMITH"}],"neow_cost":"NONE","seed_source_timestamp":416761554620000,"circlet_count":0,"master_deck":["Strike_R","Strike_R","Strike_R","Strike_R","Strike_R","Defend_R","Defend_R","Defend_R","Bash+1","Ghostly Armor","Shrug It Off","Infernal Blade+1","Anger+1","Shrug It Off","Power Through+1","Iron Wave","Shockwave","Demon Form","Disarm+1","Evolve+1","Clothesline+1","True Grit","Armaments"],"relics":["Black Blood","Bag of Marbles","Pantograph","StoneCalendar"],"potions_floor_usage":[12,18,20],"damage_taken":[{"damage":1,"enemies":"Cultist","floor":1,"turns":3},{"damage":2,"enemies":"Jaw Worm","floor":3,"turns":3},{"damage":0,"enemies":"Small Slimes","floor":4,"turns":3},{"damage":3,"enemies":"Exordium Wildlife","floor":5,"turns":3},{"damage":13,"enemies":"Large Slime","floor":7,"turns":6},{"damage":0,"enemies":"2 Fungi Beasts","floor":11,"turns":2},{"damage":3,"enemies":"Lagavulin","floor":12,"turns":6},{"damage":0,"enemies":"Exordium Thugs","floor":14,"turns":4},{"damage":35,"enemies":"The Guardian","floor":16,"turns":10},{"damage":2,"enemies":"2 Thieves","floor":18,"turns":4},{"damage":17,"enemies":"Shell Parasite","floor":19,"turns":7},{"damage":19,"enemies":"Shelled Parasite and Fungi","floor":20,"turns":8},{"damage":11,"enemies":"Snake Plant","floor":21,"turns":7},{"damage":27,"enemies":"Gremlin Leader","floor":23,"turns":5}],"seed_played":"3164169360529957663","potions_obtained":[{"floor":1,"key":"Swift Potion"},{"floor":3,"key":"EssenceOfSteel"},{"floor":11,"key":"GamblersBrew"},{"floor":12,"key":"EssenceOfSteel"},{"floor":13,"key":"Energy Potion"},{"floor":13,"key":"EssenceOfSteel"},{"floor":19,"key":"SmokeBomb"},{"floor":21,"key":"Weak Potion"}],"is_trial":false,"path_per_floor":["M","$","M","M","M","R","M","R","T","R","M","E","?","M","R","B",null,"M","M","M","M","$","E"],"character_chosen":"IRONCLAD","items_purchased":["Shrug It Off","Armaments"],"campfire_rested":0,"item_purchase_floors":[2,22],"current_hp_per_floor":[80,80,80,80,80,80,73,73,73,73,79,80,80,80,80,51,80,80,73,64,63,63,36],"gold":284,"neow_bonus":"RANDOM_COMMON_RELIC","is_prod":false,"is_daily":false,"chose_seed":false,"campfire_upgraded":4,"win_rate":0,"timestamp":1549153991,"path_taken":["M","$","?","M","M","R","M","R","T","R","M","E","?","?","R","BOSS","M","M","M","?","$","E"],"build_version":"2019-01-23","purchased_purges":1,"victory":false,"max_hp_per_floor":[80,80,80,80,80,80,80,80,80,80,80,80,80,80,80,80,80,80,80,80,80,80,80],"card_choices":[{"not_picked":["Disarm","Battle Trance"],"picked":"Ghostly Armor","floor":1},{"not_picked":["Twin Strike","Blood for Blood"],"picked":"Infernal Blade","floor":3},{"not_picked":["Dropkick","Fire Breathing"],"picked":"Anger","floor":4},{"not_picked":["Anger","Havoc"],"picked":"Shrug It Off","floor":5},{"not_picked":["Warcry","Rage","Fire Breathing"],"picked":"SKIP","floor":7},{"not_picked":["Bludgeon","Thunderclap"],"picked":"Power Through","floor":11},{"not_picked":["Headbutt","Burning Pact"],"picked":"Iron Wave","floor":12},{"not_picked":["Havoc","Anger"],"picked":"Shockwave","floor":14},{"not_picked":["Juggernaut","Berserk"],"picked":"Demon Form","floor":16},{"not_picked":["Dual Wield","Cleave"],"picked":"Disarm+1","floor":18},{"not_picked":["Perfected Strike+1","Warcry"],"picked":"Evolve+1","floor":19},{"not_picked":["Searing Blow","Twin Strike"],"picked":"Clothesline+1","floor":20},{"not_picked":["Sentinel","Flex"],"picked":"True Grit","floor":21}],"player_experience":89104,"relics_obtained":[{"floor":9,"key":"Pantograph"},{"floor":12,"key":"StoneCalendar"}],"event_choices":[{"damage_healed":0,"gold_gain":0,"player_choice":"Got Potions","damage_taken":0,"max_hp_gain":0,"max_hp_loss":0,"event_name":"Lab","floor":13,"gold_loss":0}],"is_beta":false,"boss_relics":[{"not_picked":["Busted Crown","Snecko Eye"],"picked":"Black Blood"}],"items_purged_floors":[22],"is_endless":false,"potions_floor_spawned":[1,3,11,12,16,19,21],"killed_by":"Gremlin Leader","ascension_level":4}