{"gold_per_floor":[114,38,55,55,55,87,87,117,117,117,136,86,86,118,118,219,219,219,219,219,219,219,219,219,219,219,219,93,93,93,93,93,93,93,93,43,43,43,43,43,43,43,43,43,43,43,43,43,43,43],"floor_reached":51,"playtime":1465,"items_purged":["Bash","Defend_R"],"score":1143,"play_id":"db9cc04e-868e-42f1-b435-5b19baf4225b","local_time":"20181201031038","is_ascension_mode":true,"campfire_choices":[{"data":"Inflame","floor":7,"key":"SMITH"},{"data":"Strike_R","floor":10,"key":"PURGE"},{"data":"Strike_R","floor":13,"key":"PURGE"},{"floor":15,"key":"REST"},{"data":"Strike_R","floor":23,"key":"PURGE"},{"data":"Limit Break","floor":30,"key":"SMITH"},{"floor":32,"key":"REST"},{"data":"Defend_R","floor":40,"key":"PURGE"},{"data":"Defend_R","floor":44,"key":"PURGE"},{"data":"Pommel Strike","floor":49,"key":"PURGE"}],"neow_cost":"NONE","seed_source_timestamp":24621464989787,"circlet_count":0,"master_deck":["AscendersBane","Thunderclap","Armaments+1","Sword Boomerang","Inflame+1","Shockwave","Limit Break+1","Battle Trance","Shrug It Off","True Grit","Metallicize","Ghostly Armor","Reaper","Inflame+1","Whirlwind","Parasite"],"relics":["Burning Blood","NeowsBlessing","Nunchaku","Smiling Mask","Peace Pipe","StoneCalendar","Ectoplasm","Oddly Smooth Stone","Magic Flower","Self Forming Clay","Blue Candle","Runic Dome","Centennial Puzzle"],"potions_floor_usage":[33,33,45],"damage_taken":[{"damage":0,"enemies":"2 Louse","floor":1,"turns":1},{"damage":0,"enemies":"Small Slimes","floor":3,"turns":1},{"damage":0,"enemies":"Lagavulin","floor":6,"turns":1},{"damage":32,"enemies":"Gremlin Nob","floor":8,"turns":4},{"damage":1,"enemies":"Cultist","floor":11,"turns":3},{"damage":37,"enemies":"3 Sentries","floor":14,"turns":6},{"damage":18,"enemies":"Hexaghost","floor":16,"turns":9},{"damage":13,"enemies":"3 Byrds","floor":18,"turns":5},{"damage":17,"enemies":"Chosen","floor":20,"turns":5},{"damage":8,"enemies":"Centurion and Healer","floor":22,"turns":4},{"damage":43,"enemies":"Book of Stabbing","floor":27,"turns":6},{"damage":15,"enemies":"Sentry and Sphere","floor":31,"turns":6},{"damage":31,"enemies":"Collector","floor":33,"turns":10},{"damage":19,"enemies":"3 Shapes","floor":35,"turns":4},{"damage":1,"enemies":"Orb Walker","floor":37,"turns":4},{"damage":8,"enemies":"Maw","floor":38,"turns":6},{"damage":1,"enemies":"Transient","floor":41,"turns":5},{"damage":18,"enemies":"4 Shapes","floor":45,"turns":3},{"damage":22,"enemies":"3 Darklings","floor":46,"turns":3},{"damage":33,"enemies":"Writhing Mass","floor":48,"turns":5},{"damage":36,"enemies":"Time Eater","floor":50,"turns":6}],"seed_played":"62161266501766198","potions_obtained":[{"floor":11,"key":"FearPotion"},{"floor":14,"key":"Dexterity Potion"},{"floor":31,"key":"Explosive Potion"},{"floor":35,"key":"GamblersBrew"},{"floor":41,"key":"Block Potion"},{"floor":48,"key":"BloodPotion"}],"is_trial":false,"path_per_floor":["M","$","M","?","?","E","R","E","T","R","M","?","R","E","R","B",null,"M","?","M","?","M","R","?","T","T","E","$","?","R","M","R","B",null,"M","$","M","M","$","R","M","?","T","R","M","M","$","M","R","B",null],"character_chosen":"IRONCLAD","items_purchased":["Armaments","Pommel Strike","Metallicize"],"campfire_rested":2,"item_purchase_floors":[2,2,28],"current_hp_per_floor":[78,78,80,73,73,79,79,53,53,53,58,58,58,27,51,39,70,63,63,52,52,50,50,50,50,50,16,16,16,16,10,34,12,63,76,76,80,80,80,80,80,80,80,80,80,80,80,80,80,75],"gold":43,"neow_bonus":"THREE_ENEMY_KILL","is_prod":false,"is_daily":false,"chose_seed":false,"campfire_upgraded":2,"win_rate":0,"timestamp":1543633838,"path_taken":["M","$","M","?","?","E","R","E","T","R","M","?","R","E","R","BOSS","M","?","?","?","M","R","?","?","T","E","$","?","R","M","R","BOSS","M","$","M","M","$","R","?","?","T","R","?","M","$","M","R","BOSS"],"build_version":"2018-11-15","purchased_purges":2,"victory":true,"max_hp_per_floor":[80,80,80,80,80,80,80,80,80,80,80,80,80,80,80,80,80,80,80,80,80,80,80,80,80,80,80,80,80,80,80,80,80,80,80,80,80,80,80,80,80,80,80,80,80,80,80,80,80,80],"card_choices":[{"not_picked":["Clothesline","Flex"],"picked":"Thunderclap","floor":1},{"not_picked":["Headbutt","Wild Strike"],"picked":"Sword Boomerang","floor":3},{"not_picked":["Reckless Charge","Iron Wave"],"picked":"Inflame","floor":6},{"not_picked":["Armaments","Headbutt"],"picked":"Shockwave","floor":8},{"not_picked":["Perfected Strike","Dropkick","Heavy Blade"],"picked":"SKIP","floor":11},{"not_picked":["Fire Breathing","True Grit","Power Through"],"picked":"SKIP","floor":14},{"not_picked":["Exhume","Offering"],"picked":"Limit Break","floor":16},{"not_picked":["Thunderclap","Flame Barrier","Pommel Strike"],"picked":"SKIP","floor":18},{"not_picked":["Disarm","Clothesline"],"picked":"Battle Trance","floor":20},{"not_picked":["Sever Soul","Disarm"],"picked":"Shrug It Off","floor":22},{"not_picked":["Heavy Blade+1","Sever Soul"],"picked":"True Grit","floor":27},{"not_picked":["Heavy Blade","Body Slam"],"picked":"Ghostly Armor","floor":31},{"not_picked":["Double Tap","Exhume"],"picked":"Reaper","floor":33},{"not_picked":["True Grit","Flame Barrier+1","Pommel Strike"],"picked":"SKIP","floor":35},{"not_picked":["Cleave","Fire Breathing","Disarm"],"picked":"SKIP","floor":37},{"not_picked":["Cleave","Fire Breathing","Disarm"],"picked":"SKIP","floor":37},{"not_picked":["Hemokinesis","Twin Strike"],"picked":"Inflame+1","floor":38},{"not_picked":["Evolve","Ghostly Armor+1","Disarm"],"picked":"SKIP","floor":41},{"not_picked":["Thunderclap","Searing Blow"],"picked":"Whirlwind","floor":45},{"not_picked":["Warcry","Headbutt","Anger"],"picked":"SKIP","floor":46},{"not_picked":["Evolve","Perfected Strike+1","Armaments"],"picked":"SKIP","floor":48}],"player_experience":228306,"relics_obtained":[{"floor":6,"key":"Nunchaku"},{"floor":8,"key":"Smiling Mask"},{"floor":9,"key":"Peace Pipe"},{"floor":14,"key":"StoneCalendar"},{"floor":25,"key":"Oddly Smooth Stone"},{"floor":26,"key":"Magic Flower"},{"floor":27,"key":"Self Forming Clay"},{"floor":43,"key":"Centennial Puzzle"}],"event_choices":[{"cards_removed":["Strike_R"],"damage_healed":0,"gold_gain":0,"player_choice":"Card Removal","damage_taken":7,"max_hp_gain":0,"max_hp_loss":0,"event_name":"Golden Wing","floor":4,"gold_loss":0},{"damage_healed":0,"gold_gain":0,"player_choice":"Grow","damage_taken":0,"max_hp_gain":0,"max_hp_loss":0,"event_name":"Living Wall","floor":5,"gold_loss":0,"cards_upgraded":["Armaments"]},{"cards_removed":["Strike_R"],"damage_healed":0,"gold_gain":0,"player_choice":"Card Removal","damage_taken":0,"max_hp_gain":0,"max_hp_loss":0,"event_name":"The Cleric","floor":12,"gold_loss":50},{"damage_healed":0,"gold_gain":100,"player_choice":"Pray","damage_taken":0,"max_hp_gain":0,"max_hp_loss":0,"event_name":"Golden Shrine","floor":19,"gold_loss":0},{"damage_healed":0,"gold_gain":0,"player_choice":"Ignored","damage_taken":0,"max_hp_gain":0,"max_hp_loss":0,"event_name":"Ghosts","floor":21,"gold_loss":0},{"cards_removed":["Defend_R"],"damage_healed":0,"gold_gain":0,"player_choice":"Elegance","damage_taken":0,"max_hp_gain":0,"max_hp_loss":0,"event_name":"Back to Basics","floor":24,"gold_loss":0},{"damage_healed":0,"gold_gain":0,"player_choice":"Gave Potion","damage_taken":0,"relics_obtained":["Blue Candle"],"max_hp_gain":0,"max_hp_loss":0,"event_name":"WeMeetAgain","floor":29,"gold_loss":0},{"damage_healed":0,"gold_gain":0,"player_choice":"0 cards matched","damage_taken":0,"max_hp_gain":0,"max_hp_loss":0,"event_name":"Match and Keep!","floor":42,"gold_loss":0,"cards_obtained":[]}],"is_beta":false,"boss_relics":[{"not_picked":["Fusion Hammer","Lizard Tail"],"picked":"Ectoplasm"},{"not_picked":["Eternal Feather","Philosopher\u0027s Stone"],"picked":"Runic Dome"}],"items_purged_floors":[28,36],"is_endless":false,"potions_floor_spawned":[11,14,16,31,35,41,48],"ascension_level":12}