{"gold_per_floor":[113,113,113,128,78,105,105,124,199,226,242,417,16,32,32,132,132,146,164,439,455,472,472,485,115,115,134,134,163,163,163,175,289,301,326,356,368,394,406,418,11,39,39,39,70,70,84,0,0,0],"floor_reached":51,"playtime":7030,"items_purged":["Regret","Doubt","Regret"],"score":1178,"play_id":"bfb15ecb-efa5-49da-af0b-fbe4cfa57a0e","local_time":"20190130190505","is_ascension_mode":true,"campfire_choices":[{"data":"Zap","floor":7,"key":"SMITH"},{"data":"Buffer","floor":15,"key":"SMITH"},{"data":"Dualcast","floor":23,"key":"SMITH"},{"data":"Defragment","floor":28,"key":"SMITH"},{"data":"Defragment","floor":30,"key":"SMITH"},{"data":"Streamline","floor":32,"key":"SMITH"},{"data":"Rainbow","floor":40,"key":"SMITH"},{"data":"Conserve Battery","floor":44,"key":"SMITH"},{"data":"Force Field","floor":46,"key":"SMITH"},{"data":"Defend_B","floor":49,"key":"SMITH"}],"neow_cost":"NONE","seed_source_timestamp":1727067942515865,"circlet_count":0,"master_deck":["AscendersBane","Strike_B+1","Strike_B+1","Strike_B+1","Defend_B","Defend_B","Defend_B+1","Defend_B+1","Zap+1","Dualcast+1","Defragment+1","Defragment+1","Cold Snap","FTL","Cold Snap","Buffer+1","Streamline+1","Rainbow+1","Conserve Battery+1","Force Field+1","Self Repair","Conserve Battery+1","Self Repair","Machine Learning+1","Defragment+1","Capacitor+1","Defragment+1","Storm+1","Storm+1","Self Repair+1","Defragment+1"],"relics":["Cracked Core","NeowsBlessing","Smiling Mask","Whetstone","Meat on the Bone","Dead Branch","PreservedInsect","MealTicket","Velvet Choker","Mummified Hand","Singing Bowl","Frozen Egg 2","MawBank","Coffee Dripper","The Courier","Dodecahedron","Bottled Tornado","Blood Vial","Red Mask"],"potions_floor_usage":[10,10,11,16,18,21,29,33,33,47,50],"damage_taken":[{"damage":0,"enemies":"Jaw Worm","floor":1,"turns":1},{"damage":0,"enemies":"Small Slimes","floor":4,"turns":1},{"damage":0,"enemies":"Lagavulin","floor":6,"turns":1},{"damage":0,"enemies":"Cultist","floor":8,"turns":3},{"damage":19,"enemies":"3 Sentries","floor":10,"turns":5},{"damage":4,"enemies":"Looter","floor":11,"turns":2},{"damage":7,"enemies":"Red Slaver","floor":14,"turns":3},{"damage":5,"enemies":"Hexaghost","floor":16,"turns":9},{"damage":1,"enemies":"3 Byrds","floor":18,"turns":2},{"damage":5,"enemies":"Chosen","floor":19,"turns":5},{"damage":6,"enemies":"Centurion and Healer","floor":21,"turns":8},{"damage":27,"enemies":"Snake Plant","floor":22,"turns":5},{"damage":1,"enemies":"Snecko","floor":24,"turns":5},{"damage":1,"enemies":"Cultist and Chosen","floor":27,"turns":7},{"damage":17,"enemies":"Gremlin Leader","floor":29,"turns":6},{"damage":20,"enemies":"Automaton","floor":33,"turns":13},{"damage":30,"enemies":"3 Darklings","floor":35,"turns":6},{"damage":14,"enemies":"Orb Walker","floor":36,"turns":4},{"damage":12,"enemies":"Maw","floor":38,"turns":9},{"damage":24,"enemies":"Reptomancer","floor":42,"turns":3},{"damage":0,"enemies":"Giant Head","floor":45,"turns":5},{"damage":0,"enemies":"Jaw Worm Horde","floor":47,"turns":3},{"damage":11,"enemies":"Donu and Deca","floor":50,"turns":6}],"seed_played":"-1290845371942620369","potions_obtained":[{"floor":8,"key":"EntropicBrew"},{"floor":10,"key":"FocusPotion"},{"floor":16,"key":"PowerPotion"},{"floor":18,"key":"Regen Potion"},{"floor":19,"key":"Energy Potion"},{"floor":27,"key":"SneckoOil"},{"floor":29,"key":"Energy Potion"},{"floor":36,"key":"AttackPotion"},{"floor":38,"key":"Energy Potion"},{"floor":45,"key":"Dexterity Potion"}],"is_trial":false,"path_per_floor":["M","?","?","M","$","E","R","M","T","E","M","?","$","M","R","B",null,"M","M","?","M","M","R","M","$","T","M","R","E","R","?","R","B",null,"M","M","T","M","?","R","$","E","T","R","E","R","M","?","R","B",null],"character_chosen":"DEFECT","items_purchased":["PreservedInsect","MealTicket","Mummified Hand","Self Repair","Defragment+1","Capacitor+1","Defragment+1","Storm+1","Storm+1","Self Repair+1","Defragment+1"],"campfire_rested":0,"item_purchase_floors":[13,13,25,25,41,41,41,41,41,41,41],"current_hp_per_floor":[68,68,53,53,53,53,53,53,53,46,42,42,42,47,47,42,67,66,61,61,55,47,47,53,68,68,77,77,76,76,76,76,70,77,63,58,58,62,62,62,77,62,62,62,88,88,91,91,91,91],"gold":0,"neow_bonus":"THREE_ENEMY_KILL","is_prod":false,"is_daily":false,"chose_seed":false,"campfire_upgraded":10,"win_rate":0,"timestamp":1548903905,"path_taken":["M","?","?","M","$","E","R","M","T","E","M","?","$","?","R","BOSS","M","M","?","?","M","R","M","$","T","M","R","E","R","?","R","BOSS","M","M","?","?","?","R","$","E","T","R","E","R","?","?","R","BOSS"],"build_version":"2019-01-23","purchased_purges":3,"victory":true,"max_hp_per_floor":[75,75,75,75,75,75,75,75,75,75,75,75,75,75,75,75,75,75,75,75,75,75,75,75,75,75,77,77,79,79,79,79,79,79,81,83,83,85,85,85,85,87,87,87,89,89,91,91,91,91],"card_choices":[{"not_picked":["Sweeping Beam","Barrage"],"picked":"Defragment","floor":1},{"not_picked":["Gash","Lockon"],"picked":"Defragment","floor":4},{"not_picked":["Amplify","Stack"],"picked":"Cold Snap","floor":6},{"not_picked":["Streamline","Rebound"],"picked":"FTL","floor":8},{"not_picked":["Sweeping Beam","Steam"],"picked":"Cold Snap","floor":10},{"not_picked":["Steam","Stack"],"picked":"Buffer","floor":11},{"not_picked":["Sunder","Hologram"],"picked":"Streamline","floor":14},{"not_picked":["Hyperbeam","All For One"],"picked":"Rainbow","floor":16},{"not_picked":["Sunder","Scrape"],"picked":"Conserve Battery","floor":18},{"not_picked":["Hologram","Sweeping Beam"],"picked":"Force Field","floor":19},{"not_picked":["Redo","Barrage"],"picked":"Self Repair","floor":21},{"not_picked":["Fusion","Amplify"],"picked":"Conserve Battery+1","floor":22},{"not_picked":["Double Energy","Compile Driver","Gash"],"picked":"SKIP","floor":24},{"not_picked":["Redo","Rebound","Reprogram"],"picked":"Singing Bowl","floor":27},{"not_picked":["Doom and Gloom","Hologram+1","Melter"],"picked":"Singing Bowl","floor":29},{"not_picked":["Multi-Cast","Fission"],"picked":"Machine Learning+1","floor":33},{"not_picked":["Coolheaded","Conserve Battery","Hologram+1"],"picked":"Singing Bowl","floor":35},{"not_picked":["Steam+1","Barrage","Sweeping Beam+1"],"picked":"Singing Bowl","floor":36},{"not_picked":["Stack","Force Field","Hologram+1"],"picked":"Singing Bowl","floor":38},{"not_picked":["Rebound+1","Lockon+1","Redo"],"picked":"Singing Bowl","floor":42},{"not_picked":["Turbo","Auto Shields","Rip and Tear+1"],"picked":"Singing Bowl","floor":45},{"not_picked":["Steam Power+1","Sunder","Sweeping Beam+1"],"picked":"Singing Bowl","floor":47}],"player_experience":547460,"relics_obtained":[{"floor":6,"key":"Whetstone"},{"floor":9,"key":"Meat on the Bone"},{"floor":10,"key":"Dead Branch"},{"floor":26,"key":"Singing Bowl"},{"floor":29,"key":"Frozen Egg 2"},{"floor":37,"key":"The Courier"},{"floor":42,"key":"Dodecahedron"},{"floor":43,"key":"Bottled Tornado"},{"floor":45,"key":"Blood Vial"}],"event_choices":[{"damage_healed":0,"gold_gain":0,"player_choice":"Box","damage_taken":0,"relics_obtained":["Smiling Mask"],"max_hp_gain":0,"max_hp_loss":0,"event_name":"Big Fish","floor":2,"gold_loss":0,"cards_obtained":["Regret"]},{"damage_healed":0,"gold_gain":0,"player_choice":"Entered Light","damage_taken":15,"max_hp_gain":0,"max_hp_loss":0,"event_name":"Shining Light","floor":3,"gold_loss":0,"cards_upgraded":["Strike_B","Defend_B"]},{"damage_healed":0,"gold_gain":175,"player_choice":"AGREE","damage_taken":0,"max_hp_gain":0,"max_hp_loss":0,"event_name":"Liars Game","floor":12,"gold_loss":0,"cards_obtained":["Doubt"]},{"damage_healed":0,"gold_gain":275,"player_choice":"Desecrate","damage_taken":0,"max_hp_gain":0,"max_hp_loss":0,"event_name":"Golden Shrine","floor":20,"gold_loss":0,"cards_obtained":["Regret"]},{"damage_healed":0,"gold_gain":0,"player_choice":"Gave Potion","damage_taken":0,"relics_obtained":["MawBank"],"max_hp_gain":0,"max_hp_loss":0,"event_name":"WeMeetAgain","floor":31,"gold_loss":0},{"cards_removed":["Strike_B"],"damage_healed":0,"gold_gain":0,"player_choice":"Purged","damage_taken":0,"max_hp_gain":0,"max_hp_loss":0,"event_name":"Purifier","floor":39,"gold_loss":0},{"damage_healed":0,"gold_gain":0,"player_choice":"Paid","damage_taken":0,"relics_obtained":["Red Mask"],"max_hp_gain":0,"max_hp_loss":0,"event_name":"Tomb of Lord Red Mask","floor":48,"gold_loss":84}],"is_beta":false,"boss_relics":[{"not_picked":["Calling Bell","Pandora\u0027s Box"],"picked":"Velvet Choker"},{"not_picked":["Runic Dome","Runic Pyramid"],"picked":"Coffee Dripper"}],"items_purged_floors":[5,13,25],"is_endless":false,"potions_floor_spawned":[8,10,16,18,19,27,29,36,38,45],"ascension_level":10}