{"gold_per_floor":[219,14,14,26,26,26,59,59,134,161,173,184,184,202,202,303,303,322,332,348,366,366,366,366,366,366,125,125,125,224,239,239,338,338,348,448,468,33,51,51,85,85,85,85,104,64,64,64,64,64],"floor_reached":51,"playtime":4096,"items_purged":[],"score":742,"play_id":"dbf7b436-1bf9-4203-a840-61f3f3e9152f","local_time":"20190118142646","is_ascension_mode":true,"campfire_choices":[{"data":"Zap","floor":6,"key":"SMITH"},{"floor":8,"key":"REST"},{"floor":13,"key":"REST"},{"floor":15,"key":"DIG"},{"floor":23,"key":"DIG"},{"floor":25,"key":"DIG"},{"floor":29,"key":"DIG"},{"floor":32,"key":"DIG"},{"floor":40,"key":"DIG"},{"floor":42,"key":"REST"},{"floor":44,"key":"DIG"},{"floor":49,"key":"REST"}],"neow_cost":"NONE","seed_source_timestamp":786258049648000,"circlet_count":0,"master_deck":["Strike_B+1","Strike_B+1","Strike_B+1","Strike_B+1","Defend_B+1","Defend_B+1","Defend_B+1","Defend_B+1","Zap+1","Dualcast","Cold Snap+1","Coolheaded+1","Beam Cell","White Noise+1","Storm","Auto Shields+1","Go for the Eyes","Rainbow+1","Conserve Battery+1","Melter","Auto Shields+1","Chaos+1","Consume+1","Self Repair+1","Amplify+1","Sweeping Beam+1","Consume+1","Hello World+1","Storm+1","Doom and Gloom+1","Stack+1","Madness+1","Madness+1"],"relics":["Cracked Core","OrangePellets","Pear","Centennial Puzzle","Toxic Egg 2","Shovel","Question Card","Busted Crown","Juzu Bracelet","Strawberry","Unceasing Top","Frozen Egg 2","Gremlin Horn","Oddly Smooth Stone","Inserter","Du-Vu Doll","Toolbox","Ancient Tea Set","Omamori","Letter Opener","Dodecahedron","Prayer Wheel"],"potions_floor_usage":[10,19,37,41,45],"damage_taken":[{"damage":4,"enemies":"2 Louse","floor":1,"turns":3},{"damage":1,"enemies":"Jaw Worm","floor":4,"turns":3},{"damage":36,"enemies":"Lagavulin","floor":7,"turns":10},{"damage":6,"enemies":"Gremlin Nob","floor":10,"turns":3},{"damage":0,"enemies":"Cultist","floor":11,"turns":2},{"damage":13,"enemies":"Lots of Slimes","floor":12,"turns":4},{"damage":3,"enemies":"Looter","floor":14,"turns":3},{"damage":18,"enemies":"The Guardian","floor":16,"turns":17},{"damage":0,"enemies":"Spheric Guardian","floor":18,"turns":5},{"damage":8,"enemies":"Chosen","floor":19,"turns":3},{"damage":4,"enemies":"Snake Plant","floor":20,"turns":5},{"damage":6,"enemies":"Shelled Parasite and Fungi","floor":21,"turns":5},{"damage":0,"enemies":"Centurion and Healer","floor":31,"turns":6},{"damage":0,"enemies":"Champ","floor":33,"turns":13},{"damage":0,"enemies":"3 Shapes","floor":35,"turns":5},{"damage":11,"enemies":"Mind Bloom Boss Battle","floor":36,"turns":8},{"damage":3,"enemies":"3 Darklings","floor":37,"turns":9},{"damage":4,"enemies":"Maw","floor":39,"turns":8},{"damage":45,"enemies":"Nemesis","floor":41,"turns":7},{"damage":15,"enemies":"Jaw Worm Horde","floor":45,"turns":4},{"damage":2,"enemies":"Donu and Deca","floor":50,"turns":11}],"seed_played":"-8003926091619421841","potions_obtained":[{"floor":7,"key":"Explosive Potion"},{"floor":12,"key":"SkillPotion"},{"floor":16,"key":"SteroidPotion"},{"floor":19,"key":"SneckoOil"},{"floor":35,"key":"Block Potion"},{"floor":41,"key":"FearPotion"},{"floor":45,"key":"SkillPotion"}],"is_trial":false,"path_per_floor":["M","$","?","M","?","R","E","R","T","E","M","M","R","M","R","B",null,"M","M","M","M","?","R","?","R","T","$","?","R","?","M","R","B",null,"M","?","M","$","M","R","E","R","T","R","M","?","?","?","R","B",null],"character_chosen":"DEFECT","items_purchased":["OrangePellets","Frozen Egg 2","Storm+1","Toolbox","Ancient Tea Set"],"campfire_rested":4,"item_purchase_floors":[2,27,38,38,38],"current_hp_per_floor":[71,71,74,73,73,73,37,62,62,56,56,43,68,65,65,47,85,85,77,73,67,67,67,67,74,74,74,74,74,74,74,74,84,92,92,91,92,92,92,92,57,84,84,84,79,79,67,67,92,92],"gold":64,"neow_bonus":"HUNDRED_GOLD","is_prod":false,"is_daily":false,"chose_seed":false,"campfire_upgraded":1,"win_rate":1,"timestamp":1547839606,"path_taken":["M","$","?","M","?","R","E","R","T","E","?","?","R","M","R","BOSS","M","M","?","M","?","R","?","R","T","$","?","R","?","M","R","BOSS","M","?","M","$","M","R","E","R","T","R","M","?","?","?","R","BOSS"],"build_version":"2019-01-17v2","purchased_purges":0,"victory":true,"max_hp_per_floor":[75,75,85,85,85,85,85,85,85,85,85,85,85,85,85,85,85,85,85,85,85,85,85,85,92,92,92,92,92,92,92,92,92,92,92,92,92,92,92,92,92,92,92,92,92,92,92,92,92,92],"card_choices":[{"not_picked":["Tempest","Heatsinks"],"picked":"Cold Snap","floor":1},{"not_picked":["Turbo","Steam"],"picked":"Coolheaded","floor":4},{"not_picked":["Turbo","Hologram"],"picked":"Beam Cell","floor":7},{"not_picked":["Force Field+1","Compile Driver"],"picked":"White Noise+1","floor":10},{"not_picked":["Turbo+1","Cold Snap"],"picked":"Storm","floor":11},{"not_picked":["Rebound","Barrage"],"picked":"Auto Shields+1","floor":12},{"not_picked":["Doom and Gloom","Cold Snap"],"picked":"Go for the Eyes","floor":14},{"not_picked":["Amplify+1","Reboot+1","Meteor Strike"],"picked":"Rainbow+1","floor":16},{"not_picked":["Steam+1"],"picked":"Conserve Battery+1","floor":18},{"not_picked":["Coolheaded+1"],"picked":"Melter","floor":19},{"not_picked":["Reprogram+1"],"picked":"Auto Shields+1","floor":20},{"not_picked":["Auto Shields+1"],"picked":"Chaos+1","floor":21},{"not_picked":["Cold Snap"],"picked":"Self Repair+1","floor":31},{"not_picked":["Multi-Cast+1"],"picked":"Amplify+1","floor":33},{"not_picked":["Streamline"],"picked":"Sweeping Beam+1","floor":35},{"not_picked":["Rebound"],"picked":"Consume+1","floor":36},{"not_picked":["Steam+1"],"picked":"Hello World+1","floor":37},{"not_picked":["Chill+1"],"picked":"Doom and Gloom+1","floor":39},{"not_picked":["Tempest+1"],"picked":"Stack+1","floor":41},{"not_picked":["Beam Cell","Conserve Battery+1"],"picked":"SKIP","floor":45},{"not_picked":["Conserve Battery+1","Redo+1"],"picked":"SKIP","floor":45}],"player_experience":41189,"relics_obtained":[{"floor":7,"key":"Centennial Puzzle"},{"floor":9,"key":"Toxic Egg 2"},{"floor":10,"key":"Shovel"},{"floor":15,"key":"Question Card"},{"floor":23,"key":"Juzu Bracelet"},{"floor":25,"key":"Strawberry"},{"floor":26,"key":"Unceasing Top"},{"floor":29,"key":"Gremlin Horn"},{"floor":32,"key":"Oddly Smooth Stone"},{"floor":36,"key":"Du-Vu Doll"},{"floor":40,"key":"Omamori"},{"floor":41,"key":"Letter Opener"},{"floor":43,"key":"Dodecahedron"},{"floor":44,"key":"Prayer Wheel"}],"event_choices":[{"damage_healed":0,"gold_gain":0,"player_choice":"Success","damage_taken":7,"relics_obtained":["Pear"],"max_hp_gain":0,"max_hp_loss":0,"event_name":"Scrap Ooze","floor":3,"gold_loss":0},{"damage_healed":0,"gold_gain":0,"player_choice":"Ignored","damage_taken":0,"max_hp_gain":0,"max_hp_loss":0,"event_name":"Shining Light","floor":5,"gold_loss":0},{"damage_healed":0,"gold_gain":0,"player_choice":"Simplicity","damage_taken":0,"max_hp_gain":0,"max_hp_loss":0,"event_name":"Back to Basics","floor":22,"gold_loss":0,"cards_upgraded":["Strike_B","Strike_B","Strike_B","Strike_B","Defend_B","Defend_B","Defend_B","Defend_B"]},{"damage_healed":0,"gold_gain":0,"player_choice":"Ignored","damage_taken":0,"max_hp_gain":0,"max_hp_loss":0,"event_name":"Beggar","floor":24,"gold_loss":0},{"damage_healed":0,"gold_gain":0,"player_choice":"Read","damage_taken":0,"max_hp_gain":0,"max_hp_loss":0,"event_name":"The Library","floor":28,"gold_loss":0,"cards_obtained":["Consume"]},{"damage_healed":0,"gold_gain":99,"player_choice":"Stole From Cult","damage_taken":0,"max_hp_gain":0,"max_hp_loss":0,"event_name":"Nest","floor":30,"gold_loss":0},{"damage_healed":0,"gold_gain":0,"player_choice":"Fight","damage_taken":0,"max_hp_gain":0,"max_hp_loss":0,"event_name":"MindBloom","floor":36,"gold_loss":0},{"damage_healed":0,"gold_gain":0,"player_choice":"Upgraded Two","damage_taken":0,"max_hp_gain":0,"max_hp_loss":0,"event_name":"Designer","floor":46,"gold_loss":40,"cards_upgraded":["Cold Snap","Coolheaded"]},{"damage_healed":0,"gold_gain":0,"player_choice":"Embrace Madness","damage_taken":12,"max_hp_gain":0,"max_hp_loss":0,"event_name":"Winding Halls","floor":47,"gold_loss":0,"cards_obtained":["Madness","Madness"]},{"damage_healed":0,"gold_gain":0,"player_choice":"Ignored","damage_taken":0,"max_hp_gain":0,"max_hp_loss":0,"event_name":"Mysterious Sphere","floor":48,"gold_loss":0}],"is_beta":false,"boss_relics":[{"not_picked":["Sozu","Philosopher\u0027s Stone"],"picked":"Busted Crown"},{"not_picked":["FrozenCore","Orrery"],"picked":"Inserter"}],"items_purged_floors":[],"is_endless":false,"potions_floor_spawned":[7,12,16,19,35,41,45],"ascension_level":1}