{"gold_per_floor":[114,133,133,151,171,171,202,202,202,218,233,33,66,66,66,164,164,182,182,51,51,69,69,86,106,130,130,150,150,75,92,92,197,197,216,261,261,0,100,100,115,134,209,209,58,58,75,92,92,92],"floor_reached":51,"playtime":5903,"items_purged":[],"score":824,"play_id":"277a03b0-dc9c-42ea-a7ce-4c9fb693bf36","local_time":"20181219125615","is_ascension_mode":true,"campfire_choices":[{"data":"Neutralize","floor":6,"key":"SMITH"},{"data":"Catalyst","floor":8,"key":"SMITH"},{"data":"Deadly Poison","floor":15,"key":"SMITH"},{"data":"Corpse Explosion","floor":23,"key":"SMITH"},{"data":"Terror","floor":27,"key":"SMITH"},{"data":"Deadly Poison","floor":29,"key":"SMITH"},{"data":"Deadly Poison","floor":32,"key":"SMITH"},{"data":"Panacea","floor":40,"key":"SMITH"},{"data":"Escape Plan","floor":44,"key":"SMITH"},{"data":"Strike_G+1","floor":46,"key":"PURGE"},{"floor":49,"key":"REST"}],"neow_cost":"NONE","seed_source_timestamp":1972464638342427,"circlet_count":0,"master_deck":["Defend_G+1","Defend_G+1","Defend_G+1","Defend_G+1","Defend_G+1","Strike_G+1","Strike_G+1","Survivor","Neutralize+1","Blur","Deadly Poison+1","Cloak And Dagger","Flying Knee","Catalyst+1","Infinite Blades+1","Well Laid Plans+1","PiercingWail","Corpse Explosion+1","Well Laid Plans+1","Deadly Poison+1","Infinite Blades+1","Dramatic Entrance","Escape Plan+1","Terror+1","Deadly Poison+1","Backstab","Tools of the Trade+1","Bouncing Flask+1","PiercingWail+1","Panacea+1","Escape Plan+1","Parasite","Wraith Form v2+1","Footwork+1"],"relics":["Ring of the Snake","Ninja Scroll","Frozen Egg 2","TwistedFunnel","Bottled Flame","WristBlade","Orichalcum","Lizard Tail","Peace Pipe","Red Mask","Pocketwatch","Pantograph","Happy Flower"],"potions_floor_usage":[13,13,13,16,16,33,41,50,50,50],"damage_taken":[{"damage":0,"enemies":"Small Slimes","floor":1,"turns":5},{"damage":0,"enemies":"2 Louse","floor":2,"turns":2},{"damage":0,"enemies":"Cultist","floor":4,"turns":4},{"damage":0,"enemies":"Blue Slaver","floor":5,"turns":4},{"damage":28,"enemies":"3 Sentries","floor":7,"turns":14},{"damage":2,"enemies":"Large Slime","floor":10,"turns":8},{"damage":0,"enemies":"Looter","floor":11,"turns":3},{"damage":3,"enemies":"Lagavulin","floor":13,"turns":4},{"damage":11,"enemies":"Slime Boss","floor":16,"turns":9},{"damage":0,"enemies":"Chosen","floor":18,"turns":3},{"damage":5,"enemies":"Shell Parasite","floor":22,"turns":2},{"damage":25,"enemies":"Centurion and Healer","floor":24,"turns":4},{"damage":0,"enemies":"Cultist and Chosen","floor":25,"turns":3},{"damage":0,"enemies":"Chosen and Byrds","floor":28,"turns":4},{"damage":0,"enemies":"Centurion and Healer","floor":31,"turns":4},{"damage":19,"enemies":"Champ","floor":33,"turns":11},{"damage":5,"enemies":"3 Shapes","floor":35,"turns":3},{"damage":15,"enemies":"2 Orb Walkers","floor":36,"turns":2},{"damage":0,"enemies":"Mind Bloom Boss Battle","floor":39,"turns":4},{"damage":2,"enemies":"Orb Walker","floor":41,"turns":3},{"damage":4,"enemies":"Jaw Worm Horde","floor":42,"turns":3},{"damage":9,"enemies":"Writhing Mass","floor":47,"turns":6},{"damage":1,"enemies":"Transient","floor":48,"turns":5},{"damage":28,"enemies":"Donu and Deca","floor":50,"turns":9}],"seed_played":"-8394421777883717745","potions_obtained":[{"floor":2,"key":"Block Potion"},{"floor":10,"key":"EntropicBrew"},{"floor":22,"key":"EssenceOfSteel"},{"floor":31,"key":"SpeedPotion"},{"floor":33,"key":"Fire Potion"},{"floor":39,"key":"PowerPotion"},{"floor":41,"key":"Poison Potion"}],"is_trial":false,"path_per_floor":["M","M","?","M","M","R","E","R","T","M","M","$","E","$","R","B",null,"M","?","$","?","M","R","M","M","T","R","M","R","?","M","R","B",null,"M","?","?","?","?","R","M","M","T","R","$","R","M","M","R","B",null],"character_chosen":"THE_SILENT","items_purchased":["TwistedFunnel","Deadly Poison","Infinite Blades+1","Happy Flower"],"campfire_rested":1,"item_purchase_floors":[12,20,20,45],"current_hp_per_floor":[63,63,56,56,56,56,28,28,28,26,26,26,23,23,23,12,56,56,56,56,56,51,51,26,26,26,26,26,26,26,26,26,7,54,49,34,34,34,34,34,32,28,28,28,28,28,19,18,39,36],"gold":92,"neow_bonus":"THREE_CARDS","is_prod":false,"is_daily":false,"chose_seed":false,"campfire_upgraded":9,"win_rate":0,"timestamp":1545252975,"path_taken":["M","M","?","M","M","R","E","R","T","M","M","$","E","$","R","BOSS","M","?","$","?","?","R","M","M","T","R","M","R","?","M","R","BOSS","M","?","?","?","?","R","M","M","T","R","?","R","M","M","R","BOSS"],"build_version":"2018-12-13","purchased_purges":0,"victory":true,"max_hp_per_floor":[70,70,70,70,70,70,70,70,70,70,70,70,70,70,70,70,70,70,70,70,70,70,70,70,70,70,70,70,70,70,70,70,70,70,70,70,70,70,70,70,70,70,70,70,70,70,70,70,70,70],"card_choices":[{"not_picked":["Deadly Poison","Cloak And Dagger"],"picked":"Blur","floor":0},{"not_picked":["Outmaneuver","PiercingWail"],"picked":"Deadly Poison","floor":1},{"not_picked":["Flying Knee","Deflect"],"picked":"Cloak And Dagger","floor":2},{"not_picked":["All Out Attack","Deflect"],"picked":"Flying Knee","floor":4},{"not_picked":["Quick Slash","Dagger Throw","Prepared"],"picked":"SKIP","floor":5},{"not_picked":["Bouncing Flask","Outmaneuver"],"picked":"Catalyst","floor":7},{"not_picked":["Wraith Form v2+1","Deflect"],"picked":"Infinite Blades+1","floor":10},{"not_picked":["Expertise","Cloak And Dagger"],"picked":"Well Laid Plans+1","floor":11},{"not_picked":["Setup","Deflect"],"picked":"PiercingWail","floor":13},{"not_picked":["Envenom+1","A Thousand Cuts+1"],"picked":"Corpse Explosion","floor":16},{"not_picked":["Dodge and Roll","Slice"],"picked":"Well Laid Plans+1","floor":18},{"not_picked":["Bane","Deflect"],"picked":"Escape Plan","floor":22},{"not_picked":["PiercingWail","Dagger Spray"],"picked":"Terror","floor":24},{"not_picked":["Underhanded Strike+1","Poisoned Stab"],"picked":"Deadly Poison","floor":25},{"not_picked":["Skewer+1","Slice+1"],"picked":"Backstab","floor":28},{"not_picked":["Eviscerate","Choke+1","Backstab"],"picked":"SKIP","floor":31},{"not_picked":["Glass Knife","Storm of Steel"],"picked":"Tools of the Trade+1","floor":33},{"not_picked":["Dagger Throw+1","Underhanded Strike"],"picked":"Bouncing Flask+1","floor":35},{"not_picked":["Poisoned Stab","Setup"],"picked":"PiercingWail+1","floor":36},{"not_picked":["Dark Shackles","Master of Strategy"],"picked":"Panacea","floor":37},{"not_picked":["PiercingWail","Poisoned Stab","Terror"],"picked":"SKIP","floor":41},{"not_picked":["Backflip","Flying Knee+1"],"picked":"Escape Plan+1","floor":42},{"not_picked":["Prepared","Quick Slash"],"picked":"Wraith Form v2+1","floor":47},{"not_picked":["Bane+1","Deflect+1"],"picked":"Footwork+1","floor":48}],"player_experience":130798,"relics_obtained":[{"floor":7,"key":"Ninja Scroll"},{"floor":9,"key":"Frozen Egg 2"},{"floor":13,"key":"Bottled Flame"},{"floor":26,"key":"Orichalcum"},{"floor":36,"key":"Peace Pipe"},{"floor":39,"key":"Pocketwatch"},{"floor":43,"key":"Pantograph"}],"event_choices":[{"cards_removed":["Strike_G"],"damage_healed":0,"gold_gain":0,"player_choice":"Card Removal","damage_taken":7,"max_hp_gain":0,"max_hp_loss":0,"event_name":"Golden Wing","floor":3,"gold_loss":0},{"damage_healed":0,"gold_gain":0,"player_choice":"Simplicity","damage_taken":0,"max_hp_gain":0,"max_hp_loss":0,"event_name":"Back to Basics","floor":19,"gold_loss":0,"cards_upgraded":["Defend_G","Defend_G","Defend_G","Defend_G","Defend_G","Strike_G","Strike_G","Strike_G","Strike_G"]},{"damage_healed":0,"gold_gain":0,"player_choice":"1 cards matched","damage_taken":0,"max_hp_gain":0,"max_hp_loss":0,"event_name":"Match and Keep!","floor":21,"gold_loss":0,"cards_obtained":["Dramatic Entrance"]},{"cards_removed":["Strike_G"],"damage_healed":0,"gold_gain":0,"player_choice":"Gave Gold","damage_taken":0,"max_hp_gain":0,"max_hp_loss":0,"event_name":"Beggar","floor":30,"gold_loss":75},{"damage_healed":0,"gold_gain":0,"player_choice":"Fight","damage_taken":0,"max_hp_gain":0,"max_hp_loss":0,"event_name":"Mysterious Sphere","floor":36,"gold_loss":0},{"damage_healed":0,"gold_gain":0,"player_choice":"Memory 1","damage_taken":0,"max_hp_gain":0,"max_hp_loss":0,"event_name":"SensoryStone","floor":37,"gold_loss":0},{"damage_healed":0,"gold_gain":0,"player_choice":"Paid","damage_taken":0,"relics_obtained":["Red Mask"],"max_hp_gain":0,"max_hp_loss":0,"event_name":"Tomb of Lord Red Mask","floor":38,"gold_loss":261},{"damage_healed":0,"gold_gain":0,"player_choice":"Fight","damage_taken":0,"max_hp_gain":0,"max_hp_loss":0,"event_name":"MindBloom","floor":39,"gold_loss":0}],"is_beta":false,"boss_relics":[{"not_picked":["Fusion Hammer","Empty Cage"],"picked":"WristBlade"},{"not_picked":["Snecko Eye","Pandora\u0027s Box"],"picked":"Lizard Tail"}],"items_purged_floors":[],"is_endless":false,"potions_floor_spawned":[2,10,22,31,33,39,41,42],"ascension_level":6}