{"gold_per_floor":[116,128,128,128,140,140,160,174,197,197,197,207,262,290,290,391,391,408,408,423,49,64,64,3,20,73,85,128,140,164,276,288,403,415,440,452,464,123,140,140,171,171,171,171,182,182,209,228,228,228],"floor_reached":51,"playtime":6566,"items_purged":["Strike_G","Strike_G"],"score":733,"play_id":"2448a8f7-63c6-42a0-be1e-23cf429e9c6b","local_time":"20190203032734","is_ascension_mode":true,"campfire_choices":[{"data":"Cloak And Dagger","floor":6.0,"key":"SMITH"},{"data":"Neutralize","floor":10.0,"key":"SMITH"},{"data":"Survivor","floor":15.0,"key":"SMITH"},{"data":"Cloak And Dagger","floor":23.0,"key":"SMITH"},{"data":"Storm of Steel","floor":27.0,"key":"SMITH"},{"data":"Footwork","floor":29.0,"key":"SMITH"},{"floor":32.0,"key":"REST"},{"data":"Outmaneuver","floor":40.0,"key":"SMITH"},{"floor":42.0,"key":"REST"},{"data":"Flying Knee","floor":44.0,"key":"SMITH"},{"data":"Dagger Throw","floor":46.0,"key":"SMITH"},{"floor":49.0,"key":"REST"}],"neow_cost":"NONE","seed_source_timestamp":217038292603739,"circlet_count":0,"master_deck":["Defend_G","Defend_G","Defend_G","Defend_G","Defend_G","Strike_G","Strike_G","Strike_G","Survivor+1","Neutralize+1","Outmaneuver+1","Cloak And Dagger+1","Riddle With Holes+1","Blade Dance+1","Flying Knee+1","Footwork+1","Storm of Steel+1","Dagger Throw+1","Cloak And Dagger+1","Terror+1","Phantasmal Killer+1","Flying Knee+1","Dash+1","Malaise+1","Slice+1","Secret Weapon+1","Distraction+1","Apotheosis+1","Prepared+1","Dodge and Roll+1","Flying Knee+1"],"special_seed":0,"relics":["Ring of the Snake","NeowsBlessing","Juzu Bracelet","Odd Mushroom","Whetstone","Boot","Runic Pyramid","Nilry\u0027s Codex","Membership Card","Toxic Egg 2","PreservedInsect","MawBank","Blood Vial","Tingsha","Question Card","Philosopher\u0027s Stone","Vajra","Singing Bowl","FossilizedHelix","StoneCalendar","Frozen Egg 2"],"potions_floor_usage":[50,50],"damage_taken":[{"damage":0.0,"enemies":"Cultist","floor":1.0,"turns":1.0},{"damage":0.0,"enemies":"2 Louse","floor":2.0,"turns":1.0},{"damage":0.0,"enemies":"Jaw Worm","floor":5.0,"turns":1.0},{"damage":17.0,"enemies":"The Mushroom Lair","floor":7.0,"turns":6.0},{"damage":2.0,"enemies":"Blue Slaver","floor":8.0,"turns":4.0},{"damage":0.0,"enemies":"Looter","floor":12.0,"turns":2.0},{"damage":15.0,"enemies":"Lagavulin","floor":14.0,"turns":6.0},{"damage":37.0,"enemies":"Slime Boss","floor":16.0,"turns":15.0},{"damage":17.0,"enemies":"Spheric Guardian","floor":18.0,"turns":4.0},{"damage":0.0,"enemies":"Chosen","floor":20.0,"turns":4.0},{"damage":0.0,"enemies":"Snake Plant","floor":22.0,"turns":4.0},{"damage":0.0,"enemies":"Cultist and Chosen","floor":25.0,"turns":4.0},{"damage":15.0,"enemies":"Slavers","floor":28.0,"turns":4.0},{"damage":0.0,"enemies":"Snecko","floor":30.0,"turns":3.0},{"damage":6.0,"enemies":"Colosseum Slavers","floor":31.0,"turns":4.0},{"damage":7.0,"enemies":"Colosseum Nobs","floor":31.0,"turns":2.0},{"damage":32.0,"enemies":"Champ","floor":33.0,"turns":10.0},{"damage":5.0,"enemies":"Orb Walker","floor":35.0,"turns":3.0},{"damage":14.0,"enemies":"3 Darklings","floor":39.0,"turns":3.0},{"damage":12.0,"enemies":"Reptomancer","floor":41.0,"turns":5.0},{"damage":18.0,"enemies":"Jaw Worm Horde","floor":45.0,"turns":4.0},{"damage":0.0,"enemies":"Nemesis","floor":47.0,"turns":4.0},{"damage":0.0,"enemies":"Transient","floor":48.0,"turns":5.0},{"damage":62,"enemies":"Time Eater","floor":50,"turns":16}],"seed_played":"-6730164288230712443","potions_obtained":[{"floor":1.0,"key":"Poison Potion"},{"floor":2.0,"key":"FearPotion"},{"floor":12.0,"key":"Regen Potion"},{"floor":14.0,"key":"Explosive Potion"},{"floor":16.0,"key":"SkillPotion"},{"floor":18.0,"key":"GhostInAJar"},{"floor":20.0,"key":"SpeedPotion"},{"floor":25.0,"key":"Fire Potion"},{"floor":30.0,"key":"SneckoOil"},{"floor":33.0,"key":"Weak Potion"},{"floor":45.0,"key":"PowerPotion"}],"is_trial":false,"path_per_floor":["M","T","?","?","?","?","?","?","?","?","?"],"character_chosen":"THE_SILENT","items_purchased":["Membership Card","Toxic Egg 2","Terror+1","Distraction+1","Apotheosis+1","Vajra","Singing Bowl"],"campfire_rested":3,"item_purchase_floors":[21,21,21,38,38,38,38],"current_hp_per_floor":[70,70,70,75,75,75,58,56,56,56,56,56,56,56,56,19,75,58,42,42,42,42,42,42,42,42,42,27,27,29,20,42,12,75,70,70,70,70,58,58,50,73,73,73,57,57,61,63,79,17],"gold":228,"neow_bonus":"THREE_ENEMY_KILL","is_prod":false,"is_daily":false,"chose_seed":false,"campfire_upgraded":9,"win_rate":0,"timestamp":1549160854,"path_taken":["M","?","?","?","M","R","?","M","T","R","?","M","?","E","R","BOSS","M","?","M","$","M","R","?","M","T","R","E","R","M","?","R","BOSS","M","?","?","$","M","R","E","R","T","R","M","R","E","M","R","BOSS"],"build_version":"2019-01-23","purchased_purges":2,"victory":true,"max_hp_per_floor":[70,70,70,75,75,75,75,75,75,75,75,75,75,75,75,75,75,75,75,75,75,75,75,75,75,75,75,75,75,75,75,75,75,75,75,75,75,75,75,75,77,77,77,77,77,77,79,79,79,79],"card_choices":[{"not_picked":["Distraction","Predator"],"picked":"Outmaneuver","floor":1.0},{"not_picked":["Underhanded Strike","Bane"],"picked":"Cloak And Dagger","floor":2.0},{"not_picked":["Acrobatics","Eviscerate"],"picked":"Riddle With Holes","floor":5.0},{"not_picked":["Dagger Throw","Expertise"],"picked":"Blade Dance","floor":7.0},{"not_picked":["Acrobatics","Bane"],"picked":"Flying Knee","floor":8.0},{"not_picked":["Reflex","Deadly Poison"],"picked":"Footwork","floor":12.0},{"not_picked":["Dagger Throw","Catalyst","Reflex"],"picked":"SKIP","floor":14.0},{"not_picked":["A Thousand Cuts","Bullet Time"],"picked":"Storm of Steel","floor":16.0},{"not_picked":["Bane","PiercingWail+1"],"picked":"Dagger Throw","floor":18.0},{"not_picked":["Endless Agony+1","Choke+1"],"picked":"Cloak And Dagger","floor":20.0},{"not_picked":["Underhanded Strike+1","Tactician+1"],"picked":"Phantasmal Killer+1","floor":22.0},{"not_picked":["Underhanded Strike+1","Slice","Poisoned Stab"],"picked":"SKIP","floor":25.0},{"not_picked":["Backflip+1","Backstab"],"picked":"Flying Knee","floor":28.0},{"not_picked":["Reflex+1","Underhanded Strike"],"picked":"Dash+1","floor":30.0},{"not_picked":["Adrenaline+1","Die Die Die","Doppelganger+1"],"picked":"Malaise+1","floor":33.0},{"not_picked":["Noxious Fumes","Sucker Punch+1","Dash+1"],"picked":"Slice+1","floor":35.0},{"not_picked":["Purity+1","Flash of Steel","Mind Blast"],"picked":"Secret Weapon+1","floor":36.0},{"not_picked":["Acrobatics+1","Blade Dance+1","Backflip+1"],"picked":"Prepared+1","floor":39.0},{"not_picked":["Eviscerate+1","Phantasmal Killer+1","Choke+1","Infinite Blades"],"picked":"Singing Bowl","floor":41.0},{"not_picked":["Blade Dance+1","Masterful Stab","Underhanded Strike"],"picked":"Dodge and Roll+1","floor":45.0},{"not_picked":["Eviscerate","Leg Sweep+1","Expertise+1","Bouncing Flask+1"],"picked":"Singing Bowl","floor":47.0},{"not_picked":["Well Laid Plans+1","Endless Agony+1","Bouncing Flask+1"],"picked":"Flying Knee+1","floor":48.0}],"player_experience":159892,"relics_obtained":[{"floor":3.0,"key":"Juzu Bracelet"},{"floor":7.0,"key":"Odd Mushroom"},{"floor":9.0,"key":"Whetstone"},{"floor":14.0,"key":"Boot"},{"floor":19.0,"key":"Nilry\u0027s Codex"},{"floor":26.0,"key":"MawBank"},{"floor":28.0,"key":"Blood Vial"},{"floor":31.0,"key":"Tingsha"},{"floor":31.0,"key":"Question Card"},{"floor":41.0,"key":"FossilizedHelix"},{"floor":43.0,"key":"StoneCalendar"},{"floor":47.0,"key":"Frozen Egg 2"}],"event_choices":[{"damage_healed":0.0,"max_hp_gain":5.0,"max_hp_loss":0.0,"gold_gain":0.0,"event_name":"Big Fish","player_choice":"Donut","floor":4.0,"gold_loss":0.0,"damage_taken":0.0},{"damage_healed":0.0,"max_hp_gain":0.0,"max_hp_loss":0.0,"gold_gain":0.0,"event_name":"Mushrooms","player_choice":"Fought Mushrooms","floor":7.0,"gold_loss":0.0,"damage_taken":0.0},{"damage_healed":0.0,"max_hp_gain":0.0,"max_hp_loss":0.0,"gold_gain":0.0,"event_name":"Living Wall","player_choice":"Grow","floor":11.0,"gold_loss":0.0,"damage_taken":0.0,"cards_upgraded":["Blade Dance"]},{"damage_healed":0.0,"max_hp_gain":0.0,"max_hp_loss":0.0,"gold_gain":55.0,"event_name":"Golden Wing","player_choice":"Gained Gold","floor":13.0,"gold_loss":0.0,"damage_taken":0.0},{"damage_healed":0.0,"max_hp_gain":0.0,"max_hp_loss":0.0,"gold_gain":0.0,"event_name":"Cursed Tome","player_choice":"Obtained Book","floor":19.0,"gold_loss":0.0,"damage_taken":16.0},{"damage_healed":0.0,"max_hp_gain":0.0,"max_hp_loss":0.0,"gold_gain":0.0,"event_name":"WeMeetAgain","player_choice":"Paid Gold","floor":24.0,"gold_loss":61.0,"damage_taken":0.0,"relics_obtained":["PreservedInsect"]},{"damage_healed":0.0,"max_hp_gain":0.0,"max_hp_loss":0.0,"gold_gain":0.0,"event_name":"Colosseum","player_choice":"Fight","floor":31.0,"gold_loss":0.0,"damage_taken":0.0},{"damage_healed":0.0,"max_hp_gain":0.0,"max_hp_loss":0.0,"gold_gain":0.0,"event_name":"Colosseum","player_choice":"Fought Nobs","floor":31.0,"gold_loss":0.0,"damage_taken":0.0},{"damage_healed":0.0,"max_hp_gain":0.0,"max_hp_loss":0.0,"gold_gain":0.0,"event_name":"SensoryStone","player_choice":"Memory 1","floor":36.0,"gold_loss":0.0,"damage_taken":0.0},{"damage_healed":0.0,"max_hp_gain":0.0,"max_hp_loss":0.0,"gold_gain":0.0,"event_name":"Tomb of Lord Red Mask","player_choice":"Ignored","floor":37.0,"gold_loss":0.0,"damage_taken":0.0}],"is_beta":false,"boss_relics":[{"not_picked":["Eternal Feather","Astrolabe"],"picked":"Runic Pyramid"},{"not_picked":["Black Star","Snecko Eye"],"picked":"Philosopher\u0027s Stone"}],"items_purged_floors":[21,38],"is_endless":false,"potions_floor_spawned":[1,2,12,14,16,18,20,25,30,33,45,47,48],"ascension_level":1}