{"gold_per_floor":[115,134,153,166,166,166,91,91,116,116,191,191,202,202,202,297,297,317,332,257,172,122,122,156,156,156,156,156,255,255],"floor_reached":30,"playtime":1430,"items_purged":["Defend_B"],"score":234,"play_id":"682d9d9f-34e1-4c34-ba0c-217be1d2ee39","local_time":"20190130125434","is_ascension_mode":false,"campfire_choices":[{"data":"Zap","floor":6,"key":"SMITH"},{"data":"Dualcast","floor":10,"key":"SMITH"},{"data":"Barrage","floor":12,"key":"SMITH"},{"floor":15,"key":"REST"},{"floor":23,"key":"REST"},{"floor":25,"key":"REST"},{"data":"Barrage","floor":28,"key":"SMITH"}],"neow_cost":"NONE","seed_source_timestamp":153719924673946,"circlet_count":0,"master_deck":["Strike_B","Strike_B","Strike_B","Strike_B","Defend_B+1","Defend_B+1","Zap+1","Dualcast+1","Stack","Barrage+1","Gash","Barrage+1","Conserve Battery","Steam","Go for the Eyes","Ball Lightning","Leap","Coolheaded","Compile Driver","Hologram+1"],"relics":["Orrery","Anchor","Regal Pillow","Philosopher\u0027s Stone","Boot","Ornamental Fan","Darkstone Periapt"],"potions_floor_usage":[16],"damage_taken":[{"damage":5,"enemies":"Small Slimes","floor":1,"turns":4},{"damage":1,"enemies":"Jaw Worm","floor":2,"turns":5},{"damage":0,"enemies":"2 Louse","floor":3,"turns":3},{"damage":18,"enemies":"Large Slime","floor":4,"turns":7},{"damage":4,"enemies":"Looter","floor":13,"turns":3},{"damage":46,"enemies":"The Guardian","floor":16,"turns":13},{"damage":22,"enemies":"2 Thieves","floor":18,"turns":5},{"damage":30,"enemies":"Chosen","floor":19,"turns":6},{"damage":30,"enemies":"Book of Stabbing","floor":24,"turns":6},{"damage":82,"enemies":"Gremlin Leader","floor":30,"turns":11}],"seed_played":"-1870393378504108735","potions_obtained":[{"floor":1,"key":"SkillPotion"},{"floor":3,"key":"SpeedPotion"},{"floor":18,"key":"Ancient Potion"},{"floor":24,"key":"SteroidPotion"}],"is_trial":false,"path_per_floor":["M","M","M","M","?","R","$","?","T","R","?","R","M","?","R","B",null,"M","M","?","?","$","R","E","R","T","?","R","?","E"],"character_chosen":"DEFECT","items_purchased":["Compile Driver"],"campfire_rested":3,"item_purchase_floors":[22],"current_hp_per_floor":[70,69,69,51,44,44,44,49,49,49,38,38,34,18,57,11,80,58,28,28,28,28,67,37,76,76,76,76,76,0],"gold":255,"neow_bonus":"BOSS_RELIC","is_prod":false,"is_daily":false,"chose_seed":false,"campfire_upgraded":4,"win_rate":0,"timestamp":1548881674,"path_taken":["M","M","M","M","?","R","$","?","T","R","?","R","M","?","R","BOSS","M","M","?","?","$","R","E","R","T","?","R","?","E"],"build_version":"2019-01-23","purchased_purges":1,"victory":false,"max_hp_per_floor":[75,75,75,75,75,75,75,80,80,80,80,80,80,80,80,80,80,80,80,80,80,80,80,80,80,80,80,80,80,80],"card_choices":[{"not_picked":["Aggregate","BootSequence"],"picked":"Stack","floor":0},{"not_picked":["Doom and Gloom","Stack"],"picked":"Barrage","floor":0},{"not_picked":["Rebound","Ball Lightning"],"picked":"Gash","floor":0},{"not_picked":["Auto Shields","Redo"],"picked":"Barrage","floor":0},{"not_picked":["Reprogram","Beam Cell"],"picked":"Conserve Battery","floor":0},{"not_picked":["Redo","Buffer","Genetic Algorithm"],"picked":"SKIP","floor":1},{"not_picked":["Aggregate","Redo"],"picked":"Steam","floor":2},{"not_picked":["Conserve Battery","White Noise"],"picked":"Go for the Eyes","floor":3},{"not_picked":["Beam Cell","Streamline"],"picked":"Ball Lightning","floor":4},{"not_picked":["Force Field","Sunder","Leap"],"picked":"SKIP","floor":13},{"not_picked":["Tempest","Storm+1"],"picked":"Leap","floor":18},{"not_picked":["Loop","Redo"],"picked":"Coolheaded","floor":19},{"not_picked":["Barrage","Force Field+1"],"picked":"Hologram+1","floor":24}],"player_experience":370484,"relics_obtained":[{"floor":9,"key":"Regal Pillow"},{"floor":24,"key":"Ornamental Fan"},{"floor":26,"key":"Darkstone Periapt"}],"event_choices":[{"damage_healed":0,"gold_gain":0,"player_choice":"Success","damage_taken":7,"relics_obtained":["Anchor"],"max_hp_gain":0,"max_hp_loss":0,"event_name":"Scrap Ooze","floor":5,"gold_loss":0},{"damage_healed":0,"gold_gain":0,"player_choice":"Donut","damage_taken":0,"max_hp_gain":5,"max_hp_loss":0,"event_name":"Big Fish","floor":8,"gold_loss":0},{"damage_healed":0,"gold_gain":75,"player_choice":"Gather Gold","damage_taken":11,"max_hp_gain":0,"max_hp_loss":0,"event_name":"World of Goop","floor":11,"gold_loss":0},{"damage_healed":0,"gold_gain":0,"player_choice":"Entered Light","damage_taken":16,"max_hp_gain":0,"max_hp_loss":0,"event_name":"Shining Light","floor":14,"gold_loss":0,"cards_upgraded":["Defend_B","Defend_B"]},{"cards_removed":["Defend_B"],"damage_healed":0,"gold_gain":0,"player_choice":"Gave Gold","damage_taken":0,"max_hp_gain":0,"max_hp_loss":0,"event_name":"Beggar","floor":20,"gold_loss":75},{"damage_healed":0,"gold_gain":0,"player_choice":"Obtained Relic","damage_taken":0,"relics_obtained":["Boot"],"max_hp_gain":0,"max_hp_loss":0,"event_name":"Addict","floor":21,"gold_loss":85},{"damage_healed":0,"gold_gain":0,"player_choice":"Ignored","damage_taken":0,"max_hp_gain":0,"max_hp_loss":0,"event_name":"Vampires","floor":27,"gold_loss":0},{"damage_healed":0,"gold_gain":99,"player_choice":"Stole From Cult","damage_taken":0,"max_hp_gain":0,"max_hp_loss":0,"event_name":"Nest","floor":29,"gold_loss":0}],"is_beta":false,"boss_relics":[{"not_picked":["Empty Cage","Astrolabe"],"picked":"Philosopher\u0027s Stone"}],"items_purged_floors":[7],"is_endless":false,"potions_floor_spawned":[1,3,18,24],"killed_by":"Gremlin Leader","ascension_level":0}