{"gold_per_floor":[363,147,167,179,195,195,252,252,252,252,402,402,402],"floor_reached":13,"playtime":649,"items_purged":["Injury"],"score":146,"play_id":"75679be7-0e1e-4a27-a112-ed12bbd4af24","local_time":"20190128162122","is_ascension_mode":true,"campfire_choices":[{"data":"Metallicize","floor":6,"key":"SMITH"},{"data":"Iron Wave","floor":10,"key":"SMITH"},{"data":"Bash","floor":12,"key":"SMITH"}],"neow_cost":"CURSE","seed_source_timestamp":1550871621580633,"circlet_count":0,"master_deck":["AscendersBane","Strike_R","Strike_R","Strike_R","Strike_R","Strike_R","Defend_R","Defend_R","Defend_R","Bash+1","Metallicize+1","Shrug It Off","Battle Trance","Shrug It Off","Iron Wave+1","Ghostly Armor","Doubt"],"relics":["Burning Blood","Bottled Flame","The Courier"],"potions_floor_usage":[7,7,13],"damage_taken":[{"damage":14,"enemies":"Jaw Worm","floor":1,"turns":5},{"damage":2,"enemies":"2 Louse","floor":3,"turns":4},{"damage":1,"enemies":"Small Slimes","floor":4,"turns":5},{"damage":8,"enemies":"3 Louse","floor":5,"turns":6},{"damage":23,"enemies":"Gremlin Nob","floor":7,"turns":5},{"damage":47,"enemies":"Lagavulin","floor":13,"turns":8}],"seed_played":"-6598963253886591604","potions_obtained":[{"floor":3,"key":"SteroidPotion"},{"floor":5,"key":"Ancient Potion"},{"floor":7,"key":"Weak Potion"}],"is_trial":false,"path_per_floor":["M","$","M","M","M","R","?","?","T","R","?","R","E"],"character_chosen":"IRONCLAD","items_purchased":["Metallicize","Shrug It Off"],"campfire_rested":0,"item_purchase_floors":[2,2],"current_hp_per_floor":[60,60,64,69,67,67,50,43,43,43,43,43,0],"gold":402,"neow_bonus":"TWO_FIFTY_GOLD","is_prod":false,"is_daily":false,"chose_seed":false,"campfire_upgraded":3,"win_rate":0,"timestamp":1548721282,"path_taken":["M","$","M","M","M","R","?","?","T","R","?","R","E"],"build_version":"2019-01-23","purchased_purges":1,"victory":false,"max_hp_per_floor":[75,75,75,75,75,75,75,75,75,75,75,75,75],"card_choices":[{"not_picked":["Perfected Strike","Rage","Clothesline"],"picked":"SKIP","floor":1},{"not_picked":["Warcry","Bloodletting"],"picked":"Battle Trance","floor":3},{"not_picked":["Wild Strike","Bloodletting"],"picked":"Shrug It Off","floor":4},{"not_picked":["Clash","Twin Strike"],"picked":"Iron Wave","floor":5},{"not_picked":["Cleave","Iron Wave"],"picked":"Ghostly Armor","floor":7}],"player_experience":510021,"relics_obtained":[{"floor":7,"key":"Bottled Flame"},{"floor":9,"key":"The Courier"}],"event_choices":[{"damage_healed":0,"gold_gain":30,"player_choice":"Searched \u00272\u0027 times","damage_taken":0,"max_hp_gain":0,"max_hp_loss":0,"event_name":"Dead Adventurer","floor":7,"gold_loss":0},{"cards_removed":["Defend_R"],"damage_healed":0,"gold_gain":0,"player_choice":"Card Removal","damage_taken":7,"max_hp_gain":0,"max_hp_loss":0,"event_name":"Golden Wing","floor":8,"gold_loss":0},{"damage_healed":0,"gold_gain":150,"player_choice":"AGREE","damage_taken":0,"max_hp_gain":0,"max_hp_loss":0,"event_name":"Liars Game","floor":11,"gold_loss":0,"cards_obtained":["Doubt"]}],"is_beta":false,"boss_relics":[],"items_purged_floors":[2],"is_endless":false,"potions_floor_spawned":[3,5,7],"killed_by":"Lagavulin","ascension_level":20}