{"gold_per_floor":[114,264,264,25,38,90,90,90,115,165,165],"floor_reached":11,"playtime":404,"items_purged":["Doubt"],"score":121,"play_id":"91ac01b8-00fc-4db9-a12f-95afafd04d17","local_time":"20190126004227","is_ascension_mode":true,"campfire_choices":[{"floor":7,"key":"REST"}],"neow_cost":"NONE","seed_source_timestamp":285662045122286,"circlet_count":0,"master_deck":["AscendersBane","Defend_G","Defend_G","Defend_G","Defend_G","Defend_G","Strike_G","Strike_G","Strike_G","Strike_G","Strike_G","Survivor","Neutralize","Dagger Throw","HandOfGreed","Dodge and Roll","Sucker Punch","Injury","Crippling Poison"],"relics":["Ring of the Snake","NeowsBlessing","Bag of Preparation","Pantograph","Golden Idol","Blood Vial","Odd Mushroom"],"potions_floor_usage":[10,11],"damage_taken":[{"damage":0,"enemies":"Jaw Worm","floor":1,"turns":1},{"damage":0,"enemies":"Small Slimes","floor":5,"turns":1},{"damage":1,"enemies":"3 Sentries","floor":6,"turns":3},{"damage":23,"enemies":"The Mushroom Lair","floor":10,"turns":5},{"damage":40,"enemies":"Lagavulin","floor":11,"turns":6}],"seed_played":"5840688014100772816","potions_obtained":[{"floor":1,"key":"SteroidPotion"},{"floor":6,"key":"Ancient Potion"}],"is_trial":false,"path_per_floor":["M","?","?","$","M","E","R","?","T","?","E"],"character_chosen":"THE_SILENT","items_purchased":["HandOfGreed"],"campfire_rested":1,"item_purchase_floors":[4],"current_hp_per_floor":[59,59,33,33,33,32,51,51,51,30,0],"gold":165,"neow_bonus":"THREE_ENEMY_KILL","is_prod":false,"is_daily":false,"chose_seed":false,"campfire_upgraded":0,"win_rate":0,"timestamp":1548484947,"path_taken":["M","?","?","$","M","E","R","?","T","?","E"],"build_version":"2019-01-23","purchased_purges":1,"victory":false,"max_hp_per_floor":[66,66,66,66,66,66,66,66,66,66,66],"card_choices":[{"not_picked":["Concentrate","Accuracy"],"picked":"Dagger Throw","floor":1},{"not_picked":["Masterful Stab","Reflex"],"picked":"Dodge and Roll","floor":5},{"not_picked":["Distraction","Slice"],"picked":"Sucker Punch","floor":6},{"not_picked":["Deflect","Dagger Spray"],"picked":"Crippling Poison","floor":10}],"player_experience":577847,"relics_obtained":[{"floor":6,"key":"Pantograph"},{"floor":9,"key":"Blood Vial"},{"floor":10,"key":"Odd Mushroom"}],"event_choices":[{"damage_healed":0,"gold_gain":150,"player_choice":"AGREE","damage_taken":0,"max_hp_gain":0,"max_hp_loss":0,"event_name":"Liars Game","floor":2,"gold_loss":0,"cards_obtained":["Doubt"]},{"damage_healed":0,"gold_gain":0,"player_choice":"Success","damage_taken":26,"relics_obtained":["Bag of Preparation"],"max_hp_gain":0,"max_hp_loss":0,"event_name":"Scrap Ooze","floor":3,"gold_loss":0},{"damage_healed":0,"gold_gain":0,"player_choice":"Take Wound","damage_taken":0,"relics_obtained":["Golden Idol"],"max_hp_gain":0,"max_hp_loss":0,"event_name":"Golden Idol","floor":8,"gold_loss":0,"cards_obtained":["Injury"]},{"damage_healed":0,"gold_gain":0,"player_choice":"Fought Mushrooms","damage_taken":0,"max_hp_gain":0,"max_hp_loss":0,"event_name":"Mushrooms","floor":10,"gold_loss":0}],"is_beta":false,"boss_relics":[],"items_purged_floors":[4],"is_endless":false,"potions_floor_spawned":[1,6],"killed_by":"Lagavulin","ascension_level":15}