{"gold_per_floor":[118,128,53,68,82,109,109,140,164,199,274,291,291,318,318,423,423,433,333,348,360,54,54],"floor_reached":23,"playtime":2070,"items_purged":["Decay","Defend_R"],"score":257,"play_id":"037b2395-fca7-4700-b4d7-f73e2d69712d","local_time":"20180811005530","is_ascension_mode":true,"campfire_choices":[{"floor":7,"key":"REST"},{"floor":13,"key":"REST"},{"floor":15,"key":"REST"}],"neow_cost":"CURSE","seed_source_timestamp":436475271776421,"circlet_count":0,"master_deck":["Strike_R","Strike_R","Strike_R","Strike_R","Strike_R","Defend_R","Defend_R","Defend_R","Bash","Metallicize","Heavy Blade","Cleave","Inflame","Perfected Strike","Inflame","Shockwave","Iron Wave","Perfected Strike","Feed","Double Tap","Headbutt","Dark Shackles"],"relics":["Burning Blood","Ginger","Vajra","Juzu Bracelet","Dream Catcher","Strawberry","Odd Mushroom","Velvet Choker","Toolbox"],"potions_floor_usage":[16,16,21,21,23],"damage_taken":[{"damage":12,"enemies":"Cultist","floor":1,"turns":5},{"damage":5,"enemies":"2 Louse","floor":2,"turns":3},{"damage":4,"enemies":"Jaw Worm","floor":4,"turns":3},{"damage":15,"enemies":"3 Louse","floor":5,"turns":3},{"damage":20,"enemies":"Lagavulin","floor":6,"turns":6},{"damage":28,"enemies":"Gremlin Nob","floor":8,"turns":4},{"damage":14,"enemies":"3 Sentries","floor":10,"turns":5},{"damage":11,"enemies":"Looter","floor":12,"turns":3},{"damage":23,"floor":14,"turns":4},{"damage":26,"enemies":"Slime Boss","floor":16,"turns":8},{"damage":23,"enemies":"2 Thieves","floor":18,"turns":4},{"damage":52,"enemies":"3 Byrds","floor":20,"turns":5},{"damage":24,"enemies":"Snake Plant","floor":21,"turns":2},{"damage":22,"enemies":"Gremlin Leader","floor":23,"turns":3}],"seed_played":"-8481507723878389165","potions_obtained":[{"floor":5,"key":"Energy Potion"},{"floor":6,"key":"SkillPotion"},{"floor":8,"key":"Block Potion"},{"floor":10,"key":"SteroidPotion"},{"floor":12,"key":"EssenceOfSteel"},{"floor":20,"key":"AttackPotion"},{"floor":21,"key":"Fruit Juice"}],"is_trial":false,"path_per_floor":["M","M","$","M","M","E","R","E","T","E","?","M","R","?","R","B",null,"M","$","M","M","$"],"character_chosen":"IRONCLAD","items_purchased":["Dark Shackles","Toolbox"],"campfire_rested":3,"item_purchase_floors":[22,22],"current_hp_per_floor":[74,75,75,77,68,54,78,56,56,55,44,39,65,48,74,57,90,73,73,27,12,12,0],"gold":54,"neow_bonus":"ONE_RARE_RELIC","is_prod":false,"is_daily":false,"chose_seed":false,"campfire_upgraded":0,"win_rate":0,"timestamp":1533966930,"path_taken":["M","M","$","M","M","E","R","E","T","E","?","M","R","?","R","BOSS","M","$","M","M","$","E"],"build_version":"2018-08-09","purchased_purges":2,"victory":false,"max_hp_per_floor":[80,80,80,80,80,80,80,80,80,87,87,87,87,87,87,90,90,90,90,90,93,93,98],"card_choices":[{"not_picked":["Reckless Charge","Seeing Red"],"picked":"Metallicize","floor":1},{"not_picked":["Combust","Shrug It Off"],"picked":"Heavy Blade","floor":2},{"not_picked":["True Grit","Intimidate"],"picked":"Cleave","floor":4},{"not_picked":["Headbutt","True Grit"],"picked":"Inflame","floor":5},{"not_picked":["Metallicize","Shrug It Off"],"picked":"Perfected Strike","floor":6},{"not_picked":["Dropkick","Cleave"],"picked":"Inflame","floor":8},{"not_picked":["Sword Boomerang","Wild Strike"],"picked":"Shockwave","floor":10},{"not_picked":["Clothesline","Intimidate"],"picked":"Iron Wave","floor":12},{"not_picked":["Wild Strike","Sword Boomerang"],"picked":"Perfected Strike","floor":14},{"not_picked":["Body Slam","Feel No Pain"],"picked":"Feed","floor":15},{"not_picked":["Juggernaut","Berserk"],"picked":"Double Tap","floor":16},{"not_picked":["Body Slam","Hemokinesis","Wild Strike+1"],"picked":"SKIP","floor":18},{"not_picked":["Rupture","Cleave"],"picked":"Headbutt","floor":20},{"not_picked":["Clash","Sword Boomerang","Whirlwind"],"picked":"SKIP","floor":21}],"player_experience":75824,"relics_obtained":[{"floor":6,"key":"Vajra"},{"floor":8,"key":"Juzu Bracelet"},{"floor":9,"key":"Dream Catcher"},{"floor":10,"key":"Strawberry"},{"floor":14,"key":"Odd Mushroom"}],"event_choices":[{"event_name":"World of Goop","player_choice":"Gather Gold","floor":11,"damage_taken":0},{"event_name":"Mushrooms","player_choice":"Fought Mushrooms","floor":14,"damage_taken":0}],"is_beta":false,"boss_relics":[{"not_picked":["Tiny House","Black Blood"],"picked":"Velvet Choker"}],"items_purged_floors":[3,19],"is_endless":false,"potions_floor_spawned":[5,6,8,10,12,14,20,21],"killed_by":"Gremlin Leader","ascension_level":2}