{"gold_per_floor":[117,32,32,45,59,59,93,103,129,229,246,263,292,292,292,389,389,361,371,371,371,246,273,273,273,273,293,293],"floor_reached":28,"playtime":961,"items_purged":["Strike_B"],"score":298,"play_id":"2556efac-93b5-4332-9634-ed4157ac8504","local_time":"20180928001944","is_ascension_mode":true,"campfire_choices":[{"data":"Defragment","floor":6.0,"key":"SMITH"},{"floor":15.0,"key":"REST"},{"floor":25,"key":"REST"}],"neow_cost":"NONE","seed_source_timestamp":0,"circlet_count":0,"master_deck":["Strike_B","Defend_B","Defend_B","Defend_B","Defend_B","Zap","Dualcast","Coolheaded+1","Coolheaded","Defragment+1","Cold Snap","Echo Form","Creative AI","White Noise","Cold Snap","Conserve Battery"],"special_seed":0,"relics":["Runic Dome","Orichalcum","PreservedInsect","Pen Nib","Empty Cage","Dream Catcher","Pantograph","Molten Egg 2"],"potions_floor_usage":[],"damage_taken":[{"damage":9.0,"enemies":"Jaw Worm","floor":1.0,"turns":6.0},{"damage":0.0,"enemies":"Small Slimes","floor":4.0,"turns":4.0},{"damage":3.0,"enemies":"2 Louse","floor":5.0,"turns":3.0},{"damage":5.0,"enemies":"Lagavulin","floor":7.0,"turns":8.0},{"damage":1.0,"enemies":"Red Slaver","floor":8.0,"turns":5.0},{"damage":0.0,"enemies":"Exordium Wildlife","floor":11.0,"turns":4.0},{"damage":31.0,"enemies":"Exordium Thugs","floor":12.0,"turns":6.0},{"damage":10.0,"enemies":"3 Sentries","floor":13.0,"turns":10.0},{"damage":29.0,"enemies":"Slime Boss","floor":16.0,"turns":13.0},{"damage":22,"enemies":"2 Thieves","floor":18,"turns":5},{"damage":10,"enemies":"3 Byrds","floor":19,"turns":5},{"damage":38,"enemies":"Slavers","floor":23,"turns":11},{"damage":30,"enemies":"Cultist and Chosen","floor":27,"turns":9},{"damage":6,"enemies":"Snake Plant","floor":28,"turns":1}],"seed_played":"8572290558756713608","potions_obtained":[{"floor":4.0,"key":"Dexterity Potion"},{"floor":11.0,"key":"FocusPotion"},{"floor":13.0,"key":"Strength Potion"},{"floor":16.0,"key":"Ancient Potion"},{"floor":19,"key":"FocusPotion"},{"floor":27,"key":"Dexterity Potion"}],"is_trial":false,"path_per_floor":["M","$","?","M","M","R","E","M","T","?","M","M","E","?","R","B",null,"M","M","?","?","$","E","?","R","T","M"],"character_chosen":"DEFECT","items_purchased":["Coolheaded","Defragment","Cold Snap"],"campfire_rested":2,"item_purchase_floors":[2,2,22],"current_hp_per_floor":[66,66,71,71,68,68,63,62,62,62,62,31,21,21,45,16,80,58,48,48,48,48,10,10,34,34,4,0],"gold":293,"neow_bonus":"BOSS_RELIC","is_prod":false,"is_daily":false,"chose_seed":false,"campfire_upgraded":1,"win_rate":0,"timestamp":1538090384,"path_taken":["M","$","?","M","M","R","E","M","T","?","M","?","E","?","R","BOSS","M","M","?","?","$","E","?","R","T","M","M"],"build_version":"2018-09-20","purchased_purges":1,"victory":false,"max_hp_per_floor":[75,75,80,80,80,80,80,80,80,80,80,80,80,80,80,80,80,80,80,80,80,80,80,80,80,80,80,80],"card_choices":[{"not_picked":["Gash","Reinforced Body"],"picked":"Coolheaded","floor":1.0},{"not_picked":["Go for the Eyes","Turbo","Stack"],"picked":"SKIP","floor":4.0},{"not_picked":["Barrage","Compile Driver","Rebound"],"picked":"SKIP","floor":5.0},{"not_picked":["Gash","Leap","Steam"],"picked":"SKIP","floor":7.0},{"not_picked":["Lockon","Skim"],"picked":"Cold Snap","floor":8.0},{"not_picked":["Leap","Barrage","Doom and Gloom"],"picked":"SKIP","floor":11.0},{"not_picked":["Double Energy","Sunder","Cold Snap"],"picked":"SKIP","floor":12.0},{"not_picked":["Steam","Sweeping Beam"],"picked":"Echo Form","floor":13.0},{"not_picked":["Seek","Hyperbeam"],"picked":"Creative AI","floor":16.0},{"not_picked":["Recycle","Compile Driver"],"picked":"White Noise","floor":18},{"not_picked":["Rebound","Go for the Eyes","Turbo"],"picked":"SKIP","floor":19},{"not_picked":["Hologram","Multi-Cast","Undo"],"picked":"SKIP","floor":23},{"not_picked":["Sweeping Beam+1","Redo"],"picked":"Conserve Battery","floor":27}],"player_experience":52106,"relics_obtained":[{"floor":7.0,"key":"Orichalcum"},{"floor":9.0,"key":"PreservedInsect"},{"floor":13.0,"key":"Pen Nib"},{"floor":23,"key":"Pantograph"},{"floor":26,"key":"Molten Egg 2"}],"event_choices":[{"event_name":"Big Fish","player_choice":"Donut","floor":3.0,"damage_taken":0.0},{"event_name":"Golden Shrine","player_choice":"Pray","floor":10.0,"damage_taken":0.0},{"event_name":"Living Wall","player_choice":"Grow","floor":14.0,"damage_taken":0.0},{"event_name":"Vampires","player_choice":"Ignored","floor":20,"damage_taken":0},{"event_name":"WeMeetAgain","player_choice":"Potion","floor":21,"damage_taken":0},{"event_name":"Cursed Tome","player_choice":"Ignored","floor":24,"damage_taken":0}],"is_beta":false,"boss_relics":[{"not_picked":["Busted Crown","Coffee Dripper"],"picked":"Empty Cage"}],"items_purged_floors":[22],"is_endless":false,"potions_floor_spawned":[4,11,13,16,19,27],"killed_by":"Snake Plant","ascension_level":4}