{"gold_per_floor":[114,114,127,227,244,272,272,272,272,307,307,14,14,14,14,111,111,131,131,120,120,120,120,130,149,172,283,55,55,72,90,90,188,188,199,199,299,316,416,416,429,429,429,14,33,33,43,57,57,57],"floor_reached":51,"playtime":2057,"items_purged":["Writhe"],"score":796,"play_id":"342c45cb-2324-4fd2-bb17-06dc5dc4c77e","local_time":"20190204164917","is_ascension_mode":true,"campfire_choices":[{"floor":8,"key":"REST"},{"floor":11,"key":"REST"},{"floor":15,"key":"REST"},{"floor":23,"key":"REST"},{"floor":32,"key":"REST"},{"floor":40,"key":"DIG"},{"floor":49,"key":"DIG"}],"neow_cost":"NONE","seed_source_timestamp":2038016678733305,"circlet_count":0,"master_deck":["Defend_G","Defend_G","Defend_G","Defend_G","Defend_G","Strike_G","Strike_G+1","Strike_G","Strike_G","Strike_G+1","Survivor","Neutralize","Grand Finale","Footwork","Noxious Fumes","Footwork","Adrenaline","Dodge and Roll","Well Laid Plans","Terror+1","Deflect+1","Noxious Fumes+1","Backflip","Die Die Die","Dodge and Roll+1","Leg Sweep+1","Acrobatics+1","Deflect+1","Cloak And Dagger+1","Backflip","Terror"],"relics":["Ring of the Snake","Ninja Scroll","Shuriken","Anchor","Whetstone","Prayer Wheel","Lizard Tail","MutagenicStrength","MawBank","Kunai","Mummified Hand","White Beast Statue","Shovel","Singing Bowl","Gambling Chip","Strawberry","Bag of Preparation"],"potions_floor_usage":[6,16,20,33,44,50,50,50],"damage_taken":[{"damage":2,"enemies":"Cultist","floor":1,"turns":5},{"damage":0,"enemies":"2 Louse","floor":3,"turns":3},{"damage":2,"enemies":"Jaw Worm","floor":5,"turns":5},{"damage":28,"enemies":"Lagavulin","floor":6,"turns":6},{"damage":32,"enemies":"Gremlin Nob","floor":10,"turns":5},{"damage":20,"enemies":"Slime Boss","floor":16,"turns":11},{"damage":19,"enemies":"Spheric Guardian","floor":18,"turns":7},{"damage":18,"enemies":"2 Thieves","floor":20,"turns":4},{"damage":15,"enemies":"Chosen and Byrds","floor":24,"turns":8},{"damage":19,"enemies":"3 Cultists","floor":25,"turns":7},{"damage":0,"enemies":"Centurion and Healer","floor":30,"turns":9},{"damage":5,"enemies":"Snecko","floor":31,"turns":5},{"damage":15,"enemies":"Automaton","floor":33,"turns":12},{"damage":21,"enemies":"3 Darklings","floor":35,"turns":5},{"damage":0,"enemies":"Mind Bloom Boss Battle","floor":37,"turns":4},{"damage":0,"enemies":"3 Shapes","floor":38,"turns":5},{"damage":5,"enemies":"Spire Growth","floor":41,"turns":7},{"damage":7,"enemies":"Maw","floor":45,"turns":7},{"damage":3,"enemies":"Jaw Worm Horde","floor":47,"turns":5},{"damage":0,"enemies":"Spire Growth","floor":48,"turns":5},{"damage":31,"enemies":"Awakened One","floor":50,"turns":18}],"seed_played":"-7596512164295825614","potions_obtained":[{"floor":1,"key":"Poison Potion"},{"floor":10,"key":"Fire Potion"},{"floor":18,"key":"Poison Potion"},{"floor":31,"key":"Explosive Potion"},{"floor":35,"key":"LiquidBronze"},{"floor":37,"key":"SkillPotion"},{"floor":38,"key":"Swift Potion"},{"floor":45,"key":"LiquidBronze"}],"is_trial":false,"path_per_floor":["M","T","M","?","M","E","?","R","T","E","R","$","?","$","R","B",null,"M","$","M","$","?","R","M","M","T","?","$","T","M","M","R","B",null,"M","$","?","M","?","R","M","?","T","$","M","$","M","M","R","B",null],"character_chosen":"THE_SILENT","items_purchased":["Prayer Wheel","Kunai","Terror","Strawberry","Fruit Juice","AttackPotion"],"campfire_rested":5,"item_purchase_floors":[12,28,44,44,44,44],"current_hp_per_floor":[68,68,68,68,66,38,38,59,59,27,48,48,53,53,75,55,75,56,56,38,38,38,60,45,26,26,26,26,26,26,21,43,28,75,54,54,54,54,54,54,51,70,70,82,79,79,80,84,84,53],"gold":57,"neow_bonus":"ONE_RANDOM_RARE_CARD","is_prod":false,"is_daily":false,"chose_seed":false,"campfire_upgraded":0,"win_rate":0,"timestamp":1549320557,"path_taken":["M","?","M","?","?","E","?","R","T","E","R","?","?","$","R","BOSS","M","$","M","$","?","R","M","M","T","?","$","?","M","M","R","BOSS","M","$","?","M","?","R","?","?","T","$","M","?","M","M","R","BOSS"],"build_version":"2019-01-23","purchased_purges":1,"victory":true,"max_hp_per_floor":[70,70,70,70,70,70,70,70,70,70,70,70,75,75,75,75,75,75,75,75,75,75,75,75,75,75,75,75,75,75,75,75,75,75,75,75,75,75,75,75,77,77,77,89,93,93,97,101,101,101],"card_choices":[{"not_picked":["Dagger Throw","Cloak And Dagger"],"picked":"Footwork","floor":1},{"not_picked":["All Out Attack","Reflex","Choke"],"picked":"SKIP","floor":3},{"not_picked":["Distraction","Terror"],"picked":"Noxious Fumes","floor":5},{"not_picked":["Deflect","Heel Hook"],"picked":"Footwork","floor":6},{"not_picked":["Poisoned Stab","Escape Plan","Setup"],"picked":"SKIP","floor":10},{"not_picked":["Tools of the Trade","Malaise"],"picked":"Adrenaline","floor":16},{"not_picked":["Outmaneuver","Acrobatics"],"picked":"Dodge and Roll","floor":18},{"not_picked":["Masterful Stab","Prepared+1","Poisoned Stab"],"picked":"SKIP","floor":18},{"not_picked":["PiercingWail","Heel Hook+1"],"picked":"Well Laid Plans","floor":20},{"not_picked":["Quick Slash","Masterful Stab","Sucker Punch"],"picked":"SKIP","floor":20},{"not_picked":["Dodge and Roll","Dagger Throw"],"picked":"Terror+1","floor":24},{"not_picked":["Heel Hook","Bane","Footwork"],"picked":"SKIP","floor":24},{"not_picked":["Flying Knee","Escape Plan"],"picked":"Deflect+1","floor":25},{"not_picked":["Wraith Form v2","Poisoned Stab","Blade Dance"],"picked":"SKIP","floor":25},{"not_picked":["PiercingWail","Underhanded Strike"],"picked":"Noxious Fumes+1","floor":30},{"not_picked":["Poisoned Stab","Choke"],"picked":"Backflip","floor":30},{"not_picked":["Skewer","Concentrate","Deadly Poison"],"picked":"SKIP","floor":31},{"not_picked":["Venomology","Footwork","Acrobatics"],"picked":"SKIP","floor":31},{"not_picked":["Corpse Explosion","Venomology"],"picked":"Die Die Die","floor":33},{"not_picked":["Distraction+1","Backflip"],"picked":"Dodge and Roll+1","floor":35},{"not_picked":["Slice+1","Quick Slash+1"],"picked":"Leg Sweep+1","floor":35},{"not_picked":["Sucker Punch+1","Poisoned Stab+1"],"picked":"Acrobatics+1","floor":37},{"not_picked":["Dagger Throw","All Out Attack"],"picked":"Deflect+1","floor":38},{"not_picked":["Deflect+1","Caltrops"],"picked":"Cloak And Dagger+1","floor":38},{"not_picked":["Terror","Infinite Blades+1","Riddle With Holes+1"],"picked":"Singing Bowl","floor":41},{"not_picked":["Distraction+1","Deflect"],"picked":"Backflip","floor":41},{"not_picked":["Underhanded Strike","Predator+1","Flying Knee+1"],"picked":"Singing Bowl","floor":45},{"not_picked":["Dagger Spray+1","Malaise","Infinite Blades"],"picked":"Singing Bowl","floor":45},{"not_picked":["Outmaneuver+1","Dagger Throw+1","Deadly Poison+1"],"picked":"Singing Bowl","floor":47},{"not_picked":["Acrobatics","Backflip","Reflex"],"picked":"Singing Bowl","floor":47},{"not_picked":["Deflect","PiercingWail","Noxious Fumes"],"picked":"Singing Bowl","floor":48},{"not_picked":["Calculated Gamble+1","Sucker Punch+1","Finisher"],"picked":"Singing Bowl","floor":48}],"player_experience":81535,"relics_obtained":[{"floor":2,"key":"Ninja Scroll"},{"floor":6,"key":"Shuriken"},{"floor":9,"key":"Anchor"},{"floor":10,"key":"Whetstone"},{"floor":26,"key":"MawBank"},{"floor":29,"key":"Mummified Hand"},{"floor":37,"key":"Shovel"},{"floor":40,"key":"Singing Bowl"},{"floor":43,"key":"Gambling Chip"},{"floor":49,"key":"Bag of Preparation"}],"event_choices":[{"damage_healed":0,"gold_gain":100,"player_choice":"Pray","damage_taken":0,"max_hp_gain":0,"max_hp_loss":0,"event_name":"Golden Shrine","floor":4,"gold_loss":0},{"damage_healed":0,"gold_gain":0,"player_choice":"Ignored","damage_taken":0,"max_hp_gain":0,"max_hp_loss":0,"event_name":"Golden Idol","floor":7,"gold_loss":0},{"damage_healed":0,"gold_gain":0,"player_choice":"Donut","damage_taken":0,"max_hp_gain":5,"max_hp_loss":0,"event_name":"Big Fish","floor":13,"gold_loss":0},{"damage_healed":0,"gold_gain":0,"player_choice":"Inject Mutagens","damage_taken":0,"relics_obtained":["MutagenicStrength"],"max_hp_gain":0,"max_hp_loss":0,"event_name":"Drug Dealer","floor":22,"gold_loss":0},{"damage_healed":0,"gold_gain":99,"player_choice":"Stole From Cult","damage_taken":0,"max_hp_gain":0,"max_hp_loss":0,"event_name":"Nest","floor":27,"gold_loss":0},{"damage_healed":0,"gold_gain":0,"player_choice":"Fight","damage_taken":0,"max_hp_gain":0,"max_hp_loss":0,"event_name":"MindBloom","floor":37,"gold_loss":0},{"damage_healed":0,"gold_gain":100,"player_choice":"Pray","damage_taken":0,"max_hp_gain":0,"max_hp_loss":0,"event_name":"Golden Shrine","floor":39,"gold_loss":0},{"damage_healed":19,"gold_gain":0,"player_choice":"Writhe","damage_taken":0,"max_hp_gain":0,"max_hp_loss":0,"event_name":"Winding Halls","floor":42,"gold_loss":0,"cards_obtained":["Writhe"]}],"is_beta":true,"boss_relics":[{"not_picked":["Runic Dome","HoveringKite"],"picked":"Lizard Tail"},{"not_picked":["Calling Bell","Velvet Choker"],"picked":"White Beast Statue"}],"items_purged_floors":[44],"is_endless":false,"potions_floor_spawned":[1,10,18,31,35,37,38,41,45,47,48],"ascension_level":3}