{"gold_per_floor":[216,291,305,405,415,415,445,460,484,518,24,54,54,80,80,155,155,167,167,167,143,162,162,9,9,62,91,108,108,124,138,138,212,212,228,228,238,255,270,296,296,331,331,606,179,179,189,200,200,200,200],"floor_reached":51,"playtime":3230,"items_purged":["Strike_G","Strike_G","Regret"],"score":1449,"play_id":"9d62442c-ce27-40ff-9b8f-6261b0eb719e","local_time":"20190204224606","is_ascension_mode":true,"campfire_choices":[{"data":"Skewer","floor":6.0,"key":"SMITH"},{"data":"Noxious Fumes","floor":13.0,"key":"SMITH"},{"data":"Neutralize","floor":15.0,"key":"SMITH"},{"data":"A Thousand Cuts","floor":23.0,"key":"SMITH"},{"data":"Deadly Poison","floor":29.0,"key":"SMITH"},{"data":"Deflect","floor":32.0,"key":"SMITH"},{"floor":41.0,"key":"REST"},{"floor":46,"key":"REST"},{"floor":49,"key":"REST"}],"neow_cost":"NONE","seed_source_timestamp":2137197558205369,"circlet_count":0,"master_deck":["AscendersBane","Defend_G","Defend_G","Defend_G","Defend_G","Defend_G","Strike_G+1","Survivor","Neutralize+1","Poisoned Stab","Skewer+1","Dash+1","Noxious Fumes+1","Leg Sweep","A Thousand Cuts+1","Slice+1","Flying Knee+1","Grand Finale+1","Deadly Poison+1","Deflect+1","PiercingWail","Crippling Poison","After Image","Caltrops+1","Poisoned Stab+1","Glass Knife+1","Noxious Fumes","Blur+1"],"special_seed":0,"relics":["Ring of the Snake","PreservedInsect","Bag of Marbles","Molten Egg 2","Art of War","Happy Flower","Runic Pyramid","Snake Skull","FossilizedHelix","Velvet Choker","Whetstone","Dream Catcher","Du-Vu Doll","Cauldron"],"potions_floor_usage":[50,51],"damage_taken":[{"damage":4.0,"enemies":"Small Slimes","floor":1.0,"turns":5.0},{"damage":0.0,"enemies":"Cultist","floor":3.0,"turns":4.0},{"damage":1.0,"enemies":"Jaw Worm","floor":5.0,"turns":3.0},{"damage":19.0,"enemies":"Gremlin Nob","floor":7.0,"turns":4.0},{"damage":0.0,"enemies":"Blue Slaver","floor":8.0,"turns":5.0},{"damage":5.0,"enemies":"Lagavulin","floor":10.0,"turns":6.0},{"damage":18.0,"enemies":"Hexaghost","floor":16.0,"turns":10.0},{"damage":12.0,"enemies":"3 Byrds","floor":18.0,"turns":5.0},{"damage":7.0,"enemies":"2 Thieves","floor":21.0,"turns":4.0},{"damage":10.0,"enemies":"Centurion and Healer","floor":22.0,"turns":6.0},{"damage":0.0,"enemies":"Gremlin Leader","floor":27.0,"turns":4.0},{"damage":0.0,"enemies":"Snecko","floor":28.0,"turns":4.0},{"damage":4.0,"enemies":"Shelled Parasite and Fungi","floor":30.0,"turns":4.0},{"damage":0.0,"enemies":"Centurion and Healer","floor":31.0,"turns":4.0},{"damage":19.0,"enemies":"Collector","floor":33.0,"turns":10.0},{"damage":16.0,"enemies":"3 Darklings","floor":35.0,"turns":5.0},{"damage":12.0,"enemies":"Orb Walker","floor":37.0,"turns":3.0},{"damage":1.0,"enemies":"Transient","floor":38.0,"turns":6.0},{"damage":0.0,"enemies":"Maw","floor":39.0,"turns":8.0},{"damage":24.0,"enemies":"Giant Head","floor":40.0,"turns":8.0},{"damage":9,"enemies":"Reptomancer","floor":42,"turns":7},{"damage":14,"enemies":"Jaw Worm Horde","floor":47,"turns":5},{"damage":0,"enemies":"Transient","floor":48,"turns":6},{"damage":45,"enemies":"Donu and Deca","floor":50,"turns":11},{"damage":12,"enemies":"Time Eater","floor":51,"turns":10}],"seed_played":"-963196463495785974","potions_obtained":[{"floor":1.0,"key":"Energy Potion"},{"floor":7.0,"key":"SpeedPotion"},{"floor":8.0,"key":"Explosive Potion"},{"floor":16.0,"key":"SkillPotion"},{"floor":21.0,"key":"GhostInAJar"},{"floor":27.0,"key":"Swift Potion"},{"floor":38.0,"key":"Regen Potion"},{"floor":42,"key":"FairyPotion"},{"floor":45,"key":"EntropicBrew"},{"floor":45,"key":"FearPotion"},{"floor":45,"key":"GhostInAJar"},{"floor":45,"key":"GhostInAJar"}],"is_trial":false,"path_per_floor":["M","?","M","?","M","R","E","M","T","E","$","?","R","T","R","B",null,"M","?","?","M","M","R","$","?","T","E","M","R","M","M","R","B",null,"M","?","M","M","M","E","R","E","T","?","$","R","M","M","R","B","B"],"character_chosen":"THE_SILENT","items_purchased":["Noxious Fumes","Leg Sweep","Molten Egg 2","Deflect","Noxious Fumes","Cauldron"],"campfire_rested":3,"item_purchase_floors":[11,11,11,24,45,45],"current_hp_per_floor":[55,44,44,44,43,43,24,24,24,19,19,19,19,19,19,1,50,38,38,66,59,49,49,49,49,49,49,49,49,45,45,45,26,56,40,40,28,27,42,18,37,28,28,28,28,47,33,33,52,7,0],"gold":200,"neow_bonus":"HUNDRED_GOLD","is_prod":false,"is_daily":false,"chose_seed":false,"campfire_upgraded":6,"win_rate":0,"timestamp":1549316766,"path_taken":["M","?","M","?","M","R","E","?","T","E","$","?","R","?","R","BOSS","M","?","?","M","?","R","?","?","T","E","M","R","M","M","R","BOSS","M","?","M","M","M","E","R","E","T","?","$","R","M","M","R","BOSS","BOSS"],"build_version":"2019-01-23","purchased_purges":3,"victory":false,"max_hp_per_floor":[66,66,66,66,66,66,66,66,66,66,66,66,66,66,66,66,66,66,66,66,66,66,66,66,66,66,66,66,66,66,66,66,66,66,66,66,66,66,66,66,66,66,66,66,66,66,66,66,66,66,66],"card_choices":[{"not_picked":["Deadly Poison","Sucker Punch"],"picked":"Poisoned Stab","floor":1.0},{"not_picked":["Eviscerate","Sucker Punch","Prepared"],"picked":"SKIP","floor":3.0},{"not_picked":["Prepared","Dagger Throw"],"picked":"Skewer","floor":5.0},{"not_picked":["Concentrate","Acrobatics","Flying Knee"],"picked":"SKIP","floor":7.0},{"not_picked":["Flying Knee","Accuracy"],"picked":"Dash","floor":8.0},{"not_picked":["Backflip","Flying Knee","Prepared"],"picked":"SKIP","floor":10.0},{"not_picked":["Burst","Envenom"],"picked":"A Thousand Cuts","floor":16.0},{"not_picked":["Dodge and Roll","Well Laid Plans"],"picked":"Slice+1","floor":18.0},{"not_picked":["Dagger Throw+1","Prepared"],"picked":"Deadly Poison","floor":21.0},{"not_picked":["Eviscerate+1","Underhanded Strike+1","Dodge and Roll+1"],"picked":"SKIP","floor":22.0},{"not_picked":["Dash+1","Reflex","Phantasmal Killer"],"picked":"SKIP","floor":27.0},{"not_picked":["Bane+1","Flying Knee+1"],"picked":"PiercingWail","floor":28.0},{"not_picked":["Underhanded Strike+1","Leg Sweep"],"picked":"Crippling Poison","floor":30.0},{"not_picked":["Prepared","Finisher+1","Phantasmal Killer"],"picked":"SKIP","floor":31.0},{"not_picked":["Die Die Die+1","Corpse Explosion"],"picked":"After Image","floor":33.0},{"not_picked":["Cloak And Dagger","Flying Knee+1"],"picked":"Caltrops+1","floor":35.0},{"not_picked":["Deadly Poison","Dash+1","Flying Knee+1"],"picked":"SKIP","floor":37.0},{"not_picked":["Dodge and Roll","Backstab+1"],"picked":"Poisoned Stab+1","floor":38.0},{"not_picked":["Deflect","Prepared","Cloak And Dagger+1"],"picked":"SKIP","floor":39.0},{"not_picked":["Outmaneuver","Poisoned Stab+1"],"picked":"Glass Knife+1","floor":40.0},{"not_picked":["Acrobatics+1","Distraction","Underhanded Strike+1"],"picked":"SKIP","floor":42},{"not_picked":["Dagger Throw+1","Cloak And Dagger","Outmaneuver+1"],"picked":"SKIP","floor":47},{"not_picked":["Blur","Finisher+1","Slice+1"],"picked":"SKIP","floor":48},{"not_picked":["Cloak And Dagger","Dodge and Roll"],"picked":"Blur+1","floor":49}],"player_experience":2884698,"relics_obtained":[{"floor":7.0,"key":"PreservedInsect"},{"floor":10.0,"key":"Bag of Marbles"},{"floor":14.0,"key":"Happy Flower"},{"floor":26.0,"key":"Snake Skull"},{"floor":27.0,"key":"FossilizedHelix"},{"floor":40.0,"key":"Whetstone"},{"floor":42,"key":"Dream Catcher"},{"floor":43,"key":"Du-Vu Doll"}],"event_choices":[{"damage_healed":0.0,"max_hp_gain":0.0,"max_hp_loss":0.0,"gold_gain":75.0,"event_name":"World of Goop","player_choice":"Gather Gold","floor":2.0,"gold_loss":0.0,"damage_taken":11.0},{"damage_healed":0.0,"max_hp_gain":0.0,"max_hp_loss":0.0,"gold_gain":100.0,"event_name":"Wheel of Change","player_choice":"Gold","floor":4.0,"gold_loss":0.0,"damage_taken":0.0},{"damage_healed":0.0,"max_hp_gain":0.0,"max_hp_loss":0.0,"gold_gain":30.0,"event_name":"Dead Adventurer","player_choice":"Searched \u00272\u0027 times","floor":12.0,"gold_loss":0.0,"damage_taken":0.0,"relics_obtained":["Art of War"]},{"damage_healed":0.0,"max_hp_gain":0.0,"max_hp_loss":0.0,"gold_gain":0.0,"cards_transformed":["Strike_G","Strike_G"],"event_name":"Drug Dealer","player_choice":"Became Test Subject","floor":19.0,"gold_loss":0.0,"damage_taken":0.0,"cards_obtained":["Flying Knee","Grand Finale"]},{"damage_healed":28.0,"max_hp_gain":0.0,"max_hp_loss":0.0,"gold_gain":0.0,"event_name":"Wheel of Change","player_choice":"Full Heal","floor":20.0,"gold_loss":0.0,"damage_taken":0.0},{"damage_healed":0.0,"max_hp_gain":0.0,"max_hp_loss":0.0,"gold_gain":0.0,"event_name":"Beggar","player_choice":"Ignored","floor":25.0,"gold_loss":0.0,"damage_taken":0.0},{"damage_healed":0.0,"max_hp_gain":0.0,"max_hp_loss":0.0,"gold_gain":0.0,"event_name":"Tomb of Lord Red Mask","player_choice":"Ignored","floor":36.0,"gold_loss":0.0,"damage_taken":0.0},{"damage_healed":0,"gold_gain":275,"player_choice":"Desecrate","damage_taken":0,"max_hp_gain":0,"max_hp_loss":0,"event_name":"Golden Shrine","floor":44,"gold_loss":0,"cards_obtained":["Regret"]}],"is_beta":true,"boss_relics":[{"not_picked":["Orrery","HoveringKite"],"picked":"Runic Pyramid"},{"not_picked":["Eternal Feather","Calling Bell"],"picked":"Velvet Choker"}],"items_purged_floors":[11,24,45],"is_endless":false,"potions_floor_spawned":[1,7,8,16,21,27,30,31,38,42,48],"killed_by":"Time Eater","ascension_level":20}