{"gold_per_floor":[114,130,105,280,43,43,377,377,449,481,481,481,496,516,516,620,620,633,646,646,646,659,659,693,693,693,450,480,40,40,51,51,156,156,171,13,24,51,62,62,92,92,117,20,20,20,31,31,31,31],"floor_reached":51,"playtime":2996,"items_purged":["Doubt","Defend_G","Strike_G"],"score":830,"play_id":"b9954b00-18a7-4df1-9925-e256fc190a53","local_time":"20190203155242","is_ascension_mode":true,"campfire_choices":[{"data":"Apotheosis","floor":6,"key":"SMITH"},{"data":"Neutralize","floor":8,"key":"SMITH"},{"floor":12,"key":"REST"},{"floor":15,"key":"REST"},{"floor":23,"key":"REST"},{"floor":25,"key":"REST"},{"floor":30,"key":"REST"},{"floor":32,"key":"REST"},{"floor":40,"key":"REST"},{"data":"Defend_G","floor":42,"key":"PURGE"},{"data":"Strike_G","floor":45,"key":"PURGE"},{"floor":49,"key":"REST"}],"neow_cost":"PERCENT_DAMAGE","seed_source_timestamp":616180651345364,"circlet_count":0,"master_deck":["Defend_G","Defend_G","Defend_G","Strike_G+1","Strike_G","Survivor","Neutralize+1","The Bomb","PanicButton","Acrobatics","Backstab+1","Backflip","Apotheosis+1","Blur","Cloak And Dagger","Prepared","Noxious Fumes","After Image","Crippling Poison","After Image","Footwork","Footwork","Blur","Violence","Dagger Throw+1","Well Laid Plans+1","Escape Plan","Adrenaline","Underhanded Strike+1","Accuracy","Jack Of All Trades","Outmaneuver+1","Outmaneuver+1","Choke+1","Cloak And Dagger","Dagger Throw","Chrysalis","Blind","Trip","Dagger Spray","Madness","Madness","Cloak And Dagger"],"relics":["Ring of the Serpent","Old Coin","Darkstone Periapt","Centennial Puzzle","Fusion Hammer","Question Card","Bag of Marbles","Dream Catcher","StoneCalendar","Bronze Scales","Omamori","Peace Pipe","Whetstone"],"potions_floor_usage":[14,22,28,28,39,41,50,50],"damage_taken":[{"damage":0,"enemies":"Cultist","floor":1,"turns":3},{"damage":8,"enemies":"Jaw Worm","floor":2,"turns":3},{"damage":16,"enemies":"3 Sentries","floor":7,"turns":3},{"damage":13,"enemies":"Gremlin Nob","floor":10,"turns":4},{"damage":0,"enemies":"2 Louse","floor":13,"turns":3},{"damage":18,"enemies":"Lots of Slimes","floor":14,"turns":4},{"damage":4,"enemies":"The Guardian","floor":16,"turns":9},{"damage":0,"enemies":"Shell Parasite","floor":18,"turns":4},{"damage":0,"enemies":"Chosen","floor":19,"turns":4},{"damage":0,"enemies":"3 Cultists","floor":22,"turns":5},{"damage":21,"enemies":"Gremlin Leader","floor":24,"turns":7},{"damage":3,"enemies":"Slavers","floor":28,"turns":6},{"damage":3,"enemies":"Snake Plant","floor":31,"turns":4},{"damage":0,"enemies":"Champ","floor":33,"turns":11},{"damage":0,"enemies":"Orb Walker","floor":35,"turns":4},{"damage":7,"enemies":"3 Darklings","floor":37,"turns":4},{"damage":16,"enemies":"Spire Growth","floor":39,"turns":5},{"damage":21,"enemies":"Reptomancer","floor":41,"turns":8},{"damage":5,"enemies":"4 Shapes","floor":47,"turns":5},{"damage":45,"enemies":"Awakened One","floor":50,"turns":12}],"seed_played":"-8033266991483750402","potions_obtained":[{"floor":1,"key":"FairyPotion"},{"floor":2,"key":"LiquidBronze"},{"floor":16,"key":"PowerPotion"},{"floor":19,"key":"SkillPotion"},{"floor":24,"key":"Energy Potion"},{"floor":28,"key":"EssenceOfSteel"},{"floor":33,"key":"Regen Potion"},{"floor":41,"key":"Regen Potion"},{"floor":47,"key":"Ancient Potion"}],"is_trial":false,"path_per_floor":["M","M","$","?","$","R","E","R","T","E","?","R","M","M","R","B",null,"M","M","?","?","M","R","E","R","T","$","E","$","R","M","R","B",null,"M","$","M","T","M","R","E","R","T","$","R","?","M","?","R","B",null],"character_chosen":"THE_SILENT","items_purchased":["Backflip","Apotheosis","Dream Catcher","Bronze Scales","Violence","Accuracy","Jack Of All Trades","Cloak And Dagger","Dagger Throw"],"campfire_rested":8,"item_purchase_floors":[3,5,27,29,29,36,36,44,44],"current_hp_per_floor":[49,41,41,41,41,41,25,25,25,12,12,33,33,15,36,32,70,70,70,70,70,70,70,49,70,70,70,67,67,70,67,70,70,70,70,70,63,63,59,70,49,49,49,49,49,39,34,25,46,16],"gold":31,"neow_bonus":"RANDOM_COLORLESS_2","is_prod":false,"is_daily":false,"chose_seed":false,"campfire_upgraded":2,"win_rate":0,"timestamp":1549176762,"path_taken":["M","?","$","?","$","R","E","R","T","E","?","R","M","?","R","BOSS","M","M","?","?","M","R","E","R","T","$","E","$","R","M","R","BOSS","M","$","M","?","M","R","E","R","T","$","R","?","M","?","R","BOSS"],"build_version":"2019-01-23","purchased_purges":3,"victory":true,"max_hp_per_floor":[70,70,70,70,70,70,70,70,70,70,70,70,70,70,70,70,70,70,70,70,70,70,70,70,70,70,70,70,70,70,70,70,70,70,70,70,70,70,70,70,70,70,70,70,70,70,70,70,70,70],"card_choices":[{"not_picked":["Accuracy","Dagger Spray"],"picked":"Acrobatics","floor":1},{"not_picked":["Catalyst","Bane"],"picked":"Backstab","floor":2},{"not_picked":["Underhanded Strike","Tactician"],"picked":"Blur","floor":7},{"not_picked":["Backflip","Night Terror"],"picked":"Cloak And Dagger","floor":10},{"not_picked":["Cloak And Dagger","Catalyst"],"picked":"Prepared","floor":13},{"not_picked":["Acrobatics","Dagger Throw"],"picked":"Noxious Fumes","floor":14},{"not_picked":["Corpse Explosion","Glass Knife"],"picked":"After Image","floor":16},{"not_picked":["Poisoned Stab","Bane","Deadly Poison"],"picked":"SKIP","floor":18},{"not_picked":["Poisoned Stab","Outmaneuver"],"picked":"Crippling Poison","floor":19},{"not_picked":["Catalyst+1","Cloak And Dagger+1"],"picked":"Footwork","floor":22},{"not_picked":["Slice","All Out Attack"],"picked":"Footwork","floor":24},{"not_picked":["Backflip","Blade Dance","Doppelganger"],"picked":"Blur","floor":28},{"not_picked":["Predator","Masterful Stab","Dagger Spray"],"picked":"Dagger Throw+1","floor":30},{"not_picked":["Masterful Stab+1","Slice","Acrobatics"],"picked":"Well Laid Plans+1","floor":31},{"not_picked":["Backflip","Eviscerate+1","Well Laid Plans+1"],"picked":"Escape Plan","floor":32},{"not_picked":["Die Die Die","Glass Knife","After Image"],"picked":"Adrenaline","floor":33},{"not_picked":["Backflip+1","Prepared","Heel Hook"],"picked":"Underhanded Strike+1","floor":35},{"not_picked":["Bane+1","Heel Hook","Underhanded Strike","Crippling Poison+1"],"picked":"SKIP","floor":37},{"not_picked":["Cloak And Dagger+1","Masterful Stab","Poisoned Stab+1"],"picked":"Outmaneuver+1","floor":39},{"not_picked":["Acrobatics+1","Distraction","Bane+1"],"picked":"Outmaneuver+1","floor":40},{"not_picked":["Flying Knee+1","Footwork+1","Sucker Punch"],"picked":"Choke+1","floor":41},{"not_picked":["Purity","Bandage Up","Discovery"],"picked":"Chrysalis","floor":46},{"not_picked":["Jack Of All Trades","Flash of Steel","Deep Breath"],"picked":"Blind","floor":46},{"not_picked":["Swift Strike","Blind","Thinking Ahead"],"picked":"Trip","floor":46},{"not_picked":["Prepared","All Out Attack+1","Footwork+1"],"picked":"Dagger Spray","floor":47},{"not_picked":["Noxious Fumes","Backstab+1","Crippling Poison"],"picked":"Cloak And Dagger","floor":49}],"player_experience":61001,"relics_obtained":[{"floor":7,"key":"Old Coin"},{"floor":9,"key":"Darkstone Periapt"},{"floor":10,"key":"Centennial Puzzle"},{"floor":24,"key":"Question Card"},{"floor":26,"key":"Bag of Marbles"},{"floor":28,"key":"StoneCalendar"},{"floor":38,"key":"Omamori"},{"floor":41,"key":"Peace Pipe"},{"floor":43,"key":"Whetstone"}],"event_choices":[{"damage_healed":0,"gold_gain":175,"player_choice":"AGREE","damage_taken":0,"max_hp_gain":0,"max_hp_loss":0,"event_name":"Liars Game","floor":4,"gold_loss":0,"cards_obtained":["Doubt"]},{"cards_removed":["Strike_G"],"damage_healed":0,"gold_gain":0,"player_choice":"Offered Basic","damage_taken":0,"max_hp_gain":0,"max_hp_loss":0,"event_name":"Bonfire Elementals","floor":11,"gold_loss":0},{"damage_healed":0,"gold_gain":0,"player_choice":"Ignored","damage_taken":0,"max_hp_gain":0,"max_hp_loss":0,"event_name":"Ghosts","floor":20,"gold_loss":0},{"damage_healed":0,"gold_gain":0,"player_choice":"Copied","damage_taken":0,"max_hp_gain":0,"max_hp_loss":0,"event_name":"Duplicator","floor":21,"gold_loss":0,"cards_obtained":["After Image"]},{"damage_healed":0,"gold_gain":0,"player_choice":"Memory 3","damage_taken":10,"max_hp_gain":0,"max_hp_loss":0,"event_name":"SensoryStone","floor":46,"gold_loss":0},{"damage_healed":0,"gold_gain":0,"player_choice":"Embrace Madness","damage_taken":9,"max_hp_gain":0,"max_hp_loss":0,"event_name":"Winding Halls","floor":48,"gold_loss":0,"cards_obtained":["Madness","Madness"]}],"is_beta":false,"boss_relics":[{"not_picked":["Orrery","Empty Cage"],"picked":"Fusion Hammer"},{"not_picked":["Eternal Feather","Black Star"],"picked":"Ring of the Serpent"}],"items_purged_floors":[5,27,29],"is_endless":false,"potions_floor_spawned":[1,2,16,19,24,28,33,41,47],"ascension_level":1}