{"gold_per_floor":[118,118,14,24,41,41,76,76,76,92,92,92,3,14,14,92,92,104,4,24,24,39,39,49,82,105,120,138,138,63,76,76,76],"floor_reached":33,"playtime":877,"items_purged":["Defend_R","Strike_R"],"score":498,"play_id":"6080e566-457d-4a01-9930-69b42ddc1063","local_time":"20190112115245","is_ascension_mode":true,"campfire_choices":[{"data":"Iron Wave","floor":6,"key":"SMITH"},{"data":"Thunderclap","floor":8,"key":"SMITH"},{"data":"Pommel Strike","floor":11,"key":"SMITH"},{"data":"Bash","floor":15,"key":"SMITH"},{"floor":23,"key":"REST"},{"floor":29,"key":"REST"},{"floor":32,"key":"RECALL"}],"neow_cost":"NONE","seed_source_timestamp":43469586051877,"circlet_count":0,"master_deck":["AscendersBane","Strike_R","Strike_R","Strike_R","Defend_R+1","Defend_R","Defend_R","Bash+1","Iron Wave+1","Shrug It Off","Iron Wave+1","Power Through","Thunderclap+1","Pommel Strike+1","Bandage Up","Feed","Shockwave","Carnage","Decay","Evolve","Inflame"],"relics":["Burning Blood","NeowsBlessing","Thread and Needle","Self Forming Clay","Pen Nib","Fusion Hammer","Champion Belt","Bag of Marbles"],"potions_floor_usage":[7,7,20,25,33],"damage_taken":[{"damage":0,"enemies":"Small Slimes","floor":1,"turns":1},{"damage":0,"enemies":"Jaw Worm","floor":4,"turns":1},{"damage":0,"enemies":"Cultist","floor":5,"turns":1},{"damage":5,"enemies":"Lagavulin","floor":7,"turns":10},{"damage":0,"enemies":"3 Louse","floor":10,"turns":4},{"damage":0,"enemies":"2 Fungi Beasts","floor":14,"turns":3},{"damage":27,"enemies":"The Guardian","floor":16,"turns":16},{"damage":2,"enemies":"2 Thieves","floor":18,"turns":4},{"damage":6,"enemies":"Chosen","floor":20,"turns":5},{"damage":9,"enemies":"Snecko","floor":22,"turns":5},{"damage":25,"enemies":"Snake Plant","floor":24,"turns":4},{"damage":15,"enemies":"Slavers","floor":25,"turns":4},{"damage":14,"enemies":"Sentry and Sphere","floor":27,"turns":6},{"damage":2,"enemies":"Shelled Parasite and Fungi","floor":28,"turns":7},{"damage":2,"enemies":"Centurion and Healer","floor":31,"turns":5},{"damage":95,"enemies":"Automaton","floor":33,"turns":10}],"seed_played":"7768532051385850023","potions_obtained":[{"floor":4,"key":"Swift Potion"},{"floor":5,"key":"Dexterity Potion"},{"floor":14,"key":"SkillPotion"},{"floor":20,"key":"Strength Potion"},{"floor":24,"key":"PowerPotion"},{"floor":25,"key":"BloodPotion"}],"is_trial":false,"path_per_floor":["M","?","$","M","M","R","E","R","T","M","R","?","$","M","R","B",null,"M","$","M","?","M","R","M","E","T","M","M","R","?","M","R","B"],"character_chosen":"IRONCLAD","items_purchased":["Shrug It Off","Bandage Up"],"campfire_rested":2,"item_purchase_floors":[3,13],"current_hp_per_floor":[74,51,51,57,63,63,64,64,64,70,70,52,52,62,62,45,68,78,78,78,78,75,78,59,57,57,53,61,81,81,84,84,0],"gold":76,"neow_bonus":"THREE_ENEMY_KILL","is_prod":false,"is_daily":false,"chose_seed":false,"campfire_upgraded":4,"win_rate":0,"timestamp":1547293965,"path_taken":["M","?","?","?","M","R","E","R","T","M","R","?","$","M","R","BOSS","M","$","M","?","?","R","?","E","T","?","M","R","?","M","R","BOSS"],"build_version":"2019-01-10","purchased_purges":2,"victory":false,"max_hp_per_floor":[75,75,75,75,75,75,75,75,75,75,75,75,75,75,75,75,75,78,78,78,78,78,78,78,81,81,81,81,81,81,84,84,84],"card_choices":[{"not_picked":["Thunderclap","Intimidate"],"picked":"Iron Wave","floor":1},{"not_picked":["Clash","Headbutt"],"picked":"Iron Wave","floor":4},{"not_picked":["Heavy Blade","Demon Form"],"picked":"Power Through","floor":5},{"not_picked":["Hemokinesis","Shrug It Off"],"picked":"Thunderclap","floor":7},{"not_picked":["Warcry","True Grit"],"picked":"Pommel Strike","floor":10},{"not_picked":["Infernal Blade","Sever Soul","Armaments"],"picked":"SKIP","floor":14},{"not_picked":["Double Tap","Fiend Fire"],"picked":"Feed","floor":16},{"not_picked":["Havoc","Bloodletting"],"picked":"Shockwave","floor":18},{"not_picked":["Flex","Battle Trance"],"picked":"Carnage","floor":20},{"not_picked":["Clothesline","Warcry"],"picked":"Evolve","floor":22},{"not_picked":["Iron Wave","Warcry","Rage"],"picked":"SKIP","floor":24},{"not_picked":["Flex","Evolve","Headbutt+1"],"picked":"SKIP","floor":25},{"not_picked":["Havoc","Anger","Flex"],"picked":"SKIP","floor":27},{"not_picked":["Pommel Strike","Intimidate","Corruption"],"picked":"SKIP","floor":28},{"not_picked":["Double Tap","Warcry+1"],"picked":"Inflame","floor":31}],"player_experience":368716,"relics_obtained":[{"floor":7,"key":"Thread and Needle"},{"floor":9,"key":"Self Forming Clay"},{"floor":25,"key":"Champion Belt"},{"floor":26,"key":"Bag of Marbles"}],"event_choices":[{"damage_healed":0,"gold_gain":0,"player_choice":"Entered Light","damage_taken":23,"max_hp_gain":0,"max_hp_loss":0,"event_name":"Shining Light","floor":2,"gold_loss":0,"cards_upgraded":["Defend_R","Iron Wave"]},{"damage_healed":0,"gold_gain":0,"player_choice":"Success","damage_taken":18,"relics_obtained":["Pen Nib"],"max_hp_gain":0,"max_hp_loss":0,"event_name":"Scrap Ooze","floor":12,"gold_loss":0},{"damage_healed":0,"gold_gain":0,"player_choice":"Cursed","damage_taken":0,"max_hp_gain":0,"max_hp_loss":0,"event_name":"Wheel of Change","floor":21,"gold_loss":0,"cards_obtained":["Decay"]},{"cards_removed":["Strike_R"],"damage_healed":0,"gold_gain":0,"player_choice":"Gave Gold","damage_taken":0,"max_hp_gain":0,"max_hp_loss":0,"event_name":"Beggar","floor":30,"gold_loss":75}],"is_beta":false,"boss_relics":[{"not_picked":["Runic Pyramid","Tiny House"],"picked":"Fusion Hammer"}],"items_purged_floors":[3,19],"is_endless":false,"potions_floor_spawned":[4,5,14,20,24,25,28],"killed_by":"Automaton","ascension_level":17}