{"gold_per_floor":[117,128,203,222,237,237,270,289,343,343,360,360,374,393,393,490,490,506,506,506,535,535,535,535],"floor_reached":24,"playtime":1315,"items_purged":[],"score":238,"play_id":"4c30a540-7fd2-4bc1-ae6a-e971aa4b6be4","local_time":"20180827000716","is_ascension_mode":true,"campfire_choices":[{"floor":6,"key":"REST"},{"floor":10,"key":"REST"},{"floor":12,"key":"REST"},{"floor":15,"key":"REST"},{"floor":23,"key":"REST"}],"neow_cost":"NONE","seed_source_timestamp":426109935885158,"circlet_count":0,"master_deck":["Strike_B","Strike_B","Strike_B","Strike_B","Defend_B","Defend_B","Defend_B","Defend_B","Zap","Dualcast","Redo","Redo","Ball Lightning","Hologram","Sweeping Beam","Coolheaded","Double Energy","Seek","Chill","Cold Snap+1"],"relics":["Runic Pyramid","Orichalcum","Potion Belt","Velvet Choker","Red Mask","Question Card"],"potions_floor_usage":[7,7,8,16,16,16,16,18,21,21,21,21],"damage_taken":[{"damage":1,"enemies":"Cultist","floor":1,"turns":4},{"damage":3,"enemies":"2 Louse","floor":2,"turns":2},{"damage":11,"enemies":"Small Slimes","floor":4,"turns":3},{"damage":25,"enemies":"2 Fungi Beasts","floor":5,"turns":4},{"damage":30,"enemies":"3 Sentries","floor":7,"turns":6},{"damage":4,"enemies":"3 Louse","floor":8,"turns":3},{"damage":12,"enemies":"Looter","floor":11,"turns":3},{"damage":0,"enemies":"Large Slime","floor":13,"turns":4},{"damage":16,"enemies":"2 Fungi Beasts","floor":14,"turns":4},{"damage":36,"enemies":"Slime Boss","floor":16,"turns":8},{"damage":30,"enemies":"2 Thieves","floor":18,"turns":4},{"damage":26,"enemies":"Masked Bandits","floor":21,"turns":6},{"damage":41,"enemies":"Gremlin Leader","floor":24,"turns":7}],"seed_played":"2648775001815094217","potions_obtained":[{"floor":2,"key":"Energy Potion"},{"floor":4,"key":"Fire Potion"},{"floor":5,"key":"Energy Potion"},{"floor":13,"key":"Weak Potion"},{"floor":14,"key":"EntropicBrew"},{"floor":16,"key":"Block Potion"},{"floor":18,"key":"Regen Potion"}],"is_trial":false,"path_per_floor":["M","M","?","M","M","R","E","M","T","R","M","R","M","M","R","B",null,"M","?","?","?","T","R"],"character_chosen":"DEFECT","items_purchased":[],"campfire_rested":5,"item_purchase_floors":[],"current_hp_per_floor":[74,71,60,49,24,46,16,12,12,34,22,44,44,28,50,14,75,45,31,31,17,17,41,0],"gold":535,"neow_bonus":"BOSS_RELIC","is_prod":false,"is_daily":false,"chose_seed":false,"campfire_upgraded":0,"win_rate":0,"timestamp":1535346436,"path_taken":["M","?","?","M","M","R","E","M","T","R","M","R","M","M","R","BOSS","M","?","?","?","?","R","E"],"build_version":"2018-08-23v2","purchased_purges":0,"victory":false,"max_hp_per_floor":[75,75,75,75,75,75,75,75,75,75,75,75,75,75,75,75,75,75,80,80,80,80,80,80],"card_choices":[{"not_picked":["Compile Driver","Hologram","Turbo"],"picked":"SKIP","floor":1},{"not_picked":["Recycle","Turbo"],"picked":"Redo","floor":2},{"not_picked":["Fission","Rip and Tear"],"picked":"Redo","floor":4},{"not_picked":["Reprogram","Heatsinks"],"picked":"Ball Lightning","floor":5},{"not_picked":["Hello World","Rip and Tear"],"picked":"Hologram","floor":7},{"not_picked":["Coolheaded","Chaos"],"picked":"Sweeping Beam","floor":8},{"not_picked":["Hello World","Streamline"],"picked":"Coolheaded","floor":11},{"not_picked":["Gash","Stack","Compile Driver"],"picked":"SKIP","floor":13},{"not_picked":["Stack","Coolheaded"],"picked":"Double Energy","floor":14},{"not_picked":["Hyperbeam","Core Surge"],"picked":"Seek","floor":16},{"not_picked":["Leap","Force Field"],"picked":"Chill","floor":18},{"not_picked":["BootSequence+1","Static Discharge"],"picked":"Cold Snap+1","floor":21}],"player_experience":260139,"relics_obtained":[{"floor":7,"key":"Orichalcum"},{"floor":9,"key":"Potion Belt"},{"floor":21,"key":"Red Mask"},{"floor":22,"key":"Question Card"}],"event_choices":[{"event_name":"World of Goop","player_choice":"Gather Gold","floor":3,"damage_taken":0},{"event_name":"Forgotten Altar","player_choice":"Shed Blood","floor":19,"damage_taken":0},{"event_name":"Ghosts","player_choice":"Ignored","floor":20,"damage_taken":0},{"event_name":"Masked Bandits","player_choice":"Fought Bandits","floor":21,"damage_taken":0}],"is_beta":false,"boss_relics":[{"not_picked":["Sozu","Philosopher\u0027s Stone"],"picked":"Velvet Choker"}],"items_purged_floors":[],"is_endless":false,"potions_floor_spawned":[2,4,5,13,14,16,18],"killed_by":"Gremlin Leader","ascension_level":4}