{"gold_per_floor":[19,29,45,64,80,80,80,112,112,112,62,62,62,79,79,175,175],"floor_reached":17,"playtime":447,"items_purged":[],"score":157,"play_id":"6468303e-14ee-4245-b0de-bc1c3d18d8ea","local_time":"20181228050220","is_ascension_mode":false,"campfire_choices":[{"data":"Zap","floor":6.0,"key":"SMITH"},{"floor":10.0,"key":"REST"},{"floor":15.0,"key":"REST"}],"neow_cost":"NO_GOLD","seed_source_timestamp":0,"circlet_count":0,"master_deck":["Strike_B","Strike_B","Strike_B","Defend_B","Defend_B+1","Defend_B","Defend_B","Zap+1","Dualcast+1","Thinking Ahead","Impatience","Genetic Algorithm","Hologram","Loop","Creative AI","Fission"],"special_seed":0,"relics":["Cracked Core","Cables","Shovel","Orrery"],"potions_floor_usage":[],"damage_taken":[{"damage":1.0,"enemies":"Cultist","floor":1.0,"turns":4.0},{"damage":0.0,"enemies":"2 Louse","floor":2.0,"turns":2.0},{"damage":8.0,"enemies":"Small Slimes","floor":3.0,"turns":4.0},{"damage":11.0,"enemies":"Blue Slaver","floor":4.0,"turns":5.0},{"damage":17.0,"enemies":"2 Fungi Beasts","floor":5.0,"turns":5.0},{"damage":25.0,"enemies":"3 Sentries","floor":8.0,"turns":7.0},{"damage":9.0,"enemies":"Exordium Wildlife","floor":14.0,"turns":4.0},{"damage":22.0,"enemies":"Slime Boss","floor":16.0,"turns":8.0}],"seed_played":"37951590758523276","potions_obtained":[{"floor":1.0,"key":"LiquidBronze"},{"floor":8.0,"key":"SteroidPotion"},{"floor":16.0,"key":"Weak Potion"}],"is_trial":false,"path_per_floor":["M","M","M","M","M","R","?","E","T","R","?","?","$","M","R","B",null],"character_chosen":"DEFECT","items_purchased":[],"campfire_rested":2,"item_purchase_floors":[],"current_hp_per_floor":[74,74,66,55,38,38,38,13,13,35,35,20,20,11,33,11,11],"gold":175,"neow_bonus":"RANDOM_COLORLESS_2","is_prod":false,"is_daily":false,"chose_seed":false,"campfire_upgraded":1,"win_rate":0,"timestamp":1545973340,"path_taken":["M","M","M","M","M","R","?","E","T","R","?","?","?","M","R","BOSS"],"build_version":"2018-12-20","purchased_purges":0,"victory":false,"max_hp_per_floor":[75,75,75,75,75,75,75,75,75,75,75,75,75,75,75,75,75],"card_choices":[{"not_picked":["Streamline","Cold Snap","Steam"],"picked":"SKIP","floor":1.0},{"not_picked":["Compile Driver","Coolheaded"],"picked":"Genetic Algorithm","floor":2.0},{"not_picked":["Rebound","Tempest"],"picked":"Hologram","floor":3.0},{"not_picked":["Force Field","Sweeping Beam","Lockon"],"picked":"SKIP","floor":4.0},{"not_picked":["Ball Lightning","Hello World","FTL"],"picked":"SKIP","floor":5.0},{"not_picked":["FTL","Melter"],"picked":"Loop","floor":8.0},{"not_picked":["Rebound","Leap"],"picked":"Creative AI","floor":14.0},{"not_picked":["Core Surge","Rainbow"],"picked":"Fission","floor":16.0}],"player_experience":315990,"relics_obtained":[{"floor":8.0,"key":"Cables"},{"floor":9.0,"key":"Shovel"}],"event_choices":[{"damage_healed":0.0,"max_hp_gain":0.0,"max_hp_loss":0.0,"gold_gain":0.0,"event_name":"Liars Game","player_choice":"Ignored","floor":7.0,"gold_loss":0.0,"damage_taken":0.0},{"cards_removed":["Strike_B"],"damage_healed":0.0,"max_hp_gain":0.0,"max_hp_loss":0.0,"gold_gain":0.0,"event_name":"The Cleric","player_choice":"Card Removal","floor":11.0,"gold_loss":50.0,"damage_taken":0.0},{"damage_healed":0.0,"max_hp_gain":0.0,"max_hp_loss":0.0,"gold_gain":0.0,"event_name":"Shining Light","player_choice":"Entered Light","floor":12.0,"gold_loss":0.0,"damage_taken":15.0,"cards_upgraded":["Dualcast","Defend_B"]}],"is_beta":false,"boss_relics":[{"not_picked":["Pandora\u0027s Box","Snecko Eye"],"picked":"Orrery"}],"items_purged_floors":[],"is_endless":false,"potions_floor_spawned":[1,8,16],"ascension_level":0}