{"gold_per_floor":[11,29,29,29,48,48,81,81,81,81,11,46,46,66,66,161,161,177,188,206,206,206,206,217,217,217,235,265,265,265,292,292,387,387,400,500,500,548,15,15,15,15,15,48,48,48,48,68,68,68],"floor_reached":51,"playtime":6347,"items_purged":["Strike_G"],"score":784,"play_id":"9d8d7618-b0ee-4b00-9332-e971839d2d7b","local_time":"20180819013054","is_ascension_mode":true,"campfire_choices":[{"data":"Cloak And Dagger","floor":6,"key":"SMITH"},{"data":"Blade Dance","floor":8,"key":"SMITH"},{"data":"Well Laid Plans","floor":10,"key":"SMITH"},{"data":"Dash","floor":13,"key":"SMITH"},{"floor":15,"key":"REST"},{"floor":23,"key":"REST"},{"floor":25,"key":"REST"},{"floor":29,"key":"REST"},{"floor":32,"key":"REST"},{"data":"Secret Weapon","floor":40,"key":"SMITH"},{"floor":46,"key":"REST"},{"floor":49,"key":"REST"}],"neow_cost":"NO_GOLD","seed_source_timestamp":1125477352846072,"circlet_count":0,"master_deck":["Defend_G","Defend_G","Defend_G","Defend_G","Defend_G","Strike_G","Strike_G","Strike_G","Strike_G","Survivor","Neutralize","Cloak And Dagger+1","Dagger Spray","Blade Dance+1","Well Laid Plans+1","Dash+1","Finisher+1","Caltrops","Storm of Steel","Slice+1","Flying Knee+1","Backflip","Dash+1","Footwork","Deflect+1","Sucker Punch+1","Finisher+1","Slice+1","Endless Agony+1","Cloak And Dagger","Sucker Punch+1","Phantasmal Killer","Quick Slash+1","Slice+1","Secret Weapon+1","Madness","Madness","Flying Knee+1","Swift Strike+1","Sucker Punch+1"],"relics":["Ring of the Snake","Paper Crane","Ornamental Fan","Molten Egg 2","Orrery","Juzu Bracelet","Bag of Marbles","Bronze Scales","Philosopher\u0027s Stone","Turnip","Ninja Scroll","Matryoshka","Nunchaku","Du-Vu Doll"],"potions_floor_usage":[16,16,16,16,24,33,50,50],"damage_taken":[{"damage":2,"enemies":"Jaw Worm","floor":1,"turns":6},{"damage":0,"enemies":"Cultist","floor":2,"turns":4},{"damage":0,"enemies":"2 Louse","floor":5,"turns":2},{"damage":13,"enemies":"3 Sentries","floor":7,"turns":8},{"damage":18,"enemies":"Gremlin Nob","floor":12,"turns":5},{"damage":0,"enemies":"2 Fungi Beasts","floor":14,"turns":2},{"damage":24,"enemies":"Hexaghost","floor":16,"turns":8},{"damage":0,"enemies":"3 Byrds","floor":18,"turns":4},{"damage":17,"enemies":"Shell Parasite","floor":19,"turns":4},{"damage":36,"enemies":"Snake Plant","floor":20,"turns":6},{"damage":2,"enemies":"Chosen and Byrds","floor":24,"turns":6},{"damage":2,"enemies":"Snecko","floor":27,"turns":3},{"damage":21,"enemies":"Gremlin Leader","floor":28,"turns":7},{"damage":31,"enemies":"Slavers","floor":31,"turns":5},{"damage":39,"enemies":"Automaton","floor":33,"turns":11},{"damage":0,"enemies":"Orb Walker","floor":35,"turns":1},{"damage":29,"floor":38,"turns":4},{"damage":9,"enemies":"Giant Head","floor":44,"turns":8},{"damage":0,"floor":45,"turns":4},{"damage":19,"enemies":"3 Darklings","floor":48,"turns":4},{"damage":63,"enemies":"Donu and Deca","floor":50,"turns":9}],"seed_played":"1454974816077462249","potions_obtained":[{"floor":3,"key":"EntropicBrew"},{"floor":3,"key":"FearPotion"},{"floor":3,"key":"Explosive Potion"},{"floor":12,"key":"Regen Potion"},{"floor":16,"key":"SteroidPotion"},{"floor":27,"key":"GhostInAJar"},{"floor":33,"key":"Strength Potion"},{"floor":45,"key":"Dexterity Potion"}],"is_trial":false,"path_per_floor":["M","M","?","?","M","R","E","R","T","R","$","E","R","M","R","B",null,"M","M","M","?","?","R","M","R","T","M","E","R","?","E","R","B",null,"M","?","?","?","$","R","?","$","T","E","?","R","?","M","R","B"],"character_chosen":"THE_SILENT","items_purchased":["Dash","Secret Weapon","Ninja Scroll"],"campfire_rested":7,"item_purchase_floors":[11,39,39],"current_hp_per_floor":[82,82,82,82,82,82,69,69,69,69,69,51,51,51,76,67,84,84,67,31,15,15,41,39,65,65,63,42,68,68,37,63,24,89,89,89,89,60,60,60,49,49,49,40,40,66,66,47,73,10],"gold":68,"neow_bonus":"TWENTY_PERCENT_HP_BONUS","is_prod":false,"is_daily":false,"chose_seed":false,"campfire_upgraded":5,"win_rate":0,"timestamp":1534660254,"path_taken":["M","M","?","?","M","R","E","R","T","R","?","E","R","M","R","BOSS","M","M","M","?","?","R","M","R","T","M","E","R","?","E","R","BOSS","M","?","?","?","$","R","?","$","T","E","?","R","?","M","R","BOSS"],"build_version":"2018-08-16","purchased_purges":1,"victory":true,"max_hp_per_floor":[84,84,84,84,84,84,84,84,84,84,84,84,84,84,84,84,84,84,84,84,89,89,89,89,89,89,89,89,89,89,89,89,89,89,89,89,89,89,89,89,89,89,89,89,89,89,89,89,89,89],"card_choices":[{"not_picked":["Outmaneuver","Eviscerate"],"picked":"Cloak And Dagger","floor":1},{"not_picked":["Dagger Throw","Slice"],"picked":"Dagger Spray","floor":2},{"not_picked":["Sucker Punch","Bouncing Flask"],"picked":"Blade Dance","floor":5},{"not_picked":["Dagger Spray","Deadly Poison"],"picked":"Well Laid Plans","floor":7},{"not_picked":["Storm of Steel","Dagger Spray"],"picked":"Finisher","floor":12},{"not_picked":["Heel Hook+1","Outmaneuver"],"picked":"Caltrops","floor":14},{"not_picked":["Venomology","Phantasmal Killer"],"picked":"Storm of Steel","floor":16},{"not_picked":["Deadly Poison","Flying Knee+1"],"picked":"Slice+1","floor":17},{"not_picked":["Riddle With Holes+1","Backflip"],"picked":"Flying Knee+1","floor":17},{"not_picked":["Quick Slash+1","Outmaneuver"],"picked":"Backflip","floor":17},{"not_picked":["All Out Attack+1","Dagger Spray+1"],"picked":"Dash+1","floor":17},{"not_picked":["Prepared+1","Flechettes+1"],"picked":"Footwork","floor":18},{"not_picked":["Reflex","Dash+1"],"picked":"Deflect+1","floor":19},{"not_picked":["Backflip","Dodge and Roll"],"picked":"Sucker Punch+1","floor":20},{"not_picked":["Tools of the Trade","Quick Slash+1"],"picked":"Slice+1","floor":24},{"not_picked":["Flying Knee+1","Sucker Punch+1"],"picked":"Endless Agony+1","floor":27},{"not_picked":["Flying Knee+1","Skewer+1"],"picked":"Cloak And Dagger","floor":28},{"not_picked":["Deflect","Backflip"],"picked":"Sucker Punch+1","floor":31},{"not_picked":["Burst","Unload+1"],"picked":"Phantasmal Killer","floor":33},{"not_picked":["Escape Plan","Dash+1"],"picked":"Quick Slash+1","floor":35},{"not_picked":["Acrobatics","PiercingWail+1"],"picked":"Slice+1","floor":38},{"not_picked":["Crippling Poison","Expertise+1","Catalyst"],"picked":"SKIP","floor":44},{"not_picked":["Expertise","Predator+1"],"picked":"Flying Knee+1","floor":45},{"not_picked":["Dark Shackles","Forethought"],"picked":"Swift Strike+1","floor":47},{"not_picked":["Dodge and Roll","Underhanded Strike+1"],"picked":"Sucker Punch+1","floor":48}],"player_experience":115438,"relics_obtained":[{"floor":7,"key":"Paper Crane"},{"floor":9,"key":"Ornamental Fan"},{"floor":12,"key":"Molten Egg 2"},{"floor":26,"key":"Juzu Bracelet"},{"floor":28,"key":"Bag of Marbles"},{"floor":31,"key":"Bronze Scales"},{"floor":38,"key":"Turnip"},{"floor":43,"key":"Matryoshka"},{"floor":44,"key":"Nunchaku"},{"floor":45,"key":"Du-Vu Doll"}],"event_choices":[{"event_name":"The Lab","player_choice":"Got Potions","floor":3,"damage_taken":0},{"event_name":"The Cleric","player_choice":"Leave","floor":4,"damage_taken":0},{"event_name":"Forgotten Altar","player_choice":"Shed Blood","floor":21,"damage_taken":0},{"event_name":"Duplicator","player_choice":"One dupe","floor":22,"damage_taken":0},{"event_name":"Ghosts","player_choice":"Ignored","floor":30,"damage_taken":0},{"event_name":"Golden Shrine","player_choice":"Pray","floor":36,"damage_taken":0},{"event_name":"The Woman in Blue","player_choice":"Bought 0 Potions","floor":37,"damage_taken":0},{"event_name":"Mysterious Sphere","player_choice":"Fight","floor":38,"damage_taken":0},{"event_name":"Winding Halls","player_choice":"Embrace Madness","floor":41,"damage_taken":0},{"event_name":"MindBloom","player_choice":"Fight","floor":45,"damage_taken":0},{"event_name":"SensoryStone","player_choice":"Memory 1","floor":47,"damage_taken":0}],"is_beta":false,"boss_relics":[{"not_picked":["Lizard Tail","Busted Crown"],"picked":"Orrery"},{"not_picked":["Empty Cage","Cursed Key"],"picked":"Philosopher\u0027s Stone"}],"items_purged_floors":[39],"is_endless":false,"potions_floor_spawned":[12,16,27,28,33,35,45,48],"ascension_level":2}