{"gold_per_floor":[113,213,224,57,75,75,92,92,92,92,38,38,38,52,52,147,197,209,209,209,219,219],"floor_reached":22,"playtime":611,"items_purged":["Strike_R"],"score":278,"play_id":"3550fa2c-da64-4de1-918e-2fbffddf6b61","local_time":"20181130201146","is_ascension_mode":true,"campfire_choices":[{"data":"Flash of Steel","floor":6,"key":"SMITH"},{"data":"Dual Wield","floor":8,"key":"SMITH"},{"data":"Bash","floor":10,"key":"SMITH"},{"data":"Dropkick","floor":12,"key":"SMITH"},{"data":"Body Slam","floor":15,"key":"SMITH"}],"neow_cost":"NONE","seed_source_timestamp":349272888929,"circlet_count":0,"master_deck":["AscendersBane","Strike_R","Strike_R","Defend_R+1","Defend_R","Defend_R","Bash+1","Body Slam+1","Dropkick+1","Flash of Steel+1","Dual Wield+1","Shrug It Off","Warcry"],"relics":["Empty Cage","Question Card","Tiny House"],"potions_floor_usage":[12,14],"damage_taken":[{"damage":1,"enemies":"Small Slimes","floor":1,"turns":5},{"damage":6,"enemies":"Cultist","floor":3,"turns":4},{"damage":9,"enemies":"2 Louse","floor":5,"turns":4},{"damage":7,"enemies":"2 Fungi Beasts","floor":7,"turns":4},{"damage":0,"enemies":"Looter","floor":14,"turns":2},{"damage":22,"enemies":"Hexaghost","floor":16,"turns":7},{"damage":0,"enemies":"Spheric Guardian","floor":18,"turns":3},{"damage":24,"enemies":"Colosseum Slavers","floor":20,"turns":5},{"damage":11,"enemies":"3 Byrds","floor":21,"turns":5},{"damage":57,"enemies":"Snecko","floor":22,"turns":8}],"seed_played":"1254341851306687478","potions_obtained":[{"floor":5,"key":"Block Potion"},{"floor":7,"key":"Fruit Juice"},{"floor":16,"key":"Dexterity Potion"},{"floor":17,"key":"Strength Potion"}],"is_trial":false,"path_per_floor":["M","?","M","$","M","R","M","R","T","R","$","R","?","M","R","B",null,"M","?","?","M","M"],"character_chosen":"IRONCLAD","items_purchased":["Flash of Steel","Shrug It Off"],"campfire_rested":0,"item_purchase_floors":[4,11],"current_hp_per_floor":[71,71,65,65,56,56,49,49,49,49,49,54,54,54,54,32,77,77,77,53,42,0],"gold":219,"neow_bonus":"BOSS_RELIC","is_prod":false,"is_daily":false,"chose_seed":false,"campfire_upgraded":5,"win_rate":0,"timestamp":1543608706,"path_taken":["M","?","?","$","M","R","M","R","T","R","$","R","?","M","R","BOSS","M","?","?","M","M"],"build_version":"2018-11-15","purchased_purges":1,"victory":false,"max_hp_per_floor":[80,80,80,80,80,80,80,80,80,80,80,85,85,85,85,85,90,90,90,90,90,90],"card_choices":[{"not_picked":["Cleave","Twin Strike"],"picked":"Body Slam","floor":1},{"not_picked":["Combust","Twin Strike"],"picked":"Dropkick","floor":3},{"not_picked":["Thunderclap","Heavy Blade"],"picked":"Dual Wield","floor":5},{"not_picked":["Evolve","Intimidate","Anger"],"picked":"SKIP","floor":7},{"not_picked":["Clothesline","Shrug It Off","Flex","Heavy Blade"],"picked":"SKIP","floor":14},{"not_picked":["Corruption","Iron Wave","Havoc"],"picked":"Warcry","floor":17},{"not_picked":["Seeing Red","Heavy Blade+1","Power Through","Body Slam+1"],"picked":"SKIP","floor":18},{"not_picked":["Thunderclap","Clothesline","Twin Strike","Sword Boomerang"],"picked":"SKIP","floor":21}],"player_experience":220638,"relics_obtained":[{"floor":9,"key":"Question Card"}],"event_choices":[{"damage_healed":0,"gold_gain":100,"player_choice":"Pray","damage_taken":0,"max_hp_gain":0,"max_hp_loss":0,"event_name":"Golden Shrine","floor":2,"gold_loss":0},{"cards_removed":["Strike_R"],"damage_healed":0,"gold_gain":0,"player_choice":"Forget","damage_taken":0,"max_hp_gain":0,"max_hp_loss":0,"event_name":"Living Wall","floor":13,"gold_loss":0},{"damage_healed":0,"gold_gain":0,"player_choice":"Ignored","damage_taken":0,"max_hp_gain":0,"max_hp_loss":0,"event_name":"Cursed Tome","floor":19,"gold_loss":0},{"damage_healed":0,"gold_gain":0,"player_choice":"Fight","damage_taken":0,"max_hp_gain":0,"max_hp_loss":0,"event_name":"Colosseum","floor":20,"gold_loss":0},{"damage_healed":0,"gold_gain":0,"player_choice":"Fled From Nobs","damage_taken":0,"max_hp_gain":0,"max_hp_loss":0,"event_name":"Colosseum","floor":20,"gold_loss":0}],"is_beta":false,"boss_relics":[{"not_picked":["Velvet Choker","Black Star"],"picked":"Tiny House"}],"items_purged_floors":[4],"is_endless":false,"potions_floor_spawned":[5,7,16,20],"killed_by":"Snecko","ascension_level":12}