{"gold_per_floor":[119,119,134,134,14,14,29,29,329,364,383,397,412,31,31,131,131,141,128,128,48,67,67,96,96,122,122,37,47,58,76,76,180,180,197,0,0,0,0,0,26,26,51,68,68,68,81,95,95,95],"floor_reached":50,"playtime":2483,"items_purged":["Decay"],"score":767,"play_id":"f2648fef-d456-4158-b25e-6c49c7ccf634","local_time":"20180701140413","is_ascension_mode":false,"campfire_choices":[{"data":"Neutralize","floor":6,"key":"SMITH"},{"floor":15,"key":"REST"},{"data":"Noxious Fumes","floor":23,"key":"SMITH"},{"floor":25,"key":"REST"},{"data":"Footwork","floor":27,"key":"SMITH"},{"floor":32,"key":"REST"},{"data":"Footwork","floor":40,"key":"SMITH"},{"data":"Burst","floor":42,"key":"SMITH"},{"floor":46,"key":"REST"},{"floor":49,"key":"REST"}],"neow_cost":"NONE","seed_source_timestamp":329905690345509,"circlet_count":0,"master_deck":["Defend_G","Defend_G","Defend_G","Defend_G","Defend_G","Strike_G","Strike_G","Strike_G","Survivor","Neutralize+1","Burst+1","Slice+1","Flying Knee","Deflect","Noxious Fumes+1","Dodge and Roll","Poisoned Stab","Footwork+1","Poisoned Stab","Catalyst+1","Footwork+1","After Image","Deflect","Well Laid Plans","Outmaneuver","Deflect+1","Deadly Poison","Calculated Gamble+1","Deadly Poison","Backflip+1","Noxious Fumes+1","Venomology","Deflect","Slice+1","Pain","Deflect+1","Acrobatics+1","Acrobatics+1","Poisoned Stab+1"],"special_seed":17713,"relics":["Ring of the Snake","Old Coin","Whetstone","Mummified Hand","Cursed Key","Prayer Wheel","Happy Flower","Bronze Scales","Empty Cage","Red Mask","Girya","Anchor","Orichalcum"],"potions_floor_usage":[10,24,31,31,33,41,41,41,44,50,50,50,50,50,50],"damage_taken":[{"damage":6,"enemies":"Jaw Worm","floor":1,"turns":7},{"damage":6,"enemies":"Cultist","floor":3,"turns":5},{"damage":1,"enemies":"2 Louse","floor":7,"turns":3},{"damage":12,"enemies":"Lagavulin","floor":10,"turns":11},{"damage":0,"enemies":"Gremlin Gang","floor":11,"turns":5},{"damage":11,"enemies":"Blue Slaver","floor":12,"turns":4},{"damage":4,"enemies":"Lots of Slimes","floor":13,"turns":5},{"damage":6,"enemies":"The Guardian","floor":16,"turns":12},{"damage":10,"enemies":"Chosen","floor":18,"turns":7},{"damage":11,"enemies":"2 Thieves","floor":19,"turns":4},{"damage":6,"enemies":"Sentry and Sphere","floor":22,"turns":8},{"damage":2,"enemies":"Book of Stabbing","floor":24,"turns":4},{"damage":2,"enemies":"Slaver and Parasite","floor":29,"turns":6},{"damage":11,"enemies":"Centurion and Healer","floor":30,"turns":8},{"damage":11,"enemies":"Snecko","floor":31,"turns":8},{"damage":44,"enemies":"Automaton","floor":33,"turns":10},{"damage":55,"enemies":"Flame Bruiser 1 Orb","floor":35,"turns":6},{"damage":0,"floor":37,"turns":6},{"damage":10,"enemies":"Nemesis","floor":41,"turns":7},{"damage":19,"enemies":"3 Darklings","floor":44,"turns":5},{"damage":22,"enemies":"Transient","floor":47,"turns":5},{"damage":17,"enemies":"Sphere and 2 Shapes","floor":48,"turns":5},{"damage":36,"enemies":"Time Eater","floor":50,"turns":4}],"seed_played":"-8851648875795215677","potions_obtained":[{"floor":7,"key":"SteroidPotion"},{"floor":8,"key":"Swift Potion"},{"floor":8,"key":"SkillPotion"},{"floor":10,"key":"EssenceOfSteel"},{"floor":29,"key":"FearPotion"},{"floor":30,"key":"EssenceOfSteel"},{"floor":33,"key":"SteroidPotion"},{"floor":41,"key":"Fruit Juice"},{"floor":47,"key":"EntropicBrew"}],"is_trial":false,"path_per_floor":["M","?","M","?","$","R","M","?","T","E","M","M","M","$","R","B",null,"M","M","?","$","M","R","E","R","T","R","?","M","M","M","R","B",null,"M","?","?","?","?","R","E","R","T","M","$","R","M","M","R"],"character_chosen":"THE_SILENT","items_purchased":["Deflect","Catalyst","Mummified Hand","Footwork","Well Laid Plans"],"campfire_rested":5,"item_purchase_floors":[5,14,14,14,21],"current_hp_per_floor":[64,64,58,58,58,58,57,57,57,45,45,34,30,30,51,45,70,60,49,49,49,43,43,41,62,62,62,62,60,49,38,59,15,70,15,15,15,61,61,61,51,51,51,37,37,56,34,17,36,0],"gold":95,"neow_bonus":"ONE_RANDOM_RARE_CARD","is_prod":false,"is_daily":false,"chose_seed":false,"campfire_upgraded":5,"win_rate":0.0,"timestamp":1530471853,"path_taken":["M","?","?","?","$","R","M","?","T","E","?","M","M","$","R","BOSS","M","M","?","$","M","R","E","R","T","R","?","M","M","?","R","BOSS","M","?","?","?","?","R","E","R","T","M","$","R","M","?","R","BOSS"],"build_version":"2018-06-29","purchased_purges":1,"victory":false,"max_hp_per_floor":[70,70,70,70,70,70,70,70,70,70,70,70,70,70,70,70,70,70,70,70,70,70,70,70,70,70,70,70,70,70,70,70,70,70,70,70,70,61,61,61,61,61,61,66,66,66,66,66,66,66],"card_choices":[{"not_picked":["Bane","Finisher"],"picked":"Slice","floor":1},{"not_picked":["Noxious Fumes","Masterful Stab"],"picked":"Flying Knee","floor":3},{"not_picked":["Underhanded Strike","Prepared"],"picked":"Noxious Fumes","floor":7},{"not_picked":["Corpse Explosion","Dash"],"picked":"Dodge and Roll","floor":10},{"not_picked":["Heel Hook","Leg Sweep"],"picked":"Poisoned Stab","floor":11},{"not_picked":["PiercingWail","Infinite Blades"],"picked":"Footwork","floor":12},{"not_picked":["Finisher","Underhanded Strike"],"picked":"Poisoned Stab","floor":13},{"not_picked":["Tactician","Phantasmal Killer"],"picked":"After Image","floor":16},{"not_picked":["Quick Slash","Dagger Throw"],"picked":"Deflect","floor":18},{"not_picked":["Infinite Blades","Blade Dance+1","Finisher"],"picked":"SKIP","floor":19},{"not_picked":["A Thousand Cuts","Riddle With Holes"],"picked":"Outmaneuver","floor":22},{"not_picked":["Underhanded Strike","Glass Knife"],"picked":"Deflect+1","floor":24},{"not_picked":["Blur+1","Dagger Spray"],"picked":"Deadly Poison","floor":29},{"not_picked":["Well Laid Plans","Dash+1"],"picked":"Calculated Gamble+1","floor":29},{"not_picked":["Prepared","PiercingWail"],"picked":"Deadly Poison","floor":30},{"not_picked":["Deadly Poison","Underhanded Strike"],"picked":"Backflip+1","floor":30},{"not_picked":["Terror","Deadly Poison+1"],"picked":"Noxious Fumes+1","floor":31},{"not_picked":["Predator","Quick Slash","Deadly Poison"],"picked":"SKIP","floor":31},{"not_picked":["Wraith Form v2","Tactician"],"picked":"Venomology","floor":33},{"not_picked":["Dodge and Roll+1","Dagger Throw"],"picked":"Deflect","floor":35},{"not_picked":["Flying Knee+1","Skewer+1","Deadly Poison"],"picked":"SKIP","floor":35},{"not_picked":["PiercingWail+1","Dagger Spray"],"picked":"Slice+1","floor":37},{"not_picked":["Sucker Punch","Flechettes","Eviscerate+1"],"picked":"SKIP","floor":41},{"not_picked":["Calculated Gamble+1","Backstab"],"picked":"Deflect+1","floor":44},{"not_picked":["Eviscerate+1","Bane"],"picked":"Acrobatics+1","floor":44},{"not_picked":["Bane","Skewer+1"],"picked":"Acrobatics+1","floor":47},{"not_picked":["Poisoned Stab+1","Flying Knee+1","Dodge and Roll"],"picked":"SKIP","floor":47},{"not_picked":["Flying Knee+1","Dodge and Roll"],"picked":"Poisoned Stab+1","floor":47},{"not_picked":["Doppelganger","Poisoned Stab","Slice"],"picked":"SKIP","floor":48},{"not_picked":["Poisoned Stab+1","Bane","Deflect+1"],"picked":"SKIP","floor":48}],"player_experience":26463,"relics_obtained":[{"floor":9,"key":"Old Coin"},{"floor":10,"key":"Whetstone"},{"floor":24,"key":"Prayer Wheel"},{"floor":26,"key":"Happy Flower"},{"floor":37,"key":"Girya"},{"floor":41,"key":"Anchor"},{"floor":43,"key":"Orichalcum"}],"event_choices":[{"event_name":"Wheel of Change","player_choice":"Curse","floor":2,"damage_taken":0},{"event_name":"The Woman in Blue","player_choice":"Bought 0 Potions","floor":4,"damage_taken":0},{"event_name":"The Lab","player_choice":"Got Potions","floor":8,"damage_taken":0},{"event_name":"Upgrade Shrine","player_choice":"Upgraded","floor":20,"damage_taken":0},{"event_name":"Addict","player_choice":"Obtained Relic","floor":28,"damage_taken":0},{"event_name":"Tomb of Lord Red Mask","player_choice":"Paid","floor":36,"damage_taken":0},{"event_name":"MindBloom","player_choice":"Fight","floor":37,"damage_taken":0},{"event_name":"The Moai Head","player_choice":"Heal","floor":38,"damage_taken":0},{"event_name":"Falling","player_choice":"Removed Attack","floor":39,"damage_taken":0}],"boss_relics":[{"not_picked":["Coffee Dripper","Philosopher\u0027s Stone"],"picked":"Cursed Key"},{"not_picked":["Orrery","Snecko Eye"],"picked":"Empty Cage"}],"items_purged_floors":[5],"is_endless":false,"potions_floor_spawned":[7,10,12,13,22,29,30,33,41,47,48],"killed_by":"Time Eater","ascension_level":0}