{"gold_per_floor":[112,37,37,37,58,58,99,99,122,122,135,135,155,176,176,300,600,624,624,139,99,114,114,114,138,164,179,202,30,30,74,74,198,198,212,337,117,117,141,182,182,200,225,96,21,21,56,56,56,56,56,56,38,73,73],"floor_reached":56,"playtime":7194,"items_purged":["Pain","Writhe","Shame","Doubt"],"score":1847,"play_id":"4788ca2e-34b7-4a2d-9d40-674189b048eb","local_time":"20190114210441","is_ascension_mode":true,"campfire_choices":[{"data":"Apotheosis","floor":6.0,"key":"SMITH"},{"data":"Shockwave","floor":10.0,"key":"SMITH"},{"data":"Metallicize","floor":12.0,"key":"SMITH"},{"data":"Iron Wave","floor":15.0,"key":"SMITH"},{"data":"Barricade","floor":23.0,"key":"SMITH"},{"floor":32,"key":"REST"},{"data":"Offering","floor":41,"key":"SMITH"},{"data":"Battle Trance","floor":46,"key":"SMITH"},{"floor":49,"key":"RECALL"},{"floor":52,"key":"REST"}],"neow_cost":"CURSE","seed_source_timestamp":0,"circlet_count":0,"master_deck":["AscendersBane","Strike_R","Strike_R","Strike_R+1","Strike_R","Defend_R","Defend_R","Defend_R","Defend_R","Bash","Apotheosis+1","Enlightenment+1","Metallicize+1","Battle Trance+1","Iron Wave+1","Shockwave+1","Spot Weakness","Shrug It Off","Barricade+1","Clumsy","Decay","True Grit+1","Metallicize+1","Seeing Red+1","Shrug It Off","Entrench+1","Metallicize+1","Offering+1","Body Slam","Metallicize+1","Iron Wave+1","Ghostly Armor+1","Battle Trance+1","Inflame+1"],"special_seed":0,"relics":["Burning Blood","Golden Idol","Pear","Happy Flower","Calling Bell","Potion Belt","Shuriken","Old Coin","Frozen Egg 2","Membership Card","Bag of Marbles","Red Skull","Bronze Scales","Ancient Tea Set","Centennial Puzzle","Omamori","Self Forming Clay","Sozu","Charon\u0027s Ashes","Blue Candle","Matryoshka","Dream Catcher","Bottled Lightning","Art of War","Kunai"],"potions_floor_usage":[31,31],"damage_taken":[{"damage":19.0,"enemies":"Cultist","floor":1.0,"turns":4.0},{"damage":5.0,"enemies":"Jaw Worm","floor":5.0,"turns":5.0},{"damage":24.0,"enemies":"Lagavulin","floor":7.0,"turns":6.0},{"damage":0.0,"enemies":"2 Louse","floor":11.0,"turns":2.0},{"damage":7.0,"enemies":"Looter","floor":13.0,"turns":3.0},{"damage":4.0,"enemies":"Large Slime","floor":14.0,"turns":5.0},{"damage":24.0,"enemies":"Slime Boss","floor":16.0,"turns":8.0},{"damage":26.0,"enemies":"Spheric Guardian","floor":18.0,"turns":8.0},{"damage":8.0,"enemies":"Shell Parasite","floor":22.0,"turns":7.0},{"damage":24.0,"enemies":"Slavers","floor":24.0,"turns":4.0},{"damage":16.0,"enemies":"Snake Plant","floor":25.0,"turns":6.0},{"damage":7,"enemies":"Snecko","floor":27,"turns":7},{"damage":11,"enemies":"3 Cultists","floor":28,"turns":5},{"damage":1,"enemies":"Book of Stabbing","floor":31,"turns":8},{"damage":43,"enemies":"Collector","floor":33,"turns":17},{"damage":6,"enemies":"3 Shapes","floor":35,"turns":10},{"damage":24,"enemies":"Mind Bloom Boss Battle","floor":36,"turns":6},{"damage":12,"enemies":"3 Darklings","floor":39,"turns":6},{"damage":24,"enemies":"Reptomancer","floor":40,"turns":7},{"damage":8,"enemies":"Jaw Worm Horde","floor":42,"turns":3},{"damage":7,"enemies":"Giant Head","floor":47,"turns":6},{"damage":27,"enemies":"Awakened One","floor":50,"turns":12},{"damage":41,"enemies":"Shield and Spear","floor":54,"turns":11},{"damage":44,"enemies":"The Heart","floor":55,"turns":12}],"seed_played":"6462382294048402812","potions_obtained":[{"floor":5.0,"key":"SkillPotion"},{"floor":7.0,"key":"Poison Potion"},{"floor":14.0,"key":"Strength Potion"},{"floor":16.0,"key":"Weak Potion"},{"floor":18.0,"key":"Weak Potion"},{"floor":21.0,"key":"Fruit Juice"},{"floor":21.0,"key":"SmokeBomb"},{"floor":21.0,"key":"FearPotion"},{"floor":28,"key":"Swift Potion"}],"is_trial":false,"path_per_floor":["M","$","?","?","M","R","E","?","T","R","M","R","M","M","R","B",null,"M","?","$","?","M","R","E","M","T","M","M","$","?","E","R","B",null,"M","?","$","?","M","E","R","M","T","$","$","R","E","?","R","B",null,"R","$","E","B",null],"character_chosen":"IRONCLAD","items_purchased":["Membership Card","Bag of Marbles","Red Skull","Metallicize+1","Ancient Tea Set","Centennial Puzzle","Strength Potion","Metallicize+1","Blue Candle","Bottled Lightning","Inflame+1"],"campfire_rested":2,"item_purchase_floors":[20,20,20,20,29,29,29,37,37,44,53],"current_hp_per_floor":[59,59,43,43,44,44,36,36,36,36,42,42,41,43,43,25,69,49,49,49,54,52,52,34,24,24,23,18,18,18,23,49,12,70,70,52,52,74,68,50,50,48,48,48,48,48,47,47,47,26,73,89,89,54,16],"gold":73,"neow_bonus":"RANDOM_COLORLESS_2","is_prod":false,"is_daily":false,"chose_seed":false,"campfire_upgraded":7,"win_rate":0,"timestamp":1547528681,"path_taken":["M","$","?","?","M","R","E","?","T","R","M","R","M","M","R","BOSS","M","?","$","?","M","R","E","?","T","M","M","$","?","E","R","BOSS","M","?","$","?","M","E","R","M","T","?","$","R","E","?","R","BOSS","R","$","E","BOSS"],"build_version":"2019-01-10","purchased_purges":4,"victory":true,"max_hp_per_floor":[80,80,80,74,74,74,84,84,84,84,84,84,84,84,84,84,84,84,84,84,89,89,89,89,89,89,89,89,89,89,89,89,89,89,89,89,89,89,89,89,89,89,89,89,89,89,89,89,89,89,89,89,89,89,89],"card_choices":[{"not_picked":["Heavy Blade","Cleave"],"picked":"Metallicize","floor":1.0},{"not_picked":["Shrug It Off","Feel No Pain"],"picked":"Battle Trance","floor":5.0},{"not_picked":["True Grit","Anger"],"picked":"Iron Wave","floor":7.0},{"not_picked":["Rupture","Sword Boomerang","Searing Blow"],"picked":"SKIP","floor":11.0},{"not_picked":["Pommel Strike","Seeing Red"],"picked":"Spot Weakness","floor":13.0},{"not_picked":["Pommel Strike","Headbutt"],"picked":"Shrug It Off","floor":14.0},{"not_picked":["Fiend Fire","Impervious"],"picked":"Barricade","floor":16.0},{"not_picked":["Flex","Twin Strike"],"picked":"True Grit+1","floor":18.0},{"not_picked":["Sever Soul","Thunderclap+1"],"picked":"Seeing Red+1","floor":22.0},{"not_picked":["Shockwave","Corruption+1"],"picked":"Shrug It Off","floor":25.0},{"not_picked":["Spot Weakness","Cleave"],"picked":"Entrench+1","floor":27},{"not_picked":["Blood for Blood+1","Warcry","Anger"],"picked":"SKIP","floor":28},{"not_picked":["Dark Embrace+1","True Grit"],"picked":"Metallicize+1","floor":31},{"not_picked":["Exhume","Berserk+1"],"picked":"Offering","floor":33},{"not_picked":["Warcry","Spot Weakness+1"],"picked":"Body Slam","floor":35},{"not_picked":["Twin Strike+1","Carnage+1","Sword Boomerang"],"picked":"SKIP","floor":39},{"not_picked":["Heavy Blade","Feel No Pain+1","Wild Strike"],"picked":"SKIP","floor":40},{"not_picked":["Seeing Red+1","Intimidate"],"picked":"Iron Wave+1","floor":42},{"not_picked":["Bludgeon","Seeing Red"],"picked":"Ghostly Armor+1","floor":47},{"not_picked":["Fire Breathing+1","Clash"],"picked":"Battle Trance+1","floor":52},{"not_picked":["Combust+1","Dual Wield+1","Sword Boomerang"],"picked":"SKIP","floor":54}],"player_experience":313723,"relics_obtained":[{"floor":7.0,"key":"Pear"},{"floor":9.0,"key":"Happy Flower"},{"floor":17.0,"key":"Potion Belt"},{"floor":17.0,"key":"Shuriken"},{"floor":17.0,"key":"Old Coin"},{"floor":26,"key":"Bronze Scales"},{"floor":31,"key":"Self Forming Clay"},{"floor":36,"key":"Charon\u0027s Ashes"},{"floor":40,"key":"Matryoshka"},{"floor":43,"key":"Dream Catcher"},{"floor":47,"key":"Art of War"},{"floor":54,"key":"Kunai"}],"event_choices":[{"damage_healed":0.0,"max_hp_gain":0.0,"max_hp_loss":0.0,"gold_gain":0.0,"event_name":"Shining Light","player_choice":"Entered Light","floor":3.0,"gold_loss":0.0,"damage_taken":16.0,"cards_upgraded":["Strike_R","Enlightenment"]},{"damage_healed":0.0,"max_hp_gain":0.0,"max_hp_loss":6.0,"gold_gain":0.0,"event_name":"Golden Idol","player_choice":"Lose Max HP","floor":4.0,"gold_loss":0.0,"damage_taken":0.0,"relics_obtained":["Golden Idol"]},{"damage_healed":0.0,"max_hp_gain":0.0,"max_hp_loss":0.0,"gold_gain":0.0,"cards_transformed":["Strike_R"],"event_name":"Living Wall","player_choice":"Change","floor":8.0,"gold_loss":0.0,"damage_taken":0.0,"cards_obtained":["Shockwave"]},{"damage_healed":0.0,"max_hp_gain":0.0,"max_hp_loss":0.0,"gold_gain":0.0,"event_name":"The Mausoleum","player_choice":"Opened","floor":19.0,"gold_loss":0.0,"damage_taken":0.0,"relics_obtained":["Frozen Egg 2"],"cards_obtained":["Writhe"]},{"damage_healed":0.0,"max_hp_gain":0.0,"max_hp_loss":0.0,"gold_gain":0.0,"event_name":"The Woman in Blue","player_choice":"Bought 3 Potions","floor":21.0,"gold_loss":0.0,"damage_taken":0.0},{"damage_healed":0,"gold_gain":0,"player_choice":"Stole Relic","damage_taken":0,"relics_obtained":["Omamori"],"max_hp_gain":0,"max_hp_loss":0,"event_name":"Addict","floor":30,"gold_loss":0,"cards_obtained":["Shame"]},{"damage_healed":0,"gold_gain":0,"player_choice":"Fight","damage_taken":0,"max_hp_gain":0,"max_hp_loss":0,"event_name":"MindBloom","floor":36,"gold_loss":0},{"damage_healed":22,"gold_gain":0,"player_choice":"Writhe","damage_taken":0,"max_hp_gain":0,"max_hp_loss":0,"event_name":"Winding Halls","floor":38,"gold_loss":0,"cards_obtained":["Writhe"]},{"damage_healed":0,"gold_gain":0,"player_choice":"Got Potions","damage_taken":0,"max_hp_gain":0,"max_hp_loss":0,"event_name":"Lab","floor":48,"gold_loss":0}],"is_beta":false,"boss_relics":[{"not_picked":["White Beast Statue","Eternal Feather"],"picked":"Calling Bell"},{"not_picked":["Pandora\u0027s Box","Mark of Pain"],"picked":"Sozu"}],"items_purged_floors":[2,20,37,45],"is_endless":false,"potions_floor_spawned":[5,7,14,16,18,24,28,39,40,47,54],"ascension_level":11}