{"gold_per_floor":[109,109,127,152,452,452,473,492,492,492,505,524,555,573,573,694,694,709,709,725,725,340,340,354,395,395,439,482,497,497,510,510,641,641,660,660,292,313,332,370,384,424,447,447,513,35,35,60,60,60,60,60,12,53,53],"floor_reached":56,"playtime":6864,"items_purged":["Strike_R+1","Strike_R+1","Parasite"],"score":1691,"play_id":"f19e8dde-f822-45ad-b9e9-f7a23c1e796a","local_time":"20181231221231","is_ascension_mode":true,"campfire_choices":[{"data":"Body Slam","floor":6,"key":"SMITH"},{"data":"Warcry","floor":10,"key":"SMITH"},{"data":"Barricade","floor":15,"key":"SMITH"},{"data":"Shrug It Off","floor":23,"key":"SMITH"},{"data":"Metallicize","floor":30,"key":"SMITH"},{"data":"Power Through","floor":32,"key":"SMITH"},{"data":"Shockwave","floor":44,"key":"SMITH"},{"floor":49,"key":"RECALL"},{"data":"Offering","floor":52,"key":"SMITH"}],"neow_cost":"NONE","seed_source_timestamp":3041662407179330,"circlet_count":0,"master_deck":["Strike_R+1","Strike_R+1","Defend_R+1","Defend_R+1","Defend_R+1","Defend_R+1","Bash+1","Shrug It Off+1","Body Slam+1","Power Through+1","Warcry+1","Sentinel+1","Barricade+1","Shrug It Off+1","Body Slam+1","Metallicize+1","Battle Trance+1","Offering+1","Seeing Red+1","Shockwave+1","Metallicize+1"],"relics":["Burning Blood","Golden Idol","Old Coin","Pear","Regal Pillow","Mark of Pain","Pocketwatch","War Paint","Molten Egg 2","PreservedInsect","Red Mask","Coffee Dripper","Mummified Hand","Tiny Chest","Bronze Scales","Boot","Gremlin Horn","FossilizedHelix","TheAbacus","Bag of Marbles","Thread and Needle"],"potions_floor_usage":[13,16,25,25,33,35,38,40,42,45,54],"damage_taken":[{"damage":0,"enemies":"Cultist","floor":1,"turns":4},{"damage":2,"enemies":"Jaw Worm","floor":3,"turns":3},{"damage":0,"enemies":"2 Louse","floor":4,"turns":2},{"damage":13,"enemies":"Blue Slaver","floor":7,"turns":5},{"damage":0,"enemies":"Red Slaver","floor":8,"turns":3},{"damage":3,"enemies":"2 Fungi Beasts","floor":11,"turns":4},{"damage":0,"enemies":"Blue Slaver","floor":12,"turns":3},{"damage":30,"enemies":"Gremlin Nob","floor":13,"turns":4},{"damage":19,"enemies":"Gremlin Gang","floor":14,"turns":8},{"damage":0,"enemies":"Slime Boss","floor":16,"turns":15},{"damage":42,"enemies":"3 Byrds","floor":18,"turns":8},{"damage":0,"enemies":"Chosen","floor":20,"turns":4},{"damage":0,"enemies":"Centurion and Healer","floor":24,"turns":5},{"damage":19,"enemies":"Gremlin Leader","floor":25,"turns":7},{"damage":19,"enemies":"Book of Stabbing","floor":27,"turns":6},{"damage":25,"enemies":"Masked Bandits","floor":28,"turns":7},{"damage":10,"enemies":"Snecko","floor":29,"turns":5},{"damage":4,"enemies":"Sentry and Sphere","floor":31,"turns":6},{"damage":3,"enemies":"Champ","floor":33,"turns":8},{"damage":6,"enemies":"3 Shapes","floor":35,"turns":4},{"damage":6,"enemies":"3 Darklings","floor":38,"turns":4},{"damage":6,"enemies":"Transient","floor":39,"turns":5},{"damage":6,"enemies":"Reptomancer","floor":40,"turns":2},{"damage":6,"enemies":"Writhing Mass","floor":41,"turns":3},{"damage":16,"enemies":"Nemesis","floor":42,"turns":4},{"damage":10,"enemies":"2 Orb Walkers","floor":45,"turns":5},{"damage":0,"enemies":"Sphere and 2 Shapes","floor":48,"turns":5},{"damage":0,"enemies":"Awakened One","floor":50,"turns":8},{"damage":0,"enemies":"Shield and Spear","floor":54,"turns":4},{"damage":0,"enemies":"The Heart","floor":55,"turns":9}],"seed_played":"3536086442483423503","potions_obtained":[{"floor":4,"key":"Regen Potion"},{"floor":7,"key":"SteroidPotion"},{"floor":13,"key":"EssenceOfSteel"},{"floor":16,"key":"EssenceOfSteel"},{"floor":18,"key":"Poison Potion"},{"floor":28,"key":"Swift Potion"},{"floor":29,"key":"Fire Potion"},{"floor":31,"key":"SkillPotion"},{"floor":33,"key":"Swift Potion"},{"floor":35,"key":"LiquidBronze"},{"floor":38,"key":"SteroidPotion"},{"floor":39,"key":"Explosive Potion"},{"floor":41,"key":"Fire Potion"},{"floor":54,"key":"Explosive Potion"}],"is_trial":false,"path_per_floor":["M","?","M","M","T","R","M","M","T","R","M","M","E","M","R","B",null,"M","?","M","?","$","R","M","E","T","E","?","M","R","M","R","B",null,"M","?","$","M","M","E","M","E","T","R","?","$","?","M","R","B",null,"R","$","E","B",null],"character_chosen":"IRONCLAD","items_purchased":["Pocketwatch","Tiny Chest","Bronze Scales","TheAbacus","Bag of Marbles","SpeedPotion"],"campfire_rested":0,"item_purchase_floors":[22,37,37,46,46,53],"current_hp_per_floor":[80,60,64,70,70,70,63,69,79,79,82,88,64,51,51,57,90,54,54,60,60,60,60,66,68,68,55,36,32,32,34,34,37,90,90,90,90,90,90,90,90,80,80,80,76,76,76,82,82,87,87,87,87,87,87],"gold":53,"neow_bonus":"UPGRADE_CARD","is_prod":false,"is_daily":false,"chose_seed":false,"campfire_upgraded":8,"win_rate":0,"timestamp":1546323151,"path_taken":["M","?","M","M","?","R","M","M","T","R","M","M","E","M","R","BOSS","M","?","M","?","$","R","?","E","T","E","?","M","R","M","R","BOSS","M","?","$","?","M","E","M","E","T","R","?","$","?","?","R","BOSS","R","$","E","BOSS"],"build_version":"2018-12-20","purchased_purges":3,"victory":true,"max_hp_per_floor":[80,80,80,80,80,80,80,80,90,90,90,90,90,90,90,90,90,90,90,90,90,90,90,90,90,90,90,90,90,90,90,90,90,90,90,90,90,90,90,90,90,90,90,90,90,87,87,87,87,87,87,87,87,87,87],"card_choices":[{"not_picked":["Metallicize","Iron Wave"],"picked":"Shrug It Off","floor":1},{"not_picked":["Rupture","Spot Weakness"],"picked":"Body Slam","floor":3},{"not_picked":["Cleave","Pommel Strike","Anger"],"picked":"SKIP","floor":4},{"not_picked":["Body Slam","Wild Strike"],"picked":"Power Through","floor":7},{"not_picked":["Body Slam","Inflame"],"picked":"Warcry","floor":8},{"not_picked":["Disarm","Dual Wield"],"picked":"Sentinel","floor":11},{"not_picked":["Thunderclap","Flex"],"picked":"Barricade","floor":12},{"not_picked":["Armaments","Pommel Strike"],"picked":"Shrug It Off","floor":13},{"not_picked":["Fire Breathing","Demon Form","True Grit"],"picked":"SKIP","floor":14},{"not_picked":["Sword Boomerang","Iron Wave+1"],"picked":"Body Slam+1","floor":18},{"not_picked":["Headbutt","Feel No Pain","Blood for Blood"],"picked":"SKIP","floor":20},{"not_picked":["Twin Strike+1","Searing Blow+1","Wild Strike+1"],"picked":"SKIP","floor":24},{"not_picked":["Perfected Strike+1","Body Slam"],"picked":"Metallicize","floor":25},{"not_picked":["Pummel+1","Second Wind","Armaments"],"picked":"SKIP","floor":27},{"not_picked":["Dropkick+1","Flex"],"picked":"Battle Trance+1","floor":29},{"not_picked":["Perfected Strike+1","Twin Strike+1","Carnage+1"],"picked":"SKIP","floor":31},{"not_picked":["Juggernaut","Immolate+1"],"picked":"Offering","floor":33},{"not_picked":["Corruption+1","Havoc+1","Pummel+1"],"picked":"SKIP","floor":35},{"not_picked":["Heavy Blade+1","Dual Wield+1"],"picked":"Seeing Red+1","floor":38},{"not_picked":["Perfected Strike+1","Dropkick+1","Twin Strike+1"],"picked":"SKIP","floor":39},{"not_picked":["Searing Blow+1","Body Slam+1","Seeing Red"],"picked":"SKIP","floor":40},{"not_picked":["Searing Blow+1","Headbutt+1","Body Slam+1"],"picked":"SKIP","floor":41},{"not_picked":["Inflame+1","Infernal Blade+1"],"picked":"Shockwave","floor":42},{"not_picked":["Twin Strike+1","Armaments+1","Havoc+1"],"picked":"SKIP","floor":48},{"not_picked":["Ghostly Armor","Headbutt+1","Rampage+1"],"picked":"SKIP","floor":54}],"player_experience":188226,"relics_obtained":[{"floor":5,"key":"Old Coin"},{"floor":9,"key":"Pear"},{"floor":13,"key":"Regal Pillow"},{"floor":25,"key":"War Paint"},{"floor":26,"key":"Molten Egg 2"},{"floor":27,"key":"PreservedInsect"},{"floor":28,"key":"Red Mask"},{"floor":36,"key":"Mummified Hand"},{"floor":40,"key":"Boot"},{"floor":42,"key":"Gremlin Horn"},{"floor":45,"key":"FossilizedHelix"},{"floor":54,"key":"Thread and Needle"}],"event_choices":[{"damage_healed":0,"gold_gain":0,"player_choice":"Take Damage","damage_taken":20,"relics_obtained":["Golden Idol"],"max_hp_gain":0,"max_hp_loss":0,"event_name":"Golden Idol","floor":2,"gold_loss":0},{"damage_healed":0,"gold_gain":0,"player_choice":"Simplicity","damage_taken":0,"max_hp_gain":0,"max_hp_loss":0,"event_name":"Back to Basics","floor":19,"gold_loss":0,"cards_upgraded":["Strike_R","Strike_R","Strike_R","Strike_R","Strike_R","Defend_R","Defend_R","Defend_R","Defend_R"]},{"cards_removed":["Strike_R"],"damage_healed":0,"gold_gain":0,"player_choice":"Purged","damage_taken":0,"max_hp_gain":0,"max_hp_loss":0,"event_name":"Purifier","floor":21,"gold_loss":0},{"damage_healed":0,"gold_gain":0,"player_choice":"Fought Bandits","damage_taken":0,"max_hp_gain":0,"max_hp_loss":0,"event_name":"Masked Bandits","floor":28,"gold_loss":0},{"damage_healed":0,"gold_gain":0,"player_choice":"Relic","damage_taken":0,"max_hp_gain":0,"max_hp_loss":0,"event_name":"Wheel of Change","floor":36,"gold_loss":0},{"damage_healed":0,"gold_gain":0,"player_choice":"Fight","damage_taken":0,"max_hp_gain":0,"max_hp_loss":0,"event_name":"Mysterious Sphere","floor":45,"gold_loss":0},{"damage_healed":0,"gold_gain":0,"player_choice":"Copied","damage_taken":0,"max_hp_gain":0,"max_hp_loss":0,"event_name":"Duplicator","floor":47,"gold_loss":0,"cards_obtained":["Metallicize"]}],"is_beta":false,"boss_relics":[{"not_picked":["Velvet Choker","Eternal Feather"],"picked":"Mark of Pain"},{"not_picked":["Snecko Eye","White Beast Statue"],"picked":"Coffee Dripper"}],"items_purged_floors":[22,37,46],"is_endless":false,"potions_floor_spawned":[4,7,13,16,18,28,29,31,33,35,38,39,41,54],"ascension_level":3}