{"gold_per_floor":[112,412,412,423,437,466,466,499,576,587,328,338,351,95,95,95],"floor_reached":16,"playtime":1171,"items_purged":["Strike_R","Strike_R"],"score":118,"play_id":"8dfdd542-4b53-4174-83ef-1642db8246df","local_time":"20190130233801","is_ascension_mode":true,"campfire_choices":[{"data":"Bash","floor":7,"key":"SMITH"},{"floor":15,"key":"REST"}],"neow_cost":"NONE","seed_source_timestamp":936642424454300,"circlet_count":0,"master_deck":["Strike_R","Strike_R","Strike_R","Defend_R","Defend_R","Defend_R","Defend_R","Bash+1","Ghostly Armor","Shockwave","Clothesline","Seeing Red","Disarm","Armaments","Demon Form","Shrug It Off"],"relics":["Burning Blood","NeowsBlessing","Old Coin","Blood Vial","Centennial Puzzle","Question Card","Bag of Marbles"],"potions_floor_usage":[6,6,8,16],"damage_taken":[{"damage":0,"enemies":"Jaw Worm","floor":1,"turns":1},{"damage":0,"enemies":"2 Louse","floor":4,"turns":2},{"damage":0,"enemies":"Cultist","floor":5,"turns":1},{"damage":10,"enemies":"3 Sentries","floor":6,"turns":15},{"damage":33,"enemies":"Lagavulin","floor":8,"turns":7},{"damage":20,"enemies":"Large Slime","floor":10,"turns":6},{"damage":11,"enemies":"Red Slaver","floor":12,"turns":7},{"damage":9,"enemies":"3 Louse","floor":13,"turns":5},{"damage":67,"enemies":"Slime Boss","floor":16,"turns":13}],"seed_played":"-5338456607559705002","potions_obtained":[{"floor":1,"key":"PowerPotion"},{"floor":3,"key":"Block Potion"},{"floor":3,"key":"Explosive Potion"},{"floor":13,"key":"PowerPotion"}],"is_trial":false,"path_per_floor":["M","?","?","M","M","E","R","E","T","M","$","M","M","$","R","B"],"character_chosen":"IRONCLAD","items_purchased":["Armaments","Demon Form","Bag of Marbles"],"campfire_rested":1,"item_purchase_floors":[11,11,14],"current_hp_per_floor":[80,73,73,79,80,76,76,51,51,39,39,36,35,35,59,0],"gold":95,"neow_bonus":"THREE_ENEMY_KILL","is_prod":false,"is_daily":false,"chose_seed":false,"campfire_upgraded":1,"win_rate":0,"timestamp":1548909481,"path_taken":["M","?","?","?","M","E","R","E","T","M","$","M","M","$","R","BOSS"],"build_version":"2019-01-23","purchased_purges":2,"victory":false,"max_hp_per_floor":[80,80,80,80,80,80,80,80,80,80,80,80,80,80,80,80],"card_choices":[{"not_picked":["Corruption","True Grit"],"picked":"Ghostly Armor","floor":1},{"not_picked":["Clothesline","Havoc"],"picked":"Shockwave","floor":4},{"not_picked":["Dual Wield","Heavy Blade"],"picked":"Clothesline","floor":5},{"not_picked":["Fiend Fire","Fire Breathing"],"picked":"Seeing Red","floor":6},{"not_picked":["Warcry","Entrench","Sever Soul"],"picked":"SKIP","floor":8},{"not_picked":["Sword Boomerang","Entrench","Wild Strike"],"picked":"Disarm","floor":10},{"not_picked":["Wild Strike","True Grit","Heavy Blade"],"picked":"Shrug It Off","floor":12},{"not_picked":["Cleave","Twin Strike","Heavy Blade","Sword Boomerang"],"picked":"SKIP","floor":13}],"player_experience":122240,"relics_obtained":[{"floor":6,"key":"Blood Vial"},{"floor":8,"key":"Centennial Puzzle"},{"floor":9,"key":"Question Card"}],"event_choices":[{"damage_healed":0,"gold_gain":0,"player_choice":"Success","damage_taken":7,"relics_obtained":["Old Coin"],"max_hp_gain":0,"max_hp_loss":0,"event_name":"Scrap Ooze","floor":2,"gold_loss":0},{"damage_healed":0,"gold_gain":0,"player_choice":"Got Potions","damage_taken":0,"max_hp_gain":0,"max_hp_loss":0,"event_name":"Lab","floor":3,"gold_loss":0}],"is_beta":false,"boss_relics":[],"items_purged_floors":[11,14],"is_endless":false,"potions_floor_spawned":[1,4,5,13],"killed_by":"Slime Boss","ascension_level":1}