{"gold_per_floor":[109,128,88,101,113,113,113,132,158,158,158,188,203,220,220,299,299,319,20,35,35,54,54,54],"floor_reached":24,"playtime":711,"items_purged":[],"score":374,"play_id":"b8265659-34cf-4df2-a216-cc201fb589bd","local_time":"20190109221829","is_ascension_mode":true,"campfire_choices":[{"data":"Neutralize","floor":7,"key":"SMITH"},{"data":"Backstab","floor":10,"key":"SMITH"},{"data":"Dagger Throw","floor":15,"key":"SMITH"},{"floor":23,"key":"RECALL"}],"neow_cost":"NONE","seed_source_timestamp":13853853388675,"circlet_count":0,"master_deck":["AscendersBane","Defend_G","Defend_G","Defend_G","Defend_G","Defend_G","Strike_G","Strike_G","Strike_G","Strike_G","Strike_G","Survivor","Neutralize+1","Tools of the Trade","Escape Plan","Terror","Escape Plan","Escape Plan","Backstab+1","Dagger Throw+1","Backflip","Burst","Infinite Blades","Noxious Fumes","Deflect","Caltrops"],"relics":["Ring of the Snake","Potion Belt","Bronze Scales","Fusion Hammer","ClockworkSouvenir"],"potions_floor_usage":[3,6,6,11,12,12,16,16,24],"damage_taken":[{"damage":2,"enemies":"Jaw Worm","floor":1,"turns":6},{"damage":1,"enemies":"Cultist","floor":2,"turns":5},{"damage":1,"enemies":"Small Slimes","floor":4,"turns":4},{"damage":0,"enemies":"Blue Slaver","floor":5,"turns":6},{"damage":0,"enemies":"Large Slime","floor":6,"turns":6},{"damage":19,"enemies":"3 Louse","floor":8,"turns":5},{"damage":4,"enemies":"Gremlin Nob","floor":12,"turns":3},{"damage":0,"enemies":"2 Fungi Beasts","floor":13,"turns":3},{"damage":2,"enemies":"Blue Slaver","floor":14,"turns":2},{"damage":5,"enemies":"Hexaghost","floor":16,"turns":8},{"damage":0,"enemies":"3 Byrds","floor":18,"turns":3},{"damage":23,"enemies":"2 Thieves","floor":20,"turns":4},{"damage":13,"enemies":"Snecko","floor":22,"turns":7},{"damage":1,"enemies":"3 Cultists","floor":24,"turns":2}],"seed_played":"2518932914806013501","potions_obtained":[{"floor":2,"key":"Block Potion"},{"floor":3,"key":"Fruit Juice"},{"floor":3,"key":"Strength Potion"},{"floor":3,"key":"SmokeBomb"},{"floor":8,"key":"AttackPotion"},{"floor":11,"key":"Fruit Juice"},{"floor":11,"key":"SteroidPotion"},{"floor":12,"key":"LiquidBronze"},{"floor":13,"key":"LiquidBronze"},{"floor":18,"key":"SpeedPotion"},{"floor":22,"key":"PowerPotion"}],"is_trial":false,"path_per_floor":["M","M","?","M","M","M","R","M","T","R","?","E","M","M","R","B",null,"M","$","M","?","M","R","M"],"character_chosen":"THE_SILENT","items_purchased":["Noxious Fumes","ClockworkSouvenir"],"campfire_rested":0,"item_purchase_floors":[19,19],"current_hp_per_floor":[57,56,61,60,60,60,60,41,41,41,46,42,42,40,40,35,66,66,66,43,43,30,30,29],"gold":54,"neow_bonus":"ONE_RANDOM_RARE_CARD","is_prod":false,"is_daily":false,"chose_seed":false,"campfire_upgraded":3,"win_rate":0,"timestamp":1547072309,"path_taken":["M","M","?","?","?","M","R","M","T","R","?","E","M","M","R","BOSS","M","?","M","?","M","R","M"],"build_version":"2019-01-03v4","purchased_purges":0,"victory":false,"max_hp_per_floor":[66,66,71,71,71,71,71,71,71,71,76,76,76,76,76,76,76,76,76,76,76,76,76,76],"card_choices":[{"not_picked":["Dagger Throw","Reflex"],"picked":"Escape Plan","floor":1},{"not_picked":["Bane","Quick Slash"],"picked":"Terror","floor":2},{"not_picked":["Dagger Throw","Dodge and Roll"],"picked":"Escape Plan","floor":4},{"not_picked":["Dodge and Roll","Sucker Punch"],"picked":"Escape Plan","floor":5},{"not_picked":["Dagger Spray","Prepared"],"picked":"Backstab","floor":8},{"not_picked":["Dagger Spray","Dodge and Roll"],"picked":"Dagger Throw","floor":12},{"not_picked":["Bane","Dagger Throw"],"picked":"Backflip","floor":13},{"not_picked":["Concentrate","Terror","Prepared"],"picked":"SKIP","floor":14},{"not_picked":["Phantasmal Killer","Venomology"],"picked":"Burst","floor":16},{"not_picked":["Dagger Spray","Eviscerate"],"picked":"Infinite Blades","floor":18},{"not_picked":["Accuracy","Blade Dance+1"],"picked":"Deflect","floor":20},{"not_picked":["Flying Knee","Dodge and Roll"],"picked":"Caltrops","floor":22}],"player_experience":362763,"relics_obtained":[{"floor":9,"key":"Potion Belt"},{"floor":12,"key":"Bronze Scales"}],"event_choices":[{"damage_healed":0,"gold_gain":0,"player_choice":"Bought 3 Potions","damage_taken":0,"max_hp_gain":0,"max_hp_loss":0,"event_name":"The Woman in Blue","floor":3,"gold_loss":0},{"damage_healed":0,"gold_gain":0,"player_choice":"Got Potions","damage_taken":0,"max_hp_gain":0,"max_hp_loss":0,"event_name":"Lab","floor":11,"gold_loss":0},{"damage_healed":0,"gold_gain":0,"player_choice":"Ignored","damage_taken":0,"max_hp_gain":0,"max_hp_loss":0,"event_name":"The Mausoleum","floor":21,"gold_loss":0}],"is_beta":false,"boss_relics":[{"not_picked":["Lizard Tail","Runic Pyramid"],"picked":"Fusion Hammer"}],"items_purged_floors":[],"is_endless":false,"potions_floor_spawned":[2,5,8,12,13,18,22],"killed_by":"3 Cultists","ascension_level":17}