{"gold_per_floor":[117,117,33,33,33,33,54,81,81,6,6,39,39,39,39,39],"floor_reached":16,"playtime":303,"items_purged":["Strike_R"],"score":194,"play_id":"e989d203-2dca-4927-afd6-397c2f267096","local_time":"20190120150755","is_ascension_mode":true,"campfire_choices":[{"data":"Pommel Strike","floor":6,"key":"SMITH"},{"data":"True Grit","floor":11,"key":"SMITH"},{"floor":13,"key":"REST"},{"data":"Finesse","floor":15,"key":"SMITH"}],"neow_cost":"NONE","seed_source_timestamp":8699922219595,"circlet_count":0,"master_deck":["AscendersBane","Strike_R","Strike_R","Strike_R","Defend_R","Defend_R","Defend_R","Defend_R","Bash","Finesse+1","Pommel Strike+1","Spot Weakness","Twin Strike","True Grit+1","Combust"],"relics":["Burning Blood","Odd Mushroom","Dream Catcher","Bottled Flame","Champion Belt","Molten Egg 2"],"potions_floor_usage":[8,12],"damage_taken":[{"damage":9,"enemies":"Jaw Worm","floor":1,"turns":4},{"damage":23,"enemies":"The Mushroom Lair","floor":7,"turns":6},{"damage":31,"enemies":"3 Sentries","floor":8,"turns":9},{"damage":26,"enemies":"Gremlin Nob","floor":12,"turns":4},{"damage":67,"enemies":"Slime Boss","floor":16,"turns":6}],"seed_played":"2398400027259059773","potions_obtained":[{"floor":7,"key":"Regen Potion"},{"floor":8,"key":"Swift Potion"}],"is_trial":false,"path_per_floor":["M","?","$","?","?","R","?","E","T","$","R","E","R","T","R","B"],"character_chosen":"IRONCLAD","items_purchased":["Spot Weakness"],"campfire_rested":1,"item_purchase_floors":[3],"current_hp_per_floor":[65,65,65,65,65,65,48,38,38,38,38,18,40,40,40,0],"gold":39,"neow_bonus":"RANDOM_COLORLESS","is_prod":false,"is_daily":false,"chose_seed":false,"campfire_upgraded":3,"win_rate":0,"timestamp":1547996875,"path_taken":["M","?","$","?","?","R","?","E","T","$","R","E","R","?","R","BOSS"],"build_version":"2019-01-17v2","purchased_purges":1,"victory":false,"max_hp_per_floor":[75,75,75,75,75,75,75,75,75,75,75,75,75,75,75,75],"card_choices":[{"not_picked":["Burning Pact","Rage"],"picked":"Pommel Strike","floor":1},{"not_picked":["Clash","Entrench"],"picked":"Twin Strike","floor":7},{"not_picked":["Searing Blow","Juggernaut"],"picked":"True Grit","floor":8},{"not_picked":["Hemokinesis","Spot Weakness","Dark Embrace"],"picked":"SKIP","floor":12},{"not_picked":["Clothesline","Warcry"],"picked":"Combust","floor":13}],"player_experience":406921,"relics_obtained":[{"floor":7,"key":"Odd Mushroom"},{"floor":8,"key":"Dream Catcher"},{"floor":9,"key":"Bottled Flame"},{"floor":12,"key":"Champion Belt"},{"floor":14,"key":"Molten Egg 2"}],"event_choices":[{"damage_healed":0,"gold_gain":0,"player_choice":"Ignored","damage_taken":0,"max_hp_gain":0,"max_hp_loss":0,"event_name":"Golden Idol","floor":2,"gold_loss":0},{"cards_removed":["Strike_R"],"damage_healed":0,"gold_gain":0,"player_choice":"Forget","damage_taken":0,"max_hp_gain":0,"max_hp_loss":0,"event_name":"Living Wall","floor":4,"gold_loss":0},{"damage_healed":0,"gold_gain":0,"player_choice":"Leave","damage_taken":0,"max_hp_gain":0,"max_hp_loss":0,"event_name":"The Cleric","floor":5,"gold_loss":0},{"damage_healed":0,"gold_gain":0,"player_choice":"Fought Mushrooms","damage_taken":0,"max_hp_gain":0,"max_hp_loss":0,"event_name":"Mushrooms","floor":7,"gold_loss":0}],"is_beta":false,"boss_relics":[],"items_purged_floors":[10],"is_endless":false,"potions_floor_spawned":[7,8],"killed_by":"Slime Boss","ascension_level":18}