{"gold_per_floor":[117,129,129,141,141,184,184,200,200,213,213],"floor_reached":11,"playtime":630,"items_purged":[],"score":143,"play_id":"9c49abbc-9b51-42d2-985e-b55a598dc586","local_time":"20190124231133","is_ascension_mode":true,"campfire_choices":[{"floor":7,"key":"REST"}],"neow_cost":"CURSE","seed_source_timestamp":1229905469416521,"circlet_count":0,"master_deck":["AscendersBane","Strike_R","Strike_R","Strike_R","Strike_R","Strike_R","Defend_R","Defend_R","Defend_R","Defend_R","Bash","Clash","Pummel","Injury","Pummel","Battle Trance"],"relics":["Burning Blood","Gambling Chip","Golden Idol","Nunchaku","Pocketwatch"],"potions_floor_usage":[6,6,6,8],"damage_taken":[{"damage":16,"enemies":"Jaw Worm","floor":1,"turns":6},{"damage":10,"enemies":"Small Slimes","floor":2,"turns":5},{"damage":0,"enemies":"2 Louse","floor":4,"turns":2},{"damage":35,"enemies":"3 Sentries","floor":6,"turns":6},{"damage":16,"enemies":"Blue Slaver","floor":8,"turns":4},{"damage":28,"enemies":"Exordium Thugs","floor":10,"turns":5}],"seed_played":"-6364187728132058242","potions_obtained":[{"floor":4,"key":"EntropicBrew"},{"floor":6,"key":"Poison Potion"},{"floor":10,"key":"SteroidPotion"}],"is_trial":false,"path_per_floor":["M","M","?","M","?","E","R","M","T","M","?"],"character_chosen":"IRONCLAD","items_purchased":[],"campfire_rested":1,"item_purchase_floors":[],"current_hp_per_floor":[58,54,47,53,53,24,46,36,36,14,0],"gold":213,"neow_bonus":"ONE_RARE_RELIC","is_prod":false,"is_daily":false,"chose_seed":false,"campfire_upgraded":0,"win_rate":0,"timestamp":1548400293,"path_taken":["M","M","?","M","?","E","R","M","T","M","?"],"build_version":"2019-01-23","purchased_purges":0,"victory":false,"max_hp_per_floor":[75,75,75,75,75,75,75,75,75,75,75],"card_choices":[{"not_picked":["Warcry","Flex"],"picked":"Clash","floor":1},{"not_picked":["Perfected Strike","Heavy Blade","Hemokinesis"],"picked":"SKIP","floor":2},{"not_picked":["Sever Soul","Blood for Blood"],"picked":"Pummel","floor":4},{"not_picked":["Feel No Pain","Armaments"],"picked":"Pummel","floor":6},{"not_picked":["Warcry","Shrug It Off"],"picked":"Battle Trance","floor":8},{"not_picked":["Heavy Blade","Armaments","Sentinel"],"picked":"SKIP","floor":10}],"player_experience":482702,"relics_obtained":[{"floor":6,"key":"Nunchaku"},{"floor":9,"key":"Pocketwatch"}],"event_choices":[{"cards_removed":["Normality"],"damage_healed":0,"gold_gain":0,"player_choice":"Card Removal","damage_taken":7,"max_hp_gain":0,"max_hp_loss":0,"event_name":"Golden Wing","floor":3,"gold_loss":0},{"damage_healed":0,"gold_gain":0,"player_choice":"Take Wound","damage_taken":0,"relics_obtained":["Golden Idol"],"max_hp_gain":0,"max_hp_loss":0,"event_name":"Golden Idol","floor":5,"gold_loss":0,"cards_obtained":["Injury"]}],"is_beta":false,"boss_relics":[],"items_purged_floors":[],"is_endless":false,"potions_floor_spawned":[4,6,10],"ascension_level":18}