{"gold_per_floor":[112,112,37,37,50,50,64,80,127,140,65,65,82,99,99,99],"floor_reached":16,"playtime":333,"items_purged":["Strike_G"],"score":179,"play_id":"ae3c30cb-b541-4e59-8874-5cf94ae43265","local_time":"20190120162340","is_ascension_mode":true,"campfire_choices":[{"data":"Neutralize","floor":6,"key":"SMITH"},{"data":"Noxious Fumes","floor":12,"key":"SMITH"},{"floor":15,"key":"REST"}],"neow_cost":"NONE","seed_source_timestamp":13215666035799,"circlet_count":0,"master_deck":["AscendersBane","Defend_G","Defend_G","Defend_G","Defend_G","Defend_G","Strike_G","Strike_G","Strike_G","Strike_G","Survivor","Neutralize+1","Deadly Poison+1","Adrenaline","Escape Plan","Noxious Fumes+1","Escape Plan","Burst","Deflect"],"relics":["Ring of the Snake","NeowsBlessing","Pen Nib"],"potions_floor_usage":[8,16,16],"damage_taken":[{"damage":0,"enemies":"Small Slimes","floor":1,"turns":1},{"damage":0,"enemies":"2 Louse","floor":5,"turns":1},{"damage":0,"enemies":"Cultist","floor":7,"turns":1},{"damage":25,"enemies":"Gremlin Gang","floor":8,"turns":6},{"damage":0,"enemies":"Red Slaver","floor":10,"turns":4},{"damage":20,"enemies":"Lots of Slimes","floor":13,"turns":5},{"damage":0,"enemies":"2 Fungi Beasts","floor":14,"turns":4},{"damage":54,"enemies":"Slime Boss","floor":16,"turns":7}],"seed_played":"2905256759698604765","potions_obtained":[{"floor":1,"key":"Weak Potion"},{"floor":8,"key":"Dexterity Potion"},{"floor":13,"key":"Poison Potion"}],"is_trial":false,"path_per_floor":["M","?","$","?","M","R","M","M","T","M","$","R","M","M","R","B"],"character_chosen":"THE_SILENT","items_purchased":["Adrenaline"],"campfire_rested":1,"item_purchase_floors":[3],"current_hp_per_floor":[59,64,64,64,64,64,64,39,39,39,39,39,19,19,40,0],"gold":99,"neow_bonus":"THREE_ENEMY_KILL","is_prod":false,"is_daily":false,"chose_seed":false,"campfire_upgraded":2,"win_rate":0,"timestamp":1548001420,"path_taken":["M","?","$","?","M","R","M","M","T","M","$","R","M","?","R","BOSS"],"build_version":"2019-01-17v2","purchased_purges":1,"victory":false,"max_hp_per_floor":[66,71,71,71,71,71,71,71,71,71,71,71,71,71,71,71],"card_choices":[{"not_picked":["Finisher","Bane"],"picked":"Deadly Poison","floor":1},{"not_picked":["Dodge and Roll","Quick Slash"],"picked":"Escape Plan","floor":5},{"not_picked":["Blade Dance","Tactician"],"picked":"Noxious Fumes","floor":7},{"not_picked":["Dodge and Roll","Terror"],"picked":"Escape Plan","floor":8},{"not_picked":["Tactician","Finisher","Sucker Punch"],"picked":"SKIP","floor":10},{"not_picked":["Underhanded Strike","Dagger Throw"],"picked":"Burst","floor":13},{"not_picked":["Underhanded Strike","Quick Slash"],"picked":"Deflect","floor":14}],"player_experience":409059,"relics_obtained":[{"floor":9,"key":"Pen Nib"}],"event_choices":[{"damage_healed":0,"gold_gain":0,"player_choice":"Donut","damage_taken":0,"max_hp_gain":5,"max_hp_loss":0,"event_name":"Big Fish","floor":2,"gold_loss":0},{"damage_healed":0,"gold_gain":0,"player_choice":"Forge","damage_taken":0,"max_hp_gain":0,"max_hp_loss":0,"event_name":"Accursed Blacksmith","floor":4,"gold_loss":0,"cards_upgraded":["Deadly Poison"]}],"is_beta":false,"boss_relics":[],"items_purged_floors":[11],"is_endless":false,"potions_floor_spawned":[1,8,13],"killed_by":"Slime Boss","ascension_level":18}