{"gold_per_floor":[117,135,135,159,172,182,107,127,152,152,177,195,225,75,75,75],"floor_reached":16,"playtime":1531,"items_purged":["Strike_R","Bash"],"score":112,"play_id":"c04664f9-33a8-495f-9580-ec4acadf9bec","local_time":"20181229112300","is_ascension_mode":false,"campfire_choices":[{"data":"Flame Barrier","floor":10,"key":"SMITH"},{"data":"Body Slam","floor":15,"key":"SMITH"}],"neow_cost":"TEN_PERCENT_HP_LOSS","seed_source_timestamp":673818138684662,"circlet_count":0,"master_deck":["Strike_R","Strike_R","Strike_R","Defend_R","Defend_R","Defend_R","Flame Barrier+1","Shrug It Off","Shockwave","Body Slam+1","Disarm","Shrug It Off"],"relics":["Burning Blood","Potion Belt","Omamori","Happy Flower","Anchor"],"potions_floor_usage":[11,16,16,16],"damage_taken":[{"damage":0,"enemies":"2 Louse","floor":1,"turns":3},{"damage":1,"enemies":"Jaw Worm","floor":2,"turns":6},{"damage":2,"enemies":"Cultist","floor":5,"turns":5},{"damage":0,"enemies":"Exordium Wildlife","floor":6,"turns":6},{"damage":17,"enemies":"Exordium Thugs","floor":8,"turns":7},{"damage":35,"enemies":"Lagavulin","floor":11,"turns":10},{"damage":0,"enemies":"Blue Slaver","floor":12,"turns":4},{"damage":19,"enemies":"Gremlin Nob","floor":13,"turns":5},{"damage":27,"enemies":"Hexaghost","floor":16,"turns":13}],"seed_played":"463812357687092227","potions_obtained":[{"floor":1,"key":"FearPotion"},{"floor":5,"key":"Swift Potion"},{"floor":6,"key":"Energy Potion"},{"floor":12,"key":"Poison Potion"}],"is_trial":false,"path_per_floor":["M","M","?","T","M","M","$","M","T","R","E","M","E","$","R","B"],"character_chosen":"IRONCLAD","items_purchased":["Shrug It Off"],"campfire_rested":0,"item_purchase_floors":[14],"current_hp_per_floor":[72,72,72,72,72,72,72,61,61,61,32,38,25,25,25,0],"gold":75,"neow_bonus":"REMOVE_TWO","is_prod":false,"is_daily":false,"chose_seed":false,"campfire_upgraded":2,"win_rate":0,"timestamp":1546111380,"path_taken":["M","M","?","?","M","M","$","M","T","R","E","?","E","$","R","BOSS"],"build_version":"2018-12-20","purchased_purges":2,"victory":false,"max_hp_per_floor":[72,72,72,72,72,72,72,72,72,72,72,72,72,72,72,72],"card_choices":[{"not_picked":["Rupture","Carnage","Sword Boomerang"],"picked":"SKIP","floor":1},{"not_picked":["Ghostly Armor","Seeing Red","Searing Blow"],"picked":"SKIP","floor":2},{"not_picked":["Armaments","Heavy Blade"],"picked":"Flame Barrier","floor":5},{"not_picked":["Sever Soul","Combust"],"picked":"Shrug It Off","floor":6},{"not_picked":["Rupture","Armaments"],"picked":"Shockwave","floor":8},{"not_picked":["Clothesline","Thunderclap"],"picked":"Body Slam","floor":11},{"not_picked":["Iron Wave","Armaments","Sword Boomerang"],"picked":"SKIP","floor":12},{"not_picked":["Feel No Pain","Shockwave"],"picked":"Disarm","floor":13}],"player_experience":23672,"relics_obtained":[{"floor":4,"key":"Potion Belt"},{"floor":9,"key":"Omamori"},{"floor":11,"key":"Happy Flower"},{"floor":13,"key":"Anchor"}],"event_choices":[{"damage_healed":0,"gold_gain":0,"player_choice":"Ignored","damage_taken":0,"max_hp_gain":0,"max_hp_loss":0,"event_name":"Golden Idol","floor":3,"gold_loss":0}],"is_beta":false,"boss_relics":[],"items_purged_floors":[7,14],"is_endless":false,"potions_floor_spawned":[1,5,6,12],"killed_by":"Hexaghost","ascension_level":0}