{"gold_per_floor":[16,26,26,26,39,73,73,91,116,155,176,197,197,197,197,293,293,311,311,401,426,450,450,471,471,471,471,491,522,522],"floor_reached":30,"playtime":1386,"items_purged":[],"score":399,"play_id":"5ddb1d3a-33c0-4835-af54-234ec90f9455","local_time":"20190203163342","is_ascension_mode":true,"campfire_choices":[{"data":"Sunder","floor":7,"key":"SMITH"},{"floor":13,"key":"REST"},{"data":"Hyperbeam","floor":15,"key":"SMITH"},{"floor":23,"key":"REST"},{"data":"Buffer","floor":25,"key":"SMITH"}],"neow_cost":"NO_GOLD","seed_source_timestamp":2069276039764551,"circlet_count":0,"master_deck":["AscendersBane","Strike_B","Defend_B","Defend_B","Defend_B","Zap","Dualcast","Sunder+1","Cold Snap","Injury","Hyperbeam+1","Ball Lightning","Leap","Gash","Conserve Battery","Rip and Tear","Buffer+1","Dark Shackles","FTL","Double Energy+1","Gash","Rebound","Beam Cell"],"relics":["Cracked Core","Golden Idol","Ancient Tea Set","Anchor","DataDisk","Pear","Empty Cage","Emotion Chip","Dodecahedron","Red Mask"],"potions_floor_usage":[6,12,22,28,30],"damage_taken":[{"damage":1,"enemies":"Cultist","floor":1,"turns":3},{"damage":2,"enemies":"Jaw Worm","floor":2,"turns":3},{"damage":0,"enemies":"2 Louse","floor":5,"turns":1},{"damage":31,"enemies":"Lagavulin","floor":6,"turns":5},{"damage":0,"enemies":"Exordium Wildlife","floor":8,"turns":2},{"damage":19,"enemies":"Gremlin Nob","floor":10,"turns":4},{"damage":0,"enemies":"Large Slime","floor":11,"turns":4},{"damage":4,"enemies":"Red Slaver","floor":12,"turns":3},{"damage":12,"enemies":"Slime Boss","floor":16,"turns":4},{"damage":14,"enemies":"3 Byrds","floor":18,"turns":4},{"damage":9,"enemies":"Chosen","floor":21,"turns":5},{"damage":7,"enemies":"Snake Plant","floor":22,"turns":4},{"damage":6,"enemies":"Cultist and Chosen","floor":24,"turns":5},{"damage":0,"enemies":"Snecko","floor":28,"turns":3},{"damage":0,"enemies":"Masked Bandits","floor":29,"turns":2},{"damage":39,"enemies":"Slavers","floor":30,"turns":5}],"seed_played":"-6835913119944381029","potions_obtained":[{"floor":1,"key":"Dexterity Potion"},{"floor":2,"key":"Strength Potion"},{"floor":5,"key":"Explosive Potion"},{"floor":16,"key":"SpeedPotion"},{"floor":18,"key":"Explosive Potion"},{"floor":21,"key":"Block Potion"},{"floor":28,"key":"PowerPotion"}],"is_trial":false,"path_per_floor":["M","M","?","?","M","E","R","M","T","E","M","M","R","?","R","B",null,"M","?","?","M","M","R","M","R","T","?","M","?","E"],"character_chosen":"DEFECT","items_purchased":[],"campfire_rested":2,"item_purchase_floors":[],"current_hp_per_floor":[67,65,65,65,65,34,34,34,34,15,15,11,33,43,43,31,72,58,58,34,25,18,43,37,37,37,37,37,37,0],"gold":522,"neow_bonus":"REMOVE_TWO","is_prod":false,"is_daily":false,"chose_seed":false,"campfire_upgraded":3,"win_rate":0,"timestamp":1549240422,"path_taken":["M","M","?","?","M","E","R","M","T","E","?","M","R","?","R","BOSS","M","?","?","M","?","R","M","R","T","?","?","?","E"],"build_version":"2019-01-23","purchased_purges":0,"victory":false,"max_hp_per_floor":[75,75,75,75,75,75,75,75,75,75,75,75,75,85,85,85,85,85,85,85,85,85,85,85,85,85,85,85,85,85],"card_choices":[{"not_picked":["Tempest","Go for the Eyes"],"picked":"Sunder","floor":1},{"not_picked":["Consume","Doom and Gloom"],"picked":"Cold Snap","floor":2},{"not_picked":["Rebound","Gash"],"picked":"Ball Lightning","floor":5},{"not_picked":["Lockon","Coolheaded","Consume"],"picked":"SKIP","floor":6},{"not_picked":["Coolheaded","Barrage"],"picked":"Leap","floor":8},{"not_picked":["Lockon","Coolheaded"],"picked":"Gash","floor":10},{"not_picked":["Sweeping Beam","Steam"],"picked":"Conserve Battery","floor":11},{"not_picked":["Consume","Coolheaded"],"picked":"Rip and Tear","floor":12},{"not_picked":["Multi-Cast","Biased Cognition"],"picked":"Buffer","floor":16},{"not_picked":["Glacier","Redo+1","Cold Snap"],"picked":"SKIP","floor":18},{"not_picked":["Go for the Eyes+1","Storm"],"picked":"FTL","floor":21},{"not_picked":["Redo","Steam Power"],"picked":"Double Energy+1","floor":22},{"not_picked":["Rip and Tear","Stack+1"],"picked":"Gash","floor":24},{"not_picked":["Capacitor","Barrage"],"picked":"Rebound","floor":28},{"not_picked":["Melter+1","Compile Driver"],"picked":"Beam Cell","floor":29}],"player_experience":600545,"relics_obtained":[{"floor":6,"key":"Ancient Tea Set"},{"floor":9,"key":"Anchor"},{"floor":10,"key":"DataDisk"},{"floor":26,"key":"Dodecahedron"},{"floor":29,"key":"Red Mask"}],"event_choices":[{"damage_healed":0,"gold_gain":0,"player_choice":"Take Wound","damage_taken":0,"relics_obtained":["Golden Idol"],"max_hp_gain":0,"max_hp_loss":0,"event_name":"Golden Idol","floor":3,"gold_loss":0,"cards_obtained":["Injury"]},{"damage_healed":0,"gold_gain":0,"player_choice":"1 cards matched","damage_taken":0,"max_hp_gain":0,"max_hp_loss":0,"event_name":"Match and Keep!","floor":4,"gold_loss":0,"cards_obtained":["Hyperbeam"]},{"damage_healed":0,"gold_gain":0,"player_choice":"Searched \u00272\u0027 times","damage_taken":0,"relics_obtained":["Pear"],"max_hp_gain":0,"max_hp_loss":0,"event_name":"Dead Adventurer","floor":14,"gold_loss":0},{"damage_healed":0,"gold_gain":0,"player_choice":"Opened","damage_taken":0,"relics_obtained":["Emotion Chip"],"max_hp_gain":0,"max_hp_loss":0,"event_name":"The Mausoleum","floor":19,"gold_loss":0,"cards_obtained":["Writhe"]},{"damage_healed":0,"gold_gain":90,"player_choice":"CARD GOLD ","damage_taken":24,"max_hp_gain":0,"max_hp_loss":0,"event_name":"Knowing Skull","floor":20,"potions_obtained":[],"gold_loss":0,"cards_obtained":["Dark Shackles"]},{"cards_removed":["Writhe"],"damage_healed":0,"gold_gain":0,"player_choice":"Purged","damage_taken":0,"max_hp_gain":0,"max_hp_loss":0,"event_name":"Purifier","floor":27,"gold_loss":0},{"damage_healed":0,"gold_gain":0,"player_choice":"Fought Bandits","damage_taken":0,"max_hp_gain":0,"max_hp_loss":0,"event_name":"Masked Bandits","floor":29,"gold_loss":0}],"is_beta":false,"boss_relics":[{"not_picked":["Tiny House","Lizard Tail"],"picked":"Empty Cage"}],"items_purged_floors":[],"is_endless":false,"potions_floor_spawned":[1,2,5,16,18,21,28],"killed_by":"Slavers","ascension_level":13}