{"gold_per_floor":[113,113,24,24,39,39,90,90,90,90,265,275,302,320,320,320],"floor_reached":16,"playtime":515,"items_purged":[],"score":157,"play_id":"5f953075-370e-495e-9f39-1d772667a1d4","local_time":"20190115220453","is_ascension_mode":true,"campfire_choices":[{"data":"Dodge and Roll","floor":6,"key":"SMITH"},{"data":"Masterful Stab","floor":8,"key":"SMITH"},{"data":"Noxious Fumes","floor":10,"key":"SMITH"},{"data":"Neutralize","floor":15,"key":"SMITH"}],"neow_cost":"NONE","seed_source_timestamp":1226952891663278,"circlet_count":0,"master_deck":["AscendersBane","Defend_G","Defend_G","Defend_G","Defend_G","Defend_G","Strike_G","Strike_G","Strike_G","Strike_G","Strike_G","Survivor","Neutralize+1","Masterful Stab+1","Noxious Fumes+1","Slice","Dodge and Roll+1","Doubt","Accuracy","Accuracy"],"relics":["Coffee Dripper","Mercury Hourglass","StoneCalendar"],"potions_floor_usage":[5,12],"damage_taken":[{"damage":0,"enemies":"Small Slimes","floor":1,"turns":4},{"damage":0,"enemies":"2 Louse","floor":5,"turns":3},{"damage":0,"enemies":"Jaw Worm","floor":12,"turns":3},{"damage":59,"enemies":"Gremlin Nob","floor":13,"turns":6},{"damage":3,"enemies":"Blue Slaver","floor":14,"turns":3},{"damage":10,"enemies":"Hexaghost","floor":16,"turns":7}],"seed_played":"-5353108714697920791","potions_obtained":[{"floor":1,"key":"SkillPotion"},{"floor":12,"key":"Fruit Juice"}],"is_trial":false,"path_per_floor":["M","?","$","?","M","R","?","R","T","R","?","M","E","M","R","B"],"character_chosen":"THE_SILENT","items_purchased":["Noxious Fumes","Slice"],"campfire_rested":0,"item_purchase_floors":[3,3],"current_hp_per_floor":[63,63,63,63,63,63,63,63,63,63,63,68,9,6,6,0],"gold":320,"neow_bonus":"BOSS_RELIC","is_prod":false,"is_daily":false,"chose_seed":false,"campfire_upgraded":4,"win_rate":0,"timestamp":1547611493,"path_taken":["M","?","$","?","M","R","?","R","T","R","?","M","E","?","R","BOSS"],"build_version":"2019-01-10","purchased_purges":0,"victory":false,"max_hp_per_floor":[70,70,70,70,70,70,70,70,70,70,70,75,75,75,75,75],"card_choices":[{"not_picked":["Deadly Poison","Outmaneuver"],"picked":"Masterful Stab","floor":1},{"not_picked":["Deadly Poison","Dagger Throw"],"picked":"Dodge and Roll","floor":5},{"not_picked":["Calculated Gamble","PiercingWail"],"picked":"Accuracy","floor":12},{"not_picked":["Prepared","Underhanded Strike","Riddle With Holes"],"picked":"SKIP","floor":13},{"not_picked":["Poisoned Stab","Flechettes"],"picked":"Accuracy","floor":14}],"player_experience":476519,"relics_obtained":[{"floor":9,"key":"Mercury Hourglass"},{"floor":13,"key":"StoneCalendar"}],"event_choices":[{"damage_healed":0,"gold_gain":0,"player_choice":"Fled","damage_taken":0,"max_hp_gain":0,"max_hp_loss":0,"event_name":"Scrap Ooze","floor":2,"gold_loss":0},{"damage_healed":0,"gold_gain":0,"player_choice":"Ignored","damage_taken":0,"max_hp_gain":0,"max_hp_loss":0,"event_name":"Shining Light","floor":4,"gold_loss":0},{"damage_healed":0,"gold_gain":51,"player_choice":"Gained Gold","damage_taken":0,"max_hp_gain":0,"max_hp_loss":0,"event_name":"Golden Wing","floor":7,"gold_loss":0},{"damage_healed":0,"gold_gain":175,"player_choice":"AGREE","damage_taken":0,"max_hp_gain":0,"max_hp_loss":0,"event_name":"Liars Game","floor":11,"gold_loss":0,"cards_obtained":["Doubt"]}],"is_beta":false,"boss_relics":[],"items_purged_floors":[],"is_endless":false,"potions_floor_spawned":[1,12],"killed_by":"Hexaghost","ascension_level":12}