{"gold_per_floor":[114,129,144,159,139,169,169,184,209,209,224,239,254,20,20,120,120,135,162,162,177,192,192,17,17,17,32,47,47],"floor_reached":29,"playtime":3296,"items_purged":["Strike_B","Parasite"],"score":231,"play_id":"0e9221b2-65b9-484d-b12a-c068258c63e1","local_time":"20190202185450","daily_mods":["Allstar","Green Cards","Lethality"],"is_ascension_mode":false,"campfire_choices":[{"data":"Metamorphosis","floor":7,"key":"SMITH"},{"floor":15,"key":"REST"},{"floor":23,"key":"REST"},{"floor":25,"key":"REST"}],"neow_cost":"","seed_source_timestamp":430599031647946,"circlet_count":0,"master_deck":["Strike_B","Strike_B","Strike_B","Defend_B","Defend_B","Defend_B","Defend_B","Zap","Dualcast","Metamorphosis+1","Bandage Up","PanicButton","Deep Breath","Enlightenment","Coolheaded","Noxious Fumes+1","Genetic Algorithm","Poisoned Stab","Undo","Hologram+1","PiercingWail","Flechettes","Footwork","Backstab","Backflip","Well Laid Plans","Envenom","Blur","Dodge and Roll+1","Noxious Fumes","Ball Lightning"],"special_seed":17930,"relics":["Cracked Core","DataDisk","Omamori","Calling Bell","Bag of Marbles","Mercury Hourglass","Mango","Red Mask","Smiling Mask"],"potions_floor_usage":[6,8,19,19,21,28,29,29],"damage_taken":[{"damage":0,"enemies":"2 Louse","floor":1,"turns":2},{"damage":9,"enemies":"Cultist","floor":2,"turns":4},{"damage":0,"enemies":"Jaw Worm","floor":3,"turns":3},{"damage":20,"enemies":"Looter","floor":4,"turns":4},{"damage":19,"enemies":"Lagavulin","floor":6,"turns":5},{"damage":15,"enemies":"Gremlin Gang","floor":8,"turns":4},{"damage":6,"enemies":"2 Fungi Beasts","floor":11,"turns":3},{"damage":0,"enemies":"Large Slime","floor":12,"turns":3},{"damage":16,"enemies":"Exordium Thugs","floor":13,"turns":6},{"damage":16,"enemies":"The Guardian","floor":16,"turns":8},{"damage":11,"enemies":"Chosen","floor":18,"turns":3},{"damage":0,"enemies":"Masked Bandits","floor":19,"turns":2},{"damage":65,"enemies":"3 Byrds","floor":21,"turns":5},{"damage":14,"enemies":"Snake Plant","floor":22,"turns":5},{"damage":34,"enemies":"Cultist and Chosen","floor":27,"turns":6},{"damage":6,"enemies":"Centurion and Healer","floor":28,"turns":6},{"damage":54,"enemies":"Snecko","floor":29,"turns":5}],"seed_played":"8747077811986150983","potions_obtained":[{"floor":1,"key":"Poison Potion"},{"floor":4,"key":"Explosive Potion"},{"floor":5,"key":"EssenceOfSteel"},{"floor":6,"key":"FearPotion"},{"floor":16,"key":"Strength Potion"},{"floor":21,"key":"FearPotion"},{"floor":28,"key":"Strength Potion"}],"is_trial":false,"path_per_floor":["M","M","M","M","?","E","R","M","T","?","M","M","M","$","R","B",null,"M","?","?","M","M","R","$","R","T","M","M","M"],"character_chosen":"DEFECT","items_purchased":["Backstab","Backflip","Well Laid Plans","Regen Potion"],"campfire_rested":3,"item_purchase_floors":[14,14,14,24],"current_hp_per_floor":[75,70,74,58,58,43,43,32,32,32,30,30,18,18,40,28,89,78,78,78,17,7,33,33,58,58,28,41,0],"gold":47,"neow_bonus":"","is_prod":false,"is_daily":true,"chose_seed":false,"campfire_upgraded":1,"win_rate":0,"timestamp":1549162490,"path_taken":["M","M","M","M","?","E","R","?","T","?","M","M","M","$","R","BOSS","M","?","?","M","M","R","$","R","T","?","M","M"],"build_version":"2019-01-23","purchased_purges":2,"victory":false,"max_hp_per_floor":[75,75,75,75,75,75,75,75,75,75,75,75,75,75,75,75,89,89,89,89,89,89,89,86,86,86,86,86,86],"card_choices":[{"not_picked":["All Out Attack","Steam"],"picked":"Coolheaded","floor":1},{"not_picked":["Infinite Blades","Slice"],"picked":"Noxious Fumes","floor":2},{"not_picked":["Outmaneuver","Cold Snap"],"picked":"Genetic Algorithm","floor":3},{"not_picked":["Melter","Hologram"],"picked":"Poisoned Stab","floor":4},{"not_picked":["Barrage","Flechettes"],"picked":"Undo","floor":6},{"not_picked":["Reflex","Blade Dance"],"picked":"Hologram","floor":8},{"not_picked":["Stack","Concentrate"],"picked":"PiercingWail","floor":11},{"not_picked":["Slice","Outmaneuver"],"picked":"Flechettes","floor":12},{"not_picked":["Force Field","Sucker Punch"],"picked":"Footwork","floor":13},{"not_picked":["Storm of Steel","Doppelganger"],"picked":"Envenom","floor":16},{"not_picked":["Outmaneuver","Flechettes","Deflect"],"picked":"SKIP","floor":18},{"not_picked":["Stack","Tactician"],"picked":"Blur","floor":19},{"not_picked":["Riddle With Holes","Sweeping Beam"],"picked":"Dodge and Roll+1","floor":21},{"not_picked":["Quick Slash","Sucker Punch"],"picked":"Noxious Fumes","floor":22},{"not_picked":["Choke","Slice","Leap"],"picked":"SKIP","floor":27},{"not_picked":["Deflect","Reflex"],"picked":"Ball Lightning","floor":28}],"player_experience":406453,"relics_obtained":[{"floor":6,"key":"DataDisk"},{"floor":9,"key":"Omamori"},{"floor":17,"key":"Bag of Marbles"},{"floor":17,"key":"Mercury Hourglass"},{"floor":17,"key":"Mango"},{"floor":19,"key":"Red Mask"},{"floor":26,"key":"Smiling Mask"}],"event_choices":[{"damage_healed":0,"gold_gain":0,"player_choice":"Bought 1 Potion","damage_taken":0,"max_hp_gain":0,"max_hp_loss":0,"event_name":"The Woman in Blue","floor":5,"gold_loss":0},{"damage_healed":0,"gold_gain":0,"player_choice":"Grow","damage_taken":0,"max_hp_gain":0,"max_hp_loss":0,"event_name":"Living Wall","floor":10,"gold_loss":0,"cards_upgraded":["Hologram"]},{"damage_healed":0,"gold_gain":0,"player_choice":"Fought Bandits","damage_taken":0,"max_hp_gain":0,"max_hp_loss":0,"event_name":"Masked Bandits","floor":19,"gold_loss":0},{"damage_healed":0,"gold_gain":0,"player_choice":"Forge","damage_taken":0,"max_hp_gain":0,"max_hp_loss":0,"event_name":"Accursed Blacksmith","floor":20,"gold_loss":0,"cards_upgraded":["Noxious Fumes"]}],"is_beta":false,"boss_relics":[{"not_picked":["Orrery","Pandora\u0027s Box"],"picked":"Calling Bell"}],"items_purged_floors":[14,24],"is_endless":false,"potions_floor_spawned":[1,4,6,16,21,28],"killed_by":"Snecko","ascension_level":0}