{"gold_per_floor":[116,129,145,22,32,32,61,61,61,79,79,4,33,50,50,122,122,140,153,153,0,100,100,135,135,135,155,205,215,226,254,254,325,375,392,404,404,454,61,61,79,110,134,134,134,163,163,163,163,163,163,163,18,44,44],"floor_reached":55,"playtime":5980,"items_purged":["Strike_G","Strike_G+1"],"score":1359,"play_id":"759ab50c-838a-4455-b4e3-a1cf18a498eb","local_time":"20190127180115","is_ascension_mode":true,"campfire_choices":[{"data":"Wraith Form v2","floor":6,"key":"SMITH"},{"floor":11,"key":"REST"},{"floor":15,"key":"REST"},{"data":"Well Laid Plans","floor":23,"key":"SMITH"},{"floor":25,"key":"REST"},{"data":"Malaise","floor":32,"key":"SMITH"},{"data":"Malaise","floor":40,"key":"SMITH"},{"floor":44,"key":"REST"},{"data":"Caltrops","floor":47,"key":"SMITH"},{"floor":49,"key":"RECALL"},{"floor":52,"key":"REST"}],"neow_cost":"NONE","seed_source_timestamp":428801319929247,"circlet_count":0,"master_deck":["AscendersBane","Defend_G+1","Defend_G+1","Defend_G+1","Defend_G+1","Defend_G+1","Strike_G+1","Strike_G+1","Strike_G+1","Survivor","Neutralize","Skewer","Predator","Sucker Punch","Footwork","Cloak And Dagger","Wraith Form v2+1","Skewer+1","PiercingWail","Deflect","PiercingWail","Malaise+1","Backstab+1","Slice+1","Well Laid Plans+1","Terror","Well Laid Plans+1","Skewer+1","Blade Dance","Slice+1","Glass Knife+1","Malaise+1","Dodge and Roll","Caltrops+1","PiercingWail","Backflip","Mind Blast+1","Flying Knee+1","Acrobatics+1","Blade Dance"],"relics":["Ring of the Snake","Molten Egg 2","Kunai","Pantograph","Sozu","Nunchaku","Gremlin Horn","Boot","Incense Burner","Art of War","Tiny House","Anchor","Happy Flower","Juzu Bracelet","Bag of Marbles","Dream Catcher","Lantern","Pear"],"potions_floor_usage":[13,16,16],"damage_taken":[{"damage":0,"enemies":"Cultist","floor":1,"turns":3},{"damage":4,"enemies":"2 Louse","floor":2,"turns":3},{"damage":2,"enemies":"Small Slimes","floor":3,"turns":4},{"damage":8,"enemies":"Exordium Thugs","floor":5,"turns":6},{"damage":35,"enemies":"Lagavulin","floor":7,"turns":11},{"damage":1,"enemies":"Looter","floor":10,"turns":4},{"damage":35,"enemies":"3 Sentries","floor":13,"turns":11},{"damage":0,"enemies":"Exordium Wildlife","floor":14,"turns":4},{"damage":36,"enemies":"Hexaghost","floor":16,"turns":18},{"damage":0,"enemies":"Shell Parasite","floor":18,"turns":8},{"damage":2,"enemies":"3 Byrds","floor":19,"turns":7},{"damage":9,"enemies":"Colosseum Slavers","floor":22,"turns":7},{"damage":6,"enemies":"Colosseum Nobs","floor":22,"turns":8},{"damage":12,"enemies":"Slavers","floor":24,"turns":8},{"damage":22,"enemies":"Snake Plant","floor":27,"turns":4},{"damage":0,"enemies":"Shelled Parasite and Fungi","floor":29,"turns":3},{"damage":1,"enemies":"Centurion and Healer","floor":30,"turns":6},{"damage":0,"enemies":"Gremlin Leader","floor":31,"turns":6},{"damage":7,"enemies":"Collector","floor":33,"turns":13},{"damage":1,"enemies":"Orb Walker","floor":35,"turns":4},{"damage":16,"enemies":"3 Darklings","floor":36,"turns":7},{"damage":5,"enemies":"Jaw Worm Horde","floor":41,"turns":6},{"damage":18,"enemies":"Giant Head","floor":42,"turns":12},{"damage":5,"enemies":"Reptomancer","floor":46,"turns":10},{"damage":55,"enemies":"Time Eater","floor":50,"turns":17},{"damage":58,"enemies":"Shield and Spear","floor":54,"turns":18},{"damage":54,"enemies":"The Heart","floor":55,"turns":5}],"seed_played":"-8523735394651142540","potions_obtained":[{"floor":1,"key":"Block Potion"},{"floor":7,"key":"Regen Potion"},{"floor":13,"key":"PowerPotion"}],"is_trial":false,"path_per_floor":["M","M","M","$","M","R","E","?","T","M","R","$","E","M","R","B",null,"M","M","?","$","?","R","E","R","T","M","?","M","M","E","R","B",null,"M","M","?","?","$","R","M","E","T","R","?","E","R","?","R","B",null,"R","$","E","B"],"character_chosen":"THE_SILENT","items_purchased":["Footwork","Cloak And Dagger","Well Laid Plans","Terror","Anchor","Happy Flower","Lantern"],"campfire_rested":5,"item_purchase_floors":[4,4,21,21,39,39,53],"current_hp_per_floor":[65,61,59,59,51,51,16,6,6,5,26,26,6,6,27,16,58,58,56,56,56,41,41,29,50,50,28,28,28,27,27,27,45,70,69,53,53,46,46,46,41,23,23,46,46,41,41,41,41,11,61,77,77,29,0],"gold":44,"neow_bonus":"TEN_PERCENT_HP_BONUS","is_prod":false,"is_daily":false,"chose_seed":false,"campfire_upgraded":5,"win_rate":0,"timestamp":1548633675,"path_taken":["M","M","M","?","M","R","E","?","T","?","R","$","E","M","R","BOSS","M","M","?","$","?","R","E","R","T","M","?","?","M","E","R","BOSS","M","M","?","?","$","R","M","E","T","R","?","E","R","?","R","BOSS","R","$","E","BOSS"],"build_version":"2019-01-23","purchased_purges":2,"victory":false,"max_hp_per_floor":[72,72,72,72,72,72,72,72,72,72,72,72,72,72,72,72,72,72,72,72,72,72,72,72,72,72,72,72,72,72,72,72,72,77,77,77,77,77,77,77,77,77,77,77,77,77,77,77,77,77,77,77,77,87,87],"card_choices":[{"not_picked":["Concentrate","Slice"],"picked":"Skewer","floor":1},{"not_picked":["Underhanded Strike","Deflect"],"picked":"Predator","floor":2},{"not_picked":["Deadly Poison","Infinite Blades"],"picked":"Sucker Punch","floor":3},{"not_picked":["Outmaneuver","Concentrate"],"picked":"Wraith Form v2","floor":5},{"not_picked":["Riddle With Holes","Calculated Gamble"],"picked":"Skewer","floor":7},{"not_picked":["Choke+1","Leg Sweep"],"picked":"PiercingWail","floor":10},{"not_picked":["Prepared","Concentrate"],"picked":"Deflect","floor":13},{"not_picked":["Poisoned Stab+1","Heel Hook+1"],"picked":"PiercingWail","floor":14},{"not_picked":["Unload+1","Venomology"],"picked":"Malaise","floor":16},{"not_picked":["Eviscerate+1","Tactician"],"picked":"Backstab+1","floor":18},{"not_picked":["Underhanded Strike+1","Bouncing Flask"],"picked":"Slice+1","floor":19},{"not_picked":["Dagger Spray+1","Heel Hook+1"],"picked":"Well Laid Plans","floor":22},{"not_picked":["Well Laid Plans","Expertise"],"picked":"Sucker Punch+1","floor":24},{"not_picked":["Quick Slash+1","All Out Attack+1"],"picked":"Skewer+1","floor":27},{"not_picked":["Bane+1","Dagger Spray+1"],"picked":"Blade Dance","floor":29},{"not_picked":["Bane+1","Skewer+1"],"picked":"Slice+1","floor":30},{"not_picked":["Dagger Throw+1","Outmaneuver+1"],"picked":"Glass Knife+1","floor":31},{"not_picked":["Tools of the Trade","Storm of Steel"],"picked":"Malaise","floor":33},{"not_picked":["Tactician","Well Laid Plans"],"picked":"Dodge and Roll","floor":34},{"not_picked":["Tactician","Flechettes+1","Underhanded Strike+1"],"picked":"SKIP","floor":35},{"not_picked":["Quick Slash+1","Dagger Throw+1"],"picked":"Caltrops","floor":36},{"not_picked":["Bane+1","Finisher+1"],"picked":"PiercingWail","floor":41},{"not_picked":["Escape Plan","Outmaneuver"],"picked":"Backflip","floor":42},{"not_picked":["Transmutation","Purity"],"picked":"Mind Blast+1","floor":45},{"not_picked":["Escape Plan","Well Laid Plans"],"picked":"Flying Knee+1","floor":46},{"not_picked":["Distraction","Endless Agony+1"],"picked":"Acrobatics+1","floor":52},{"not_picked":["Backflip","Dagger Spray+1"],"picked":"Blade Dance","floor":54}],"player_experience":578251,"relics_obtained":[{"floor":7,"key":"Molten Egg 2"},{"floor":9,"key":"Kunai"},{"floor":13,"key":"Pantograph"},{"floor":22,"key":"Nunchaku"},{"floor":22,"key":"Gremlin Horn"},{"floor":24,"key":"Boot"},{"floor":26,"key":"Incense Burner"},{"floor":31,"key":"Art of War"},{"floor":42,"key":"Juzu Bracelet"},{"floor":46,"key":"Bag of Marbles"},{"floor":54,"key":"Pear"}],"event_choices":[{"damage_healed":0,"gold_gain":0,"player_choice":"Damaged","damage_taken":10,"max_hp_gain":0,"max_hp_loss":0,"event_name":"Wheel of Change","floor":8,"gold_loss":0},{"damage_healed":0,"gold_gain":0,"player_choice":"Simplicity","damage_taken":0,"max_hp_gain":0,"max_hp_loss":0,"event_name":"Back to Basics","floor":20,"gold_loss":0,"cards_upgraded":["Defend_G","Defend_G","Defend_G","Defend_G","Defend_G","Strike_G","Strike_G","Strike_G","Strike_G"]},{"damage_healed":0,"gold_gain":0,"player_choice":"Fight","damage_taken":0,"max_hp_gain":0,"max_hp_loss":0,"event_name":"Colosseum","floor":22,"gold_loss":0},{"damage_healed":0,"gold_gain":0,"player_choice":"Fought Nobs","damage_taken":0,"max_hp_gain":0,"max_hp_loss":0,"event_name":"Colosseum","floor":22,"gold_loss":0},{"damage_healed":0,"gold_gain":100,"player_choice":"Bet on Murderer","damage_taken":0,"max_hp_gain":0,"max_hp_loss":0,"event_name":"The Joust","floor":28,"gold_loss":50},{"damage_healed":0,"gold_gain":0,"player_choice":"Ignored","damage_taken":0,"max_hp_gain":0,"max_hp_loss":0,"event_name":"Tomb of Lord Red Mask","floor":37,"gold_loss":0},{"damage_healed":0,"gold_gain":50,"player_choice":"Touch","damage_taken":7,"max_hp_gain":0,"max_hp_loss":0,"event_name":"FaceTrader","floor":38,"gold_loss":0},{"damage_healed":0,"gold_gain":0,"player_choice":"Memory 1","damage_taken":0,"max_hp_gain":0,"max_hp_loss":0,"event_name":"SensoryStone","floor":45,"gold_loss":0},{"cards_removed":["Sucker Punch"],"damage_healed":0,"gold_gain":0,"player_choice":"Gave Card","damage_taken":0,"relics_obtained":["Dream Catcher"],"max_hp_gain":0,"max_hp_loss":0,"event_name":"WeMeetAgain","floor":48,"gold_loss":0}],"is_beta":false,"boss_relics":[{"not_picked":["Astrolabe","HoveringKite"],"picked":"Sozu"},{"not_picked":["Lizard Tail","Fusion Hammer"],"picked":"Tiny House"}],"items_purged_floors":[12,39],"is_endless":false,"potions_floor_spawned":[1,7,13,22,22,27,30,31,33,35,36,42,46],"killed_by":"The Heart","ascension_level":15}