{"gold_per_floor":[109,109,36,55,65,65,90,104,104,130,130,140,171,171,171,245,245,261,18,68,68,87,87,118,136,136,151,151,165,195,214,214,288,288,305,318,41,41,56,56,391,411,411,424,440,440,149,178,178,178,178,178,127,161,161],"floor_reached":56,"playtime":5332,"items_purged":["Strike_B","Strike_B"],"score":1971,"play_id":"8fb74436-8042-454b-9277-c49e2b611dd1","local_time":"20190121232753","is_ascension_mode":true,"campfire_choices":[{"data":"Sunder","floor":6,"key":"SMITH"},{"floor":11,"key":"REST"},{"data":"Defragment","floor":15,"key":"SMITH"},{"data":"Defragment","floor":23,"key":"SMITH"},{"data":"Hyperbeam","floor":32,"key":"SMITH"},{"data":"Coolheaded","floor":40,"key":"SMITH"},{"floor":46,"key":"RECALL"},{"data":"Glacier","floor":49,"key":"SMITH"},{"data":"Defend_B","floor":52,"key":"SMITH"}],"neow_cost":"NONE","seed_source_timestamp":299035495745050,"circlet_count":0,"master_deck":["AscendersBane","Defend_B","Defend_B","Defend_B","Defend_B+1","Zap","Dualcast","Sunder+1","Genetic Algorithm","Cold Snap","Sweeping Beam+1","Defragment+1","Coolheaded+1","Hyperbeam+1","Defragment+1","Capacitor+1","Glacier+1","Heatsinks+1","Creative AI+1","Capacitor+1","Blizzard+1","Barrage+1","Double Energy","Creative AI+1"],"relics":["Cracked Core","Orichalcum","Calipers","Bottled Lightning","Shuriken","Bird Faced Urn","Snecko Eye","Frozen Egg 2","Dodecahedron","Dead Branch","Coffee Dripper","Medical Kit","Old Coin","Whetstone","Ginger","Happy Flower"],"potions_floor_usage":[0,0,10,24,24,33,33,55,55],"damage_taken":[{"damage":12,"enemies":"Jaw Worm","floor":1,"turns":4},{"damage":0,"enemies":"2 Louse","floor":4,"turns":2},{"damage":0,"enemies":"Cultist","floor":5,"turns":3},{"damage":20,"enemies":"3 Sentries","floor":7,"turns":8},{"damage":0,"enemies":"Looter","floor":8,"turns":4},{"damage":12,"enemies":"Gremlin Nob","floor":10,"turns":4},{"damage":1,"enemies":"Exordium Thugs","floor":12,"turns":4},{"damage":2,"enemies":"3 Sentries","floor":13,"turns":5},{"damage":6,"enemies":"The Guardian","floor":16,"turns":14},{"damage":2,"enemies":"Spheric Guardian","floor":18,"turns":4},{"damage":0,"enemies":"Chosen","floor":22,"turns":5},{"damage":16,"enemies":"Gremlin Leader","floor":24,"turns":9},{"damage":1,"enemies":"Snake Plant","floor":25,"turns":4},{"damage":0,"enemies":"Cultist and Chosen","floor":27,"turns":9},{"damage":0,"enemies":"Snecko","floor":29,"turns":6},{"damage":0,"enemies":"Book of Stabbing","floor":30,"turns":7},{"damage":0,"enemies":"Sentry and Sphere","floor":31,"turns":6},{"damage":17,"enemies":"Collector","floor":33,"turns":13},{"damage":0,"enemies":"3 Darklings","floor":35,"turns":3},{"damage":0,"enemies":"3 Shapes","floor":36,"turns":2},{"damage":0,"enemies":"Transient","floor":39,"turns":5},{"damage":5,"enemies":"Giant Head","floor":41,"turns":7},{"damage":0,"enemies":"4 Shapes","floor":42,"turns":4},{"damage":8,"enemies":"Jaw Worm Horde","floor":44,"turns":4},{"damage":0,"enemies":"3 Darklings","floor":45,"turns":2},{"damage":18,"enemies":"Nemesis","floor":48,"turns":9},{"damage":32,"enemies":"Awakened One","floor":50,"turns":13},{"damage":6,"enemies":"Shield and Spear","floor":54,"turns":8},{"damage":46,"enemies":"The Heart","floor":55,"turns":14}],"seed_played":"-7990471504966291569","potions_obtained":[{"floor":0,"key":"Fruit Juice"},{"floor":0,"key":"Fruit Juice"},{"floor":0,"key":"Weak Potion"},{"floor":5,"key":"Weak Potion"},{"floor":10,"key":"SkillPotion"},{"floor":24,"key":"SpeedPotion"},{"floor":25,"key":"GamblersBrew"},{"floor":31,"key":"Weak Potion"},{"floor":39,"key":"SmokeBomb"},{"floor":44,"key":"Poison Potion"},{"floor":45,"key":"LiquidBronze"}],"is_trial":false,"path_per_floor":["M","?","$","M","M","R","E","M","T","E","R","M","E","?","R","B",null,"M","$","?","?","M","R","E","M","T","M","?","M","E","M","R","B",null,"M","M","$","?","M","R","E","M","T","M","M","R","$","E","R","B",null,"R","$","E","B",null],"character_chosen":"DEFECT","items_purchased":["Sunder","Frozen Egg 2","Medical Kit","Double Energy","Whetstone","PowerPotion"],"campfire_rested":1,"item_purchase_floors":[3,19,37,47,47,53],"current_hp_per_floor":[62,51,51,51,51,51,31,31,31,19,43,42,40,40,40,36,70,70,70,70,70,76,76,66,71,71,77,81,81,81,81,81,64,77,81,81,81,77,77,77,77,77,77,77,77,77,77,77,77,71,76,76,76,77,77],"gold":161,"neow_bonus":"THREE_SMALL_POTIONS","is_prod":false,"is_daily":false,"chose_seed":false,"campfire_upgraded":7,"win_rate":0,"timestamp":1548131273,"path_taken":["M","?","$","M","M","R","E","M","T","E","R","M","E","?","R","BOSS","M","$","?","?","M","R","E","M","T","M","?","M","E","M","R","BOSS","M","M","?","?","?","R","E","M","T","M","M","R","?","E","R","BOSS","R","$","E","BOSS"],"build_version":"2019-01-17v2","purchased_purges":2,"victory":true,"max_hp_per_floor":[81,81,81,81,81,81,81,81,81,81,81,81,81,81,81,81,81,81,81,81,81,81,81,81,81,81,81,81,81,81,81,81,81,81,81,81,81,77,77,77,77,77,77,77,77,77,77,77,77,77,77,77,77,77,77],"card_choices":[{"not_picked":["Redo","Barrage","Steam Power"],"picked":"SKIP","floor":1},{"not_picked":["Coolheaded","Reinforced Body"],"picked":"Genetic Algorithm","floor":4},{"not_picked":["Go for the Eyes","Doom and Gloom"],"picked":"Cold Snap","floor":5},{"not_picked":["Stack","Thunder Strike","Hello World"],"picked":"SKIP","floor":7},{"not_picked":["Compile Driver","Stack"],"picked":"Sweeping Beam","floor":8},{"not_picked":["Genetic Algorithm","Cold Snap"],"picked":"Defragment","floor":10},{"not_picked":["Streamline","Doom and Gloom"],"picked":"Coolheaded","floor":12},{"not_picked":["Redo","Auto Shields","Stack"],"picked":"SKIP","floor":13},{"not_picked":["Core Surge","Multi-Cast"],"picked":"Hyperbeam","floor":16},{"not_picked":["Conserve Battery","Double Energy+1"],"picked":"Defragment","floor":18},{"not_picked":["Auto Shields","Barrage"],"picked":"Glacier","floor":22},{"not_picked":["Hyperbeam","Chill","Leap"],"picked":"SKIP","floor":24},{"not_picked":["Reprogram","Scrape","Ball Lightning"],"picked":"SKIP","floor":25},{"not_picked":["Reinforced Body+1","Steam","Barrage"],"picked":"SKIP","floor":27},{"not_picked":["Rip and Tear","Steam"],"picked":"Heatsinks+1","floor":29},{"not_picked":["Rip and Tear","Redo","Stack"],"picked":"SKIP","floor":30},{"not_picked":["Cold Snap","Conserve Battery+1","Gash"],"picked":"SKIP","floor":31},{"not_picked":["Electrodynamics+1","Rainbow"],"picked":"Creative AI+1","floor":33},{"not_picked":["Sweeping Beam","Redo+1","Ball Lightning"],"picked":"SKIP","floor":35},{"not_picked":["Ball Lightning","Steam","Barrage"],"picked":"SKIP","floor":36},{"not_picked":["Seek","Streamline"],"picked":"Capacitor+1","floor":39},{"not_picked":["Hello World+1","Genetic Algorithm","Redo"],"picked":"SKIP","floor":41},{"not_picked":["Hologram","Leap"],"picked":"Blizzard+1","floor":42},{"not_picked":["Rip and Tear","Rebound","Aggregate+1"],"picked":"SKIP","floor":44},{"not_picked":["Skim","Rebound"],"picked":"Barrage","floor":45},{"not_picked":["Compile Driver","Fission","Coolheaded"],"picked":"SKIP","floor":48},{"not_picked":["Go for the Eyes","Hologram"],"picked":"Creative AI+1","floor":54}],"player_experience":496850,"relics_obtained":[{"floor":7,"key":"Calipers"},{"floor":9,"key":"Bottled Lightning"},{"floor":10,"key":"Shuriken"},{"floor":13,"key":"Bird Faced Urn"},{"floor":24,"key":"Dodecahedron"},{"floor":30,"key":"Dead Branch"},{"floor":41,"key":"Old Coin"},{"floor":48,"key":"Ginger"},{"floor":54,"key":"Happy Flower"}],"event_choices":[{"damage_healed":0,"gold_gain":0,"player_choice":"Success","damage_taken":11,"relics_obtained":["Orichalcum"],"max_hp_gain":0,"max_hp_loss":0,"event_name":"Scrap Ooze","floor":2,"gold_loss":0},{"damage_healed":0,"gold_gain":0,"player_choice":"Ignored","damage_taken":0,"max_hp_gain":0,"max_hp_loss":0,"event_name":"Liars Game","floor":14,"gold_loss":0},{"damage_healed":0,"gold_gain":50,"player_choice":"Stole From Cult","damage_taken":0,"max_hp_gain":0,"max_hp_loss":0,"event_name":"Nest","floor":20,"gold_loss":0},{"damage_healed":0,"gold_gain":0,"cards_transformed":["Strike_B","Strike_B"],"player_choice":"Became Test Subject","damage_taken":0,"max_hp_gain":0,"max_hp_loss":0,"event_name":"Drug Dealer","floor":21,"gold_loss":0,"cards_obtained":["Capacitor","Auto Shields"]},{"cards_removed":["Auto Shields"],"damage_healed":4,"gold_gain":0,"player_choice":"Offered Uncommon","damage_taken":0,"max_hp_gain":0,"max_hp_loss":0,"event_name":"Bonfire Elementals","floor":28,"gold_loss":0},{"damage_healed":0,"gold_gain":0,"player_choice":"Max HP","damage_taken":0,"max_hp_gain":0,"max_hp_loss":4,"event_name":"Winding Halls","floor":38,"gold_loss":0}],"is_beta":false,"boss_relics":[{"not_picked":["Eternal Feather","Busted Crown"],"picked":"Snecko Eye"},{"not_picked":["Empty Cage","Philosopher\u0027s Stone"],"picked":"Coffee Dripper"}],"items_purged_floors":[37,47],"is_endless":false,"potions_floor_spawned":[5,10,12,13,24,25,29,31,39,44,45,54],"ascension_level":15}