{"gold_per_floor":[110,110,110,126,137,168,168,187,187,198,217,48,48,48,48,146,146,156,169,183,183,133,164,114,39,39,39,51,51,68,80,80,175,175,194,104,122,136,155,155,155,28,28,44,44,59,59,73,73,73],"floor_reached":51,"playtime":1683,"items_purged":["Strike_B","Strike_B","Strike_B","Defend_B"],"score":698,"play_id":"69e29024-05eb-4470-b9f5-8d5fa0425c3b","local_time":"20180904034814","is_ascension_mode":false,"campfire_choices":[{"data":"Zap","floor":7.0,"key":"SMITH"},{"floor":13,"key":"REST"},{"floor":15,"key":"REST"},{"data":"Capacitor","floor":27,"key":"SMITH"},{"floor":29,"key":"REST"},{"data":"Storm","floor":32,"key":"SMITH"},{"floor":40,"key":"REST"},{"data":"Buffer","floor":47,"key":"SMITH"},{"floor":49,"key":"REST"}],"neow_cost":"NONE","seed_source_timestamp":0,"circlet_count":0,"master_deck":["Defend_B","Defend_B","Zap+1","Coolheaded","Seek","Lockon+1","FTL+1","BootSequence+1","Leap","Capacitor+1","Electrodynamics","Conserve Battery+1","Ball Lightning+1","Chill","Chill+1","Loop+1","Storm+1","FTL","Storm+1","Buffer+1","Glacier+1","Static Discharge","White Noise+1","Hello World+1","White Noise+1","Self Repair","Heatsinks+1","Consume"],"special_seed":0,"relics":["Cracked Core","NeowsBlessing","Gambling Chip","Bottled Lightning","Smiling Mask","White Beast Statue","Whetstone","Prayer Wheel","Inserter","Question Card"],"potions_floor_usage":[10,16,18,23,23,31,33,33,33,38,50,50,50],"damage_taken":[{"damage":0.0,"enemies":"Jaw Worm","floor":1.0,"turns":1.0},{"damage":0.0,"enemies":"Cultist","floor":4.0,"turns":1.0},{"damage":0.0,"enemies":"2 Louse","floor":5.0,"turns":1.0},{"damage":43.0,"enemies":"Gremlin Nob","floor":6.0,"turns":5.0},{"damage":1.0,"enemies":"Large Slime","floor":8.0,"turns":5.0},{"damage":18,"enemies":"Gremlin Gang","floor":10,"turns":5},{"damage":0,"enemies":"Looter","floor":11,"turns":2},{"damage":48,"enemies":"Hexaghost","floor":16,"turns":11},{"damage":18,"enemies":"2 Thieves","floor":18,"turns":3},{"damage":0,"enemies":"3 Byrds","floor":19,"turns":3},{"damage":7,"enemies":"Shelled Parasite and Fungi","floor":20,"turns":10},{"damage":21,"enemies":"Gremlin Leader","floor":23,"turns":8},{"damage":11,"enemies":"Sentry and Sphere","floor":28,"turns":5},{"damage":7,"enemies":"Cultist and Chosen","floor":30,"turns":6},{"damage":3,"enemies":"Snake Plant","floor":31,"turns":4},{"damage":33,"enemies":"Automaton","floor":33,"turns":7},{"damage":0,"enemies":"Orb Walker","floor":35,"turns":4},{"damage":0,"enemies":"3 Shapes","floor":37,"turns":3},{"damage":51,"enemies":"Spire Growth","floor":38,"turns":6},{"damage":5,"enemies":"Maw","floor":39,"turns":6},{"damage":0,"enemies":"4 Shapes","floor":44,"turns":3},{"damage":2,"enemies":"Reptomancer","floor":46,"turns":5},{"damage":0,"enemies":"Maw","floor":48,"turns":4},{"damage":47,"enemies":"Time Eater","floor":50,"turns":8}],"seed_played":"3973101687886868188","potions_obtained":[{"floor":1.0,"key":"Dexterity Potion"},{"floor":8.0,"key":"Poison Potion"},{"floor":10,"key":"Poison Potion"},{"floor":18,"key":"FairyPotion"},{"floor":19,"key":"Dexterity Potion"},{"floor":20,"key":"Block Potion"},{"floor":23,"key":"Dexterity Potion"},{"floor":28,"key":"Weak Potion"},{"floor":30,"key":"FocusPotion"},{"floor":31,"key":"LiquidBronze"},{"floor":33,"key":"Explosive Potion"},{"floor":35,"key":"EssenceOfSteel"},{"floor":37,"key":"SteroidPotion"},{"floor":38,"key":"Fire Potion"}],"is_trial":false,"path_per_floor":["M","?","?","M","M","E","R","M","T","M","M","$","R","?","R","B",null,"M","M","M","?","$","E","$","?","T","R","M","R","M","M","R","B",null,"M","?","M","M","M","R","?","$","T","M","?","M","R","M","R","B"],"character_chosen":"DEFECT","items_purchased":["Leap","Capacitor","Static Discharge"],"campfire_rested":5,"item_purchase_floors":[12,12,42],"current_hp_per_floor":[75,75,75,75,75,32,32,31,31,13,13,13,35,40,64,16,80,62,62,55,55,55,34,34,34,34,34,23,47,40,37,37,4,80,80,80,80,29,24,48,48,48,48,48,48,46,46,46,68,28],"gold":73,"neow_bonus":"THREE_ENEMY_KILL","is_prod":false,"is_daily":false,"chose_seed":false,"campfire_upgraded":4,"win_rate":0,"timestamp":1536029294,"path_taken":["M","?","?","?","M","E","R","M","T","M","M","$","R","?","R","BOSS","M","?","M","?","$","E","$","?","T","R","?","R","?","M","R","BOSS","M","?","?","?","M","R","?","$","T","?","?","M","R","M","R","BOSS"],"build_version":"2018-08-30","purchased_purges":4,"victory":true,"max_hp_per_floor":[75,75,75,75,75,75,75,75,75,75,75,75,75,80,80,80,80,80,80,80,80,80,80,80,80,80,80,80,80,80,80,80,80,80,80,80,80,80,80,80,76,76,76,76,76,76,76,76,76,76],"card_choices":[{"not_picked":["Hello World","Stack"],"picked":"Hologram","floor":1.0},{"not_picked":["Rebound","Streamline","Beam Cell"],"picked":"SKIP","floor":4.0},{"not_picked":["Steam","Leap"],"picked":"Coolheaded","floor":5.0},{"not_picked":["Skim","Barrage"],"picked":"Seek","floor":6.0},{"not_picked":["Rebound","Turbo"],"picked":"Lockon","floor":8.0},{"not_picked":["Genetic Algorithm","Streamline"],"picked":"FTL","floor":10},{"not_picked":["Redo","Sunder"],"picked":"BootSequence","floor":11},{"not_picked":["Thunder Strike","Biased Cognition"],"picked":"Electrodynamics","floor":16},{"not_picked":["Sweeping Beam+1","Redo"],"picked":"Conserve Battery+1","floor":18},{"not_picked":["Tempest","Coolheaded","Streamline+1"],"picked":"SKIP","floor":19},{"not_picked":["Hologram","Sunder+1"],"picked":"Ball Lightning","floor":20},{"not_picked":["Steam","Cold Snap+1"],"picked":"Chill","floor":23},{"not_picked":["Barrage","Sweeping Beam+1"],"picked":"Chill+1","floor":28},{"not_picked":["Glacier","Compile Driver"],"picked":"Loop+1","floor":28},{"not_picked":["Barrage","Fission"],"picked":"Storm+1","floor":30},{"not_picked":["Hologram+1","Double Energy+1"],"picked":"FTL","floor":30},{"not_picked":["Barrage","Auto Shields"],"picked":"Storm","floor":31},{"not_picked":["Ball Lightning","Reinforced Body","Melter+1"],"picked":"SKIP","floor":31},{"not_picked":["Rainbow","Fission"],"picked":"Buffer","floor":33},{"not_picked":["Steam","Hologram+1","Beam Cell"],"picked":"SKIP","floor":35},{"not_picked":["Force Field","Ball Lightning+1","Steam Power+1"],"picked":"SKIP","floor":35},{"not_picked":["Hologram+1","Rebound","Conserve Battery"],"picked":"SKIP","floor":37},{"not_picked":["Hello World+1","Conserve Battery","Rebound"],"picked":"SKIP","floor":37},{"not_picked":["Skim","Compile Driver"],"picked":"Glacier+1","floor":38},{"not_picked":["Barrage+1","Conserve Battery+1","Gash+1"],"picked":"SKIP","floor":38},{"not_picked":["Blizzard","Streamline","Reprogram+1"],"picked":"SKIP","floor":39},{"not_picked":["Cold Snap+1","Meteor Strike","Undo+1"],"picked":"SKIP","floor":39},{"not_picked":["Hologram","Fusion+1","Double Energy+1"],"picked":"White Noise+1","floor":44},{"not_picked":["Rebound","Compile Driver+1","Glacier"],"picked":"Hello World+1","floor":44},{"not_picked":["Barrage+1","Beam Cell","Auto Shields+1"],"picked":"Self Repair","floor":46},{"not_picked":["Stack","Barrage","Sunder+1","Beam Cell+1"],"picked":"SKIP","floor":46},{"not_picked":["Double Energy","Self Repair","Streamline+1"],"picked":"Heatsinks+1","floor":48},{"not_picked":["Blizzard","Gash","Steam"],"picked":"Consume","floor":48}],"player_experience":13094,"relics_obtained":[{"floor":6.0,"key":"Bottled Lightning"},{"floor":9.0,"key":"Smiling Mask"},{"floor":23,"key":"Whetstone"},{"floor":26,"key":"Prayer Wheel"},{"floor":43,"key":"Question Card"}],"event_choices":[{"event_name":"WeMeetAgain","player_choice":"Card","floor":2.0,"damage_taken":0.0},{"event_name":"Bonfire Elementals","player_choice":"BASIC","floor":3.0,"damage_taken":0.0},{"event_name":"Big Fish","player_choice":"Donut","floor":14,"damage_taken":0},{"event_name":"Accursed Blacksmith","player_choice":"Forge","floor":21,"damage_taken":0},{"event_name":"Beggar","player_choice":"Gave Gold","floor":25,"damage_taken":0},{"event_name":"Designer","player_choice":"Full Service","floor":36,"damage_taken":0},{"event_name":"Winding Halls","player_choice":"Max HP","floor":41,"damage_taken":0},{"event_name":"Duplicator","player_choice":"One dupe","floor":45,"damage_taken":0}],"is_beta":false,"boss_relics":[{"not_picked":["Coffee Dripper","Snecko Eye"],"picked":"White Beast Statue"},{"not_picked":["Astrolabe","Orrery"],"picked":"Inserter"}],"items_purged_floors":[12,22,24,42],"is_endless":false,"potions_floor_spawned":[1,8,10,18,19,20,23,28,30,31,33,35,37,38,39,44,46,48],"ascension_level":0}