{"gold_per_floor":[115,65,65,16,16,59,75,75,75,88,106,106,106,127,127,252,252,266,46,67,67,67],"floor_reached":22,"playtime":3760,"items_purged":["Strike_G"],"score":209,"play_id":"570fda29-d65e-4590-886c-18a1817a007c","local_time":"20190129232138","is_ascension_mode":false,"campfire_choices":[{"data":"Distraction","floor":8.0,"key":"SMITH"},{"floor":12.0,"key":"REST"},{"floor":15.0,"key":"REST"}],"neow_cost":"NONE","seed_source_timestamp":0,"circlet_count":0,"master_deck":["Defend_G","Defend_G","Defend_G","Strike_G","Strike_G","Survivor","Neutralize","Predator","Underhanded Strike","Predator","Distraction+1","Blade Dance","Dagger Throw","Slice","Adrenaline","Sucker Punch+1","Eviscerate+1","Masterful Stab+1","Deflect+1","Skewer","Reflex","Prepared+1"],"special_seed":0,"relics":["Ring of the Snake","NeowsBlessing","Golden Idol","Ice Cream","Mummified Hand","Frozen Egg 2","Astrolabe","PreservedInsect"],"potions_floor_usage":[],"damage_taken":[{"damage":0.0,"enemies":"Jaw Worm","floor":1.0,"turns":1.0},{"damage":0.0,"enemies":"Gremlin Nob","floor":6.0,"turns":1.0},{"damage":0.0,"enemies":"Small Slimes","floor":7.0,"turns":1.0},{"damage":3.0,"enemies":"2 Louse","floor":10.0,"turns":2.0},{"damage":6.0,"enemies":"Gremlin Gang","floor":11.0,"turns":4.0},{"damage":11.0,"enemies":"2 Fungi Beasts","floor":14.0,"turns":3.0},{"damage":68.0,"enemies":"Hexaghost","floor":16.0,"turns":10.0},{"damage":11.0,"enemies":"Shell Parasite","floor":18.0,"turns":6.0},{"damage":20.0,"enemies":"Spheric Guardian","floor":20.0,"turns":4.0},{"damage":39,"enemies":"Chosen and Byrds","floor":22,"turns":5}],"seed_played":"5767509954299813937","potions_obtained":[{"floor":6.0,"key":"EssenceOfSteel"},{"floor":11.0,"key":"Swift Potion"},{"floor":14.0,"key":"Strength Potion"},{"floor":16.0,"key":"Poison Potion"},{"floor":20.0,"key":"Dexterity Potion"}],"is_trial":false,"path_per_floor":["?","?","?","M","T","?"],"character_chosen":"THE_SILENT","items_purchased":["Underhanded Strike","Skewer","Reflex"],"campfire_rested":2,"item_purchase_floors":[4,19,19],"current_hp_per_floor":[70,70,53,53,53,53,53,53,53,50,44,65,65,54,70,2,70,59,59,39,39,0],"gold":67,"neow_bonus":"THREE_ENEMY_KILL","is_prod":false,"is_daily":false,"chose_seed":false,"campfire_upgraded":1,"win_rate":0.0,"timestamp":1548800498,"path_taken":["M","?","?","$","?","E","M","R","T","M","?","R","?","M","R","BOSS","M","$","M","?","M"],"build_version":"2019-01-23","purchased_purges":1,"victory":false,"max_hp_per_floor":[70,70,70,70,70,70,70,70,70,70,70,70,70,70,70,70,70,70,70,70,70,70],"card_choices":[{"not_picked":["Sucker Punch","PiercingWail"],"picked":"Predator","floor":1.0},{"not_picked":["Caltrops","Eviscerate"],"picked":"Predator","floor":6.0},{"not_picked":["Outmaneuver","Riddle With Holes"],"picked":"Distraction","floor":7.0},{"not_picked":["Calculated Gamble","Dagger Spray"],"picked":"Blade Dance","floor":10.0},{"not_picked":["Dodge and Roll","Acrobatics"],"picked":"Dagger Throw","floor":11.0},{"not_picked":["Quick Slash","Dagger Spray"],"picked":"Slice","floor":14.0},{"not_picked":["Envenom+1","A Thousand Cuts+1"],"picked":"Adrenaline","floor":16.0},{"not_picked":["Deadly Poison","Outmaneuver"],"picked":"Deflect+1","floor":18.0},{"not_picked":["PiercingWail","Blur"],"picked":"Prepared+1","floor":20.0}],"player_experience":1843,"relics_obtained":[{"floor":6.0,"key":"Ice Cream"},{"floor":9.0,"key":"Mummified Hand"},{"floor":13.0,"key":"Frozen Egg 2"}],"event_choices":[{"cards_removed":["Strike_G"],"damage_healed":0.0,"max_hp_gain":0.0,"max_hp_loss":0.0,"gold_gain":0.0,"event_name":"The Cleric","player_choice":"Card Removal","floor":2.0,"gold_loss":50.0,"damage_taken":0.0},{"damage_healed":0.0,"max_hp_gain":0.0,"max_hp_loss":0.0,"gold_gain":0.0,"event_name":"Golden Idol","player_choice":"Take Damage","floor":3.0,"gold_loss":0.0,"damage_taken":17.0,"relics_obtained":["Golden Idol"]},{"damage_healed":0.0,"max_hp_gain":0.0,"max_hp_loss":0.0,"gold_gain":0.0,"event_name":"Liars Game","player_choice":"Ignored","floor":5.0,"gold_loss":0.0,"damage_taken":0.0},{"damage_healed":0.0,"max_hp_gain":0.0,"max_hp_loss":0.0,"gold_gain":0.0,"event_name":"WeMeetAgain","player_choice":"Gave Potion","floor":21.0,"gold_loss":0.0,"damage_taken":0.0,"relics_obtained":["PreservedInsect"]}],"is_beta":false,"boss_relics":[{"not_picked":["Sozu","Eternal Feather"],"picked":"Astrolabe"}],"items_purged_floors":[19],"is_endless":false,"potions_floor_spawned":[6,11,14,16,20],"killed_by":"Chosen and Byrds","ascension_level":0}