{"gold_per_floor":[114,114,132,132,145,145,176,194,194,224,4,4,4,16,16,16],"floor_reached":16,"playtime":473,"items_purged":["Strike_R"],"score":187,"play_id":"6865d2e5-aac2-4163-b18f-2e2f7f4d4181","local_time":"20181215160728","is_ascension_mode":true,"campfire_choices":[{"data":"Rampage","floor":6,"key":"SMITH"},{"data":"Blind","floor":13,"key":"SMITH"},{"floor":15,"key":"REST"}],"neow_cost":"NONE","seed_source_timestamp":3231593760066,"circlet_count":0,"master_deck":["AscendersBane","Strike_R","Strike_R","Strike_R","Defend_R","Defend_R","Defend_R","Defend_R","Bash+1","Rampage+1","Burning Pact","Thunderclap","Shrug It Off","Blind+1","Shrug It Off"],"relics":["Burning Blood","Bottled Flame","Kunai","Sundial"],"potions_floor_usage":[7,10,10],"damage_taken":[{"damage":1,"enemies":"Small Slimes","floor":1,"turns":4},{"damage":8,"enemies":"Jaw Worm","floor":3,"turns":4},{"damage":6,"enemies":"Cultist","floor":5,"turns":4},{"damage":25,"enemies":"Lagavulin","floor":7,"turns":5},{"damage":9,"enemies":"3 Louse","floor":8,"turns":4},{"damage":25,"enemies":"3 Sentries","floor":10,"turns":8},{"damage":17,"enemies":"Large Slime","floor":14,"turns":8},{"damage":39,"enemies":"Hexaghost","floor":16,"turns":12}],"seed_played":"-2499854536038127921","potions_obtained":[{"floor":1,"key":"Explosive Potion"},{"floor":3,"key":"GamblersBrew"},{"floor":7,"key":"SpeedPotion"},{"floor":14,"key":"FearPotion"}],"is_trial":false,"path_per_floor":["M","?","M","?","M","R","E","M","T","E","$","?","R","M","R","B"],"character_chosen":"IRONCLAD","items_purchased":["Blind","Shrug It Off"],"campfire_rested":1,"item_purchase_floors":[11,11],"current_hp_per_floor":[73,66,64,64,64,64,45,42,42,23,23,23,23,12,34,0],"gold":16,"neow_bonus":"UPGRADE_CARD","is_prod":false,"is_daily":false,"chose_seed":false,"campfire_upgraded":2,"win_rate":0,"timestamp":1544890048,"path_taken":["M","?","M","?","M","R","E","M","T","E","$","?","R","M","R","BOSS"],"build_version":"2018-12-13","purchased_purges":1,"victory":false,"max_hp_per_floor":[75,75,75,75,75,75,75,75,75,75,75,75,75,75,75,75],"card_choices":[{"not_picked":["Reckless Charge","Armaments"],"picked":"Rampage","floor":1},{"not_picked":["Armaments","Warcry"],"picked":"Burning Pact","floor":3},{"not_picked":["Havoc","Inflame","Flex"],"picked":"SKIP","floor":5},{"not_picked":["Exhume","Blood for Blood"],"picked":"Thunderclap","floor":7},{"not_picked":["Clash","Armaments","Anger"],"picked":"SKIP","floor":8},{"not_picked":["Clothesline","Heavy Blade"],"picked":"Shrug It Off","floor":10},{"not_picked":["Sever Soul","Carnage","Armaments"],"picked":"SKIP","floor":14}],"player_experience":273602,"relics_obtained":[{"floor":7,"key":"Bottled Flame"},{"floor":9,"key":"Kunai"},{"floor":10,"key":"Sundial"}],"event_choices":[{"cards_removed":["Strike_R"],"damage_healed":0,"gold_gain":0,"player_choice":"Card Removal","damage_taken":7,"max_hp_gain":0,"max_hp_loss":0,"event_name":"Golden Wing","floor":2,"gold_loss":0},{"damage_healed":0,"gold_gain":0,"player_choice":"Fled","damage_taken":0,"max_hp_gain":0,"max_hp_loss":0,"event_name":"Scrap Ooze","floor":4,"gold_loss":0},{"damage_healed":0,"gold_gain":0,"player_choice":"Searched \u00270\u0027 times","damage_taken":0,"max_hp_gain":0,"max_hp_loss":0,"event_name":"Dead Adventurer","floor":12,"gold_loss":0}],"is_beta":false,"boss_relics":[],"items_purged_floors":[11],"is_endless":false,"potions_floor_spawned":[1,3,7,14],"killed_by":"Hexaghost","ascension_level":14}