{"gold_per_floor":[117,0,0,17,17,17,44,44,92,92,106,140,140,151,151,151],"floor_reached":16,"playtime":275,"items_purged":[],"score":233,"play_id":"8a2e5555-0359-4bcb-966f-797e9ebc2c2b","local_time":"20190113005833","is_ascension_mode":true,"campfire_choices":[{"data":"Rip and Tear","floor":6,"key":"SMITH"},{"data":"Streamline","floor":13,"key":"SMITH"},{"data":"Zap","floor":15,"key":"SMITH"}],"neow_cost":"NONE","seed_source_timestamp":91218819377906,"circlet_count":0,"master_deck":["AscendersBane","Strike_B","Strike_B","Strike_B","Defend_B","Defend_B","Defend_B","Defend_B","Zap+1","Dualcast","Rip and Tear+1","Defragment","Fusion","Conserve Battery","FTL","BootSequence","Streamline+1","Capacitor"],"relics":["Cracked Core","NeowsBlessing","Blood Vial","Bottled Lightning","Lantern","Ornamental Fan","Strawberry"],"potions_floor_usage":[12,12,12,12,16],"damage_taken":[{"damage":0,"enemies":"Small Slimes","floor":1,"turns":1},{"damage":0,"enemies":"2 Louse","floor":4,"turns":1},{"damage":0,"enemies":"Lagavulin","floor":7,"turns":1},{"damage":0,"enemies":"Jaw Worm","floor":11,"turns":3},{"damage":10,"enemies":"Gremlin Nob","floor":12,"turns":5},{"damage":7,"enemies":"3 Louse","floor":14,"turns":4},{"damage":70,"enemies":"Hexaghost","floor":16,"turns":9}],"seed_played":"3417709860655503026","potions_obtained":[{"floor":7,"key":"EntropicBrew"},{"floor":11,"key":"PowerPotion"},{"floor":14,"key":"PowerPotion"}],"is_trial":false,"path_per_floor":["M","$","?","M","?","R","E","?","T","T","M","E","R","M","R","B"],"character_chosen":"DEFECT","items_purchased":["Defragment","Fusion"],"campfire_rested":0,"item_purchase_floors":[2,2],"current_hp_per_floor":[64,64,69,69,64,64,66,59,59,59,61,72,72,67,67,0],"gold":151,"neow_bonus":"THREE_ENEMY_KILL","is_prod":false,"is_daily":false,"chose_seed":false,"campfire_upgraded":3,"win_rate":0,"timestamp":1547341113,"path_taken":["M","$","?","M","?","R","E","?","T","?","M","E","R","M","R","BOSS"],"build_version":"2019-01-10","purchased_purges":0,"victory":false,"max_hp_per_floor":[71,71,76,76,76,76,76,76,76,76,76,83,83,83,83,83],"card_choices":[{"not_picked":["Beam Cell","Stack"],"picked":"Rip and Tear","floor":1},{"not_picked":["Stack","Hologram"],"picked":"Conserve Battery","floor":4},{"not_picked":["Biased Cognition","Cold Snap"],"picked":"FTL","floor":7},{"not_picked":["Tempest","Steam"],"picked":"BootSequence","floor":11},{"not_picked":["Double Energy","Go for the Eyes"],"picked":"Streamline","floor":12},{"not_picked":["Rebound","Turbo"],"picked":"Capacitor","floor":14}],"player_experience":375709,"relics_obtained":[{"floor":7,"key":"Bottled Lightning"},{"floor":9,"key":"Lantern"},{"floor":10,"key":"Ornamental Fan"},{"floor":12,"key":"Strawberry"}],"event_choices":[{"damage_healed":0,"gold_gain":0,"player_choice":"Donut","damage_taken":0,"max_hp_gain":5,"max_hp_loss":0,"event_name":"Big Fish","floor":3,"gold_loss":0},{"damage_healed":0,"gold_gain":0,"player_choice":"Success","damage_taken":5,"relics_obtained":["Blood Vial"],"max_hp_gain":0,"max_hp_loss":0,"event_name":"Scrap Ooze","floor":5,"gold_loss":0},{"cards_removed":["Strike_B"],"damage_healed":0,"gold_gain":0,"player_choice":"Card Removal","damage_taken":7,"max_hp_gain":0,"max_hp_loss":0,"event_name":"Golden Wing","floor":8,"gold_loss":0}],"is_beta":false,"boss_relics":[],"items_purged_floors":[],"is_endless":false,"potions_floor_spawned":[7,11,14],"killed_by":"Hexaghost","ascension_level":15}