{"gold_per_floor":[210,222,235,81,81,81,94,108,131,131,158,158,191,151,151,225,225,238,250,28,28,28,28,28,28],"floor_reached":25,"playtime":642,"items_purged":["Strike_R"],"score":397,"play_id":"3fa72f6f-bc14-48b2-a8b4-94a4010d7ead","local_time":"20190116191209","is_ascension_mode":true,"campfire_choices":[{"data":"Armaments","floor":6,"key":"SMITH"},{"data":"Whirlwind","floor":12,"key":"SMITH"},{"data":"1","floor":15,"key":"LIFT"},{"data":"2","floor":23,"key":"LIFT"}],"neow_cost":"NONE","seed_source_timestamp":2360598006680,"circlet_count":0,"master_deck":["AscendersBane","Strike_R","Strike_R","Strike_R","Defend_R","Defend_R","Defend_R","Defend_R","Bash","Iron Wave","Body Slam","Battle Trance","Body Slam","Armaments+1","Whirlwind+1","Metallicize","Reaper","Evolve","Warcry+1"],"relics":["Burning Blood","Orichalcum","Strawberry","PreservedInsect","Girya","Coffee Dripper","Chemical X","Enchiridion"],"potions_floor_usage":[11,18,25],"damage_taken":[{"damage":7,"enemies":"Jaw Worm","floor":1,"turns":3},{"damage":1,"enemies":"Small Slimes","floor":2,"turns":4},{"damage":6,"enemies":"Cultist","floor":3,"turns":3},{"damage":0,"enemies":"Large Slime","floor":7,"turns":7},{"damage":2,"enemies":"Looter","floor":8,"turns":5},{"damage":16,"enemies":"Lagavulin","floor":11,"turns":8},{"damage":2,"enemies":"Gremlin Nob","floor":13,"turns":3},{"damage":25,"enemies":"The Guardian","floor":16,"turns":12},{"damage":14,"enemies":"Spheric Guardian","floor":18,"turns":5},{"damage":26,"enemies":"Shell Parasite","floor":19,"turns":7},{"damage":51,"enemies":"Book of Stabbing","floor":25,"turns":3}],"seed_played":"934928053322606304","potions_obtained":[{"floor":3,"key":"Weak Potion"},{"floor":7,"key":"BloodPotion"},{"floor":14,"key":"Strength Potion"},{"floor":19,"key":"Ancient Potion"}],"is_trial":false,"path_per_floor":["M","M","M","$","?","R","M","M","T","?","E","R","E","?","R","B",null,"M","M","$","?","?","R","?","E"],"character_chosen":"IRONCLAD","items_purchased":["Body Slam","Armaments","Chemical X"],"campfire_rested":0,"item_purchase_floors":[4,4,20],"current_hp_per_floor":[67,72,72,72,67,67,73,75,82,75,65,65,69,69,69,50,74,66,52,52,52,52,52,31,0],"gold":28,"neow_bonus":"HUNDRED_GOLD","is_prod":false,"is_daily":false,"chose_seed":false,"campfire_upgraded":2,"win_rate":0,"timestamp":1547665929,"path_taken":["M","M","M","$","?","R","M","M","T","?","E","R","E","?","R","BOSS","M","M","$","?","?","R","?","E"],"build_version":"2019-01-10","purchased_purges":1,"victory":false,"max_hp_per_floor":[75,75,75,75,75,75,75,75,82,82,82,82,82,82,82,82,82,82,82,82,82,82,82,82,82],"card_choices":[{"not_picked":["Havoc","Pommel Strike"],"picked":"Iron Wave","floor":1},{"not_picked":["Blood for Blood","Spot Weakness"],"picked":"Body Slam","floor":2},{"not_picked":["Flex","True Grit"],"picked":"Battle Trance","floor":3},{"not_picked":["Clothesline","Cleave","Dual Wield"],"picked":"SKIP","floor":7},{"not_picked":["Headbutt","Perfected Strike","Bloodletting"],"picked":"SKIP","floor":8},{"not_picked":["Sword Boomerang","Sever Soul"],"picked":"Whirlwind","floor":11},{"not_picked":["Perfected Strike","Wild Strike"],"picked":"Metallicize","floor":13},{"not_picked":["Brutality","Demon Form"],"picked":"Reaper","floor":16},{"not_picked":["Twin Strike","Thunderclap"],"picked":"Evolve","floor":18},{"not_picked":["Pommel Strike","Clash+1"],"picked":"Warcry+1","floor":19}],"player_experience":396729,"relics_obtained":[{"floor":9,"key":"Strawberry"},{"floor":11,"key":"PreservedInsect"},{"floor":13,"key":"Girya"},{"floor":24,"key":"Enchiridion"}],"event_choices":[{"damage_healed":0,"gold_gain":0,"player_choice":"Success","damage_taken":5,"relics_obtained":["Orichalcum"],"max_hp_gain":0,"max_hp_loss":0,"event_name":"Scrap Ooze","floor":5,"gold_loss":0},{"cards_removed":["Strike_R"],"damage_healed":0,"gold_gain":0,"player_choice":"Card Removal","damage_taken":7,"max_hp_gain":0,"max_hp_loss":0,"event_name":"Golden Wing","floor":10,"gold_loss":0},{"damage_healed":0,"gold_gain":0,"player_choice":"Bought 3 Potions","damage_taken":0,"max_hp_gain":0,"max_hp_loss":0,"event_name":"The Woman in Blue","floor":14,"gold_loss":0},{"damage_healed":0,"gold_gain":0,"player_choice":"Ignored","damage_taken":0,"max_hp_gain":0,"max_hp_loss":0,"event_name":"Vampires","floor":21,"gold_loss":0},{"damage_healed":0,"gold_gain":0,"player_choice":"Ignored","damage_taken":0,"max_hp_gain":0,"max_hp_loss":0,"event_name":"Beggar","floor":22,"gold_loss":0},{"damage_healed":0,"gold_gain":0,"player_choice":"Obtained Book","damage_taken":21,"max_hp_gain":0,"max_hp_loss":0,"event_name":"Cursed Tome","floor":24,"gold_loss":0}],"is_beta":false,"boss_relics":[{"not_picked":["Empty Cage","Black Blood"],"picked":"Coffee Dripper"}],"items_purged_floors":[4],"is_endless":false,"potions_floor_spawned":[3,7,8,16,19],"killed_by":"Book of Stabbing","ascension_level":18}