{"gold_per_floor":[111,77,77,96,49,81,3,3,53,69,69,244,308,323,323,427,477,496,330,330,350,49,49,49,49],"floor_reached":25,"playtime":708,"items_purged":["Doubt"],"score":255,"play_id":"398d4095-cafc-4539-8065-04a0231a6f2b","local_time":"20190130000109","is_ascension_mode":true,"campfire_choices":[{"data":"Catalyst","floor":8,"key":"SMITH"},{"floor":15,"key":"REST"},{"data":"Caltrops","floor":23,"key":"SMITH"}],"neow_cost":"NONE","seed_source_timestamp":1546719212273466,"circlet_count":0,"master_deck":["Defend_G","Defend_G","Defend_G","Defend_G","Defend_G","Strike_G","Strike_G","Strike_G+1","Strike_G","Strike_G","Survivor","Neutralize","Blur","Poisoned Stab","Poisoned Stab","Leg Sweep+1","Caltrops+1","Dodge and Roll+1","Cloak And Dagger+1","Blade Dance+1","Adrenaline+1","Footwork","Well Laid Plans","Backflip+1","Accuracy","Good Instincts+1"],"relics":["Ring of the Snake","NeowsBlessing","Anchor","Toxic Egg 2","Potion Belt","Nunchaku","Tiny House","TheAbacus"],"potions_floor_usage":[13,13,18,25],"damage_taken":[{"damage":0,"enemies":"Cultist","floor":1,"turns":1},{"damage":0,"enemies":"2 Louse","floor":4,"turns":1},{"damage":0,"enemies":"Gremlin Nob","floor":6,"turns":1},{"damage":8,"enemies":"Jaw Worm","floor":10,"turns":3},{"damage":24,"enemies":"Lagavulin Event","floor":13,"turns":8},{"damage":3,"enemies":"Lots of Slimes","floor":14,"turns":6},{"damage":12,"enemies":"Hexaghost","floor":16,"turns":11},{"damage":31,"enemies":"Chosen","floor":18,"turns":8},{"damage":7,"enemies":"Spheric Guardian","floor":21,"turns":7},{"damage":73,"enemies":"Gremlin Leader","floor":25,"turns":6}],"seed_played":"-7824242865995124071","potions_obtained":[{"floor":1,"key":"FearPotion"},{"floor":4,"key":"SpeedPotion"},{"floor":10,"key":"Regen Potion"},{"floor":14,"key":"LiquidBronze"},{"floor":17,"key":"Weak Potion"}],"is_trial":false,"path_per_floor":["M","$","?","M","$","E","$","R","T","M","$","?","?","M","R","B",null,"M","$","?","M","$","R","?","E"],"character_chosen":"THE_SILENT","items_purchased":["Catalyst","Poisoned Stab","Caltrops","Well Laid Plans","Backflip+1","Good Instincts+1","TheAbacus"],"campfire_rested":1,"item_purchase_floors":[2,5,7,19,19,22,22],"current_hp_per_floor":[70,70,63,63,63,63,63,63,63,55,55,55,46,43,64,52,75,44,44,75,68,68,68,68,0],"gold":49,"neow_bonus":"THREE_ENEMY_KILL","is_prod":false,"is_daily":false,"chose_seed":false,"campfire_upgraded":2,"win_rate":0,"timestamp":1548828069,"path_taken":["M","?","?","?","$","E","?","R","T","M","$","?","?","M","R","BOSS","M","$","?","?","?","R","?","E"],"build_version":"2019-01-23","purchased_purges":1,"victory":false,"max_hp_per_floor":[70,70,70,70,70,70,70,70,70,70,70,70,70,70,70,70,75,75,75,75,75,75,75,75,75],"card_choices":[{"not_picked":["Endless Agony","Calculated Gamble"],"picked":"Blur","floor":1},{"not_picked":["Outmaneuver","Concentrate"],"picked":"Poisoned Stab","floor":4},{"not_picked":["Distraction","Dash"],"picked":"Leg Sweep","floor":6},{"not_picked":["Deflect+1","Quick Slash"],"picked":"Dodge and Roll+1","floor":10},{"not_picked":["Grand Finale","Expertise+1"],"picked":"Cloak And Dagger+1","floor":13},{"not_picked":["Quick Slash","Riddle With Holes"],"picked":"Blade Dance+1","floor":14},{"not_picked":["Doppelganger+1","Night Terror+1"],"picked":"Adrenaline+1","floor":16},{"not_picked":["Cloak And Dagger+1","Crippling Poison+1"],"picked":"Footwork","floor":17},{"not_picked":["Dodge and Roll+1","Prepared+1","Eviscerate+1"],"picked":"SKIP","floor":18},{"not_picked":["Bane+1","Slice"],"picked":"Accuracy","floor":21}],"player_experience":74848,"relics_obtained":[{"floor":6,"key":"Toxic Egg 2"},{"floor":9,"key":"Potion Belt"}],"event_choices":[{"damage_healed":0,"gold_gain":0,"player_choice":"Success","damage_taken":7,"relics_obtained":["Anchor"],"max_hp_gain":0,"max_hp_loss":0,"event_name":"Scrap Ooze","floor":3,"gold_loss":0},{"damage_healed":0,"gold_gain":175,"player_choice":"AGREE","damage_taken":0,"max_hp_gain":0,"max_hp_loss":0,"event_name":"Liars Game","floor":12,"gold_loss":0,"cards_obtained":["Doubt"]},{"damage_healed":0,"gold_gain":0,"player_choice":"Searched \u00272\u0027 times","damage_taken":0,"relics_obtained":["Nunchaku"],"max_hp_gain":0,"max_hp_loss":0,"event_name":"Dead Adventurer","floor":13,"gold_loss":0},{"cards_removed":["Catalyst"],"damage_healed":31,"gold_gain":0,"player_choice":"Offered Uncommon","damage_taken":0,"max_hp_gain":0,"max_hp_loss":0,"event_name":"Bonfire Elementals","floor":20,"gold_loss":0},{"damage_healed":0,"gold_gain":0,"player_choice":"Ignored","damage_taken":0,"max_hp_gain":0,"max_hp_loss":0,"event_name":"Ghosts","floor":24,"gold_loss":0}],"is_beta":true,"boss_relics":[{"not_picked":["Lizard Tail","Ring of the Serpent"],"picked":"Tiny House"}],"items_purged_floors":[19],"is_endless":false,"potions_floor_spawned":[1,4,10,14],"killed_by":"Gremlin Leader","ascension_level":3}