{"gold_per_floor":[159,159,159,159,172,172,197,197,223,239,239,253,273,298,298,421,421,439,457,334,139,139,139,163,176,176,176,191,206,206,229,229,229],"floor_reached":33,"playtime":1063,"items_purged":["Strike_B","Strike_B"],"score":241,"play_id":"1eebb717-12e3-4e61-90c2-6490032cd416","local_time":"20180908210549","is_ascension_mode":false,"campfire_choices":[{"data":"FTL","floor":6,"key":"SMITH"},{"data":"Zap","floor":11,"key":"SMITH"},{"data":"Coolheaded","floor":15,"key":"SMITH"},{"data":"Scrape","floor":23,"key":"SMITH"},{"floor":27,"key":"REST"},{"floor":32,"key":"REST"}],"neow_cost":"NONE","seed_source_timestamp":24690604975648,"circlet_count":0,"master_deck":["Defend_B","Defend_B","Defend_B","Zap+1","Dualcast+1","Sweeping Beam","Rebound","FTL+1","Coolheaded+1","BootSequence","Gash","White Noise","Conserve Battery","Machine Learning","Conserve Battery","Hologram","Finesse","Scrape+1","Gash","Hologram"],"relics":["Tiny House","Golden Idol","Pen Nib","Sozu","Bag of Marbles","Bronze Scales"],"potions_floor_usage":[33],"damage_taken":[{"damage":2,"enemies":"Small Slimes","floor":1,"turns":4},{"damage":1,"enemies":"Cultist","floor":5,"turns":3},{"damage":0,"enemies":"2 Louse","floor":7,"turns":1},{"damage":2,"enemies":"Blue Slaver","floor":10,"turns":4},{"damage":0,"enemies":"2 Fungi Beasts","floor":12,"turns":3},{"damage":0,"enemies":"Large Slime","floor":13,"turns":5},{"damage":8,"enemies":"Looter","floor":14,"turns":3},{"damage":31,"enemies":"The Guardian","floor":16,"turns":13},{"damage":0,"enemies":"Shell Parasite","floor":18,"turns":6},{"damage":12,"enemies":"3 Byrds","floor":19,"turns":5},{"damage":16,"enemies":"Snake Plant","floor":24,"turns":4},{"damage":16,"enemies":"Centurion and Healer","floor":25,"turns":4},{"damage":0,"enemies":"3 Cultists","floor":28,"turns":4},{"damage":23,"enemies":"Snecko","floor":29,"turns":6},{"damage":60,"enemies":"Champ","floor":33,"turns":7}],"seed_played":"-5806848863039248783","potions_obtained":[{"floor":0,"key":"SteroidPotion"},{"floor":1,"key":"LiquidBronze"},{"floor":10,"key":"Ancient Potion"}],"is_trial":false,"path_per_floor":["M","?","?","?","M","R","M","?","T","M","R","M","M","M","R","B",null,"M","M","$","$","?","R","M","M","T","R","M","M","?","T","R"],"character_chosen":"DEFECT","items_purchased":["Hologram","Finesse"],"campfire_rested":2,"item_purchase_floors":[20,21],"current_hp_per_floor":[78,78,74,67,66,66,66,66,66,64,64,64,64,63,63,32,74,74,62,62,62,62,62,46,30,30,52,52,29,29,29,51,0],"gold":229,"neow_bonus":"BOSS_RELIC","is_prod":false,"is_daily":false,"chose_seed":false,"campfire_upgraded":4,"win_rate":0,"timestamp":1536437149,"path_taken":["M","?","?","?","M","R","?","?","T","M","R","?","M","M","R","BOSS","M","M","?","$","?","R","M","M","T","R","M","M","?","?","R","BOSS"],"build_version":"2018-09-06","purchased_purges":2,"victory":false,"max_hp_per_floor":[80,80,74,74,74,74,74,74,74,74,74,74,74,74,74,74,74,74,74,74,74,74,74,74,74,74,74,74,74,74,74,74,74],"card_choices":[{"not_picked":["Aggregate","Doom and Gloom"],"picked":"Sweeping Beam","floor":0},{"not_picked":["Barrage","Steam","Stack"],"picked":"SKIP","floor":1},{"not_picked":["Sunder","Sweeping Beam"],"picked":"FTL","floor":5},{"not_picked":["Blizzard","Compile Driver"],"picked":"Coolheaded","floor":7},{"not_picked":["Streamline","Conserve Battery"],"picked":"Gash","floor":10},{"not_picked":["Rebound","Beam Cell"],"picked":"White Noise","floor":12},{"not_picked":["Chaos","Stack","Rip and Tear"],"picked":"SKIP","floor":13},{"not_picked":["Genetic Algorithm","Consume"],"picked":"Conserve Battery","floor":14},{"not_picked":["Amplify","Electrodynamics"],"picked":"Machine Learning","floor":16},{"not_picked":["Beam Cell","Steam Power","Leap"],"picked":"SKIP","floor":18},{"not_picked":["Hologram","Fusion+1"],"picked":"Conserve Battery","floor":19},{"not_picked":["Chaos","Sweeping Beam"],"picked":"Gash","floor":24},{"not_picked":["Steam+1","Cold Snap","Force Field"],"picked":"SKIP","floor":25},{"not_picked":["Turbo+1","Self Repair","Streamline"],"picked":"SKIP","floor":28},{"not_picked":["Steam Power","Consume+1"],"picked":"Hologram","floor":29}],"player_experience":25960,"relics_obtained":[{"floor":9,"key":"Pen Nib"},{"floor":26,"key":"Bag of Marbles"},{"floor":31,"key":"Bronze Scales"}],"event_choices":[{"event_name":"Transmorgrifier","player_choice":"Transform","floor":2,"damage_taken":0},{"event_name":"Golden Idol","player_choice":"Lose Max HP","floor":3,"damage_taken":0},{"event_name":"Golden Wing","player_choice":"Card Removal","floor":4,"damage_taken":0},{"event_name":"Match and Keep!","player_choice":"1 cards matched","floor":8,"damage_taken":0},{"event_name":"The Library","player_choice":"Read","floor":22,"damage_taken":0},{"event_name":"Bonfire Elementals","player_choice":"BASIC","floor":30,"damage_taken":0}],"is_beta":false,"boss_relics":[{"not_picked":["Nuclear Battery","Calling Bell"],"picked":"Sozu"}],"items_purged_floors":[20,21],"is_endless":false,"potions_floor_spawned":[1,10,12,14,19,24,28,29],"killed_by":"Champ","ascension_level":0}