{"gold_per_floor":[110,123,51,51,23,23,64,79,79,97,130,130,130,154,154,278,278,301,321,321,321,336,370,285,320,343,343,343,343,343],"floor_reached":30,"playtime":3346,"items_purged":[],"score":301,"play_id":"61d9989b-b290-46a5-8433-7b676ac52b24","local_time":"20181130171440","is_ascension_mode":false,"campfire_choices":[{"data":"Double Energy","floor":6,"key":"SMITH"},{"data":"Dualcast","floor":13,"key":"SMITH"},{"floor":15,"key":"REST"},{"data":"Machine Learning","floor":29,"key":"SMITH"}],"neow_cost":"NONE","seed_source_timestamp":348938261255959,"circlet_count":0,"master_deck":["Strike_B","Strike_B","Strike_B","Strike_B","Defend_B","Defend_B","Defend_B","Defend_B","Zap","Dualcast+1","Double Energy+1","Skim","All For One","Genetic Algorithm","Static Discharge","Go for the Eyes","Machine Learning+1","Static Discharge","All For One","Force Field"],"relics":["Cracked Core","NeowsBlessing","Golden Idol","Meat on the Bone","Strawberry","Incense Burner","Snecko Eye","Anchor","Juzu Bracelet","Bronze Scales","Potion Belt"],"potions_floor_usage":[11,22,23,23,25,25],"damage_taken":[{"damage":0,"enemies":"2 Louse","floor":1,"turns":1},{"damage":0,"enemies":"Jaw Worm","floor":2,"turns":1},{"damage":0,"enemies":"Gremlin Nob","floor":7,"turns":1},{"damage":2,"enemies":"Small Slimes","floor":8,"turns":4},{"damage":9,"enemies":"Blue Slaver","floor":10,"turns":4},{"damage":16,"enemies":"Lagavulin","floor":11,"turns":6},{"damage":5,"enemies":"3 Louse","floor":14,"turns":3},{"damage":56,"enemies":"Hexaghost","floor":16,"turns":9},{"damage":26,"enemies":"3 Byrds","floor":18,"turns":3},{"damage":19,"enemies":"Shell Parasite","floor":19,"turns":5},{"damage":31,"enemies":"Snake Plant","floor":22,"turns":4},{"damage":29,"enemies":"Gremlin Leader","floor":23,"turns":5},{"damage":33,"enemies":"Slavers","floor":25,"turns":5},{"damage":20,"enemies":"Chosen and Byrds","floor":30,"turns":4}],"seed_played":"4114927439249675249","potions_obtained":[{"floor":7,"key":"FearPotion"},{"floor":10,"key":"Explosive Potion"},{"floor":16,"key":"Energy Potion"},{"floor":19,"key":"Strength Potion"},{"floor":22,"key":"LiquidBronze"},{"floor":23,"key":"Energy Potion"}],"is_trial":false,"path_per_floor":["M","M","$","?","?","R","E","M","T","M","E","?","R","M","R","B",null,"M","M","?","?","M","E","?","E","T","?","?","R","M"],"character_chosen":"DEFECT","items_purchased":["All For One"],"campfire_rested":1,"item_purchase_floors":[3],"current_hp_per_floor":[75,75,75,57,57,57,57,55,62,53,49,49,49,44,68,24,82,56,49,49,82,51,34,34,13,13,13,13,13,0],"gold":343,"neow_bonus":"THREE_ENEMY_KILL","is_prod":false,"is_daily":false,"chose_seed":false,"campfire_upgraded":3,"win_rate":0.0,"timestamp":1543626880,"path_taken":["M","M","$","?","?","R","E","M","T","M","E","?","R","M","R","BOSS","M","M","?","?","?","E","?","E","T","?","?","R","M"],"build_version":"2018-11-15","purchased_purges":0,"victory":false,"max_hp_per_floor":[75,75,75,75,75,75,75,75,82,82,82,82,82,82,82,82,82,82,82,82,82,82,82,82,82,82,82,82,82,82],"card_choices":[{"not_picked":["Beam Cell","Hologram"],"picked":"Double Energy","floor":1},{"not_picked":["Ball Lightning","Reinforced Body"],"picked":"Skim","floor":2},{"not_picked":["Conserve Battery","Redo"],"picked":"Genetic Algorithm","floor":7},{"not_picked":["Chaos","Hologram"],"picked":"Static Discharge","floor":8},{"not_picked":["Stack","Hello World","Fusion"],"picked":"SKIP","floor":10},{"not_picked":["Redo","Compile Driver","Amplify"],"picked":"SKIP","floor":11},{"not_picked":["Coolheaded","Sweeping Beam"],"picked":"Go for the Eyes","floor":14},{"not_picked":["Multi-Cast","Thunder Strike"],"picked":"Machine Learning","floor":16},{"not_picked":["Sweeping Beam","Redo","Streamline"],"picked":"SKIP","floor":18},{"not_picked":["Cold Snap+1","Beam Cell","Go for the Eyes"],"picked":"SKIP","floor":19},{"not_picked":["Redo","Ball Lightning"],"picked":"Static Discharge","floor":22},{"not_picked":["Reprogram","Blizzard+1"],"picked":"All For One","floor":23},{"not_picked":["Chaos+1","White Noise+1","Steam"],"picked":"SKIP","floor":25}],"player_experience":28797,"relics_obtained":[{"floor":7,"key":"Meat on the Bone"},{"floor":9,"key":"Strawberry"},{"floor":11,"key":"Incense Burner"},{"floor":23,"key":"Anchor"},{"floor":25,"key":"Bronze Scales"},{"floor":26,"key":"Potion Belt"}],"event_choices":[{"damage_healed":0,"gold_gain":0,"player_choice":"Take Damage","damage_taken":18,"relics_obtained":["Golden Idol"],"max_hp_gain":0,"max_hp_loss":0,"event_name":"Golden Idol","floor":4,"gold_loss":0},{"damage_healed":0,"gold_gain":0,"player_choice":"Left Gold","damage_taken":0,"max_hp_gain":0,"max_hp_loss":0,"event_name":"World of Goop","floor":5,"gold_loss":28},{"damage_healed":0,"gold_gain":0,"player_choice":"Ignored","damage_taken":0,"max_hp_gain":0,"max_hp_loss":0,"event_name":"Liars Game","floor":12,"gold_loss":0},{"damage_healed":0,"gold_gain":0,"player_choice":"Ignored","damage_taken":0,"max_hp_gain":0,"max_hp_loss":0,"event_name":"Ghosts","floor":20,"gold_loss":0},{"damage_healed":33,"gold_gain":0,"player_choice":"Full Heal","damage_taken":0,"max_hp_gain":0,"max_hp_loss":0,"event_name":"Wheel of Change","floor":21,"gold_loss":0},{"damage_healed":0,"gold_gain":0,"player_choice":"Obtained Relic","damage_taken":0,"relics_obtained":["Juzu Bracelet"],"max_hp_gain":0,"max_hp_loss":0,"event_name":"Addict","floor":24,"gold_loss":85},{"damage_healed":0,"gold_gain":0,"player_choice":"Read","damage_taken":0,"max_hp_gain":0,"max_hp_loss":0,"event_name":"The Library","floor":27,"gold_loss":0,"cards_obtained":["Force Field"]},{"damage_healed":0,"gold_gain":0,"player_choice":"Ignored","damage_taken":0,"max_hp_gain":0,"max_hp_loss":0,"event_name":"NoteForYourself","floor":28,"gold_loss":0}],"is_beta":false,"boss_relics":[{"not_picked":["Lizard Tail","Inserter"],"picked":"Snecko Eye"}],"items_purged_floors":[],"is_endless":false,"potions_floor_spawned":[7,10,16,19,22,23],"killed_by":"Chosen and Byrds","ascension_level":0}