{"gold_per_floor":[117,38,38,38,50,50,76,90,117,143,68,68,68,9,9,83,83,96,115,15,27,27,27,41,41,67,87,87,87,106,133,133,210,210,222,234,21,39,39,39,59,59,59,59,70,84,84,101,101,101],"floor_reached":50,"playtime":1857,"items_purged":["Strike_G","Tactician+1"],"score":873,"play_id":"d1bd5ee4-a261-428d-a655-51d15af1e504","local_time":"20190113150022","is_ascension_mode":true,"campfire_choices":[{"data":"Poisoned Stab","floor":6,"key":"SMITH"},{"floor":12,"key":"REST"},{"data":"Poisoned Stab","floor":15,"key":"SMITH"},{"data":"Cloak And Dagger","floor":23,"key":"SMITH"},{"floor":29,"key":"REST"},{"floor":32,"key":"REST"},{"floor":40,"key":"REST"},{"floor":42,"key":"REST"},{"floor":44,"key":"REST"},{"floor":49,"key":"REST"}],"neow_cost":"NONE","seed_source_timestamp":1728791185073,"circlet_count":0,"master_deck":["AscendersBane","Defend_G","Defend_G","Defend_G","Defend_G","Defend_G","Strike_G","Survivor","Neutralize","Sucker Punch","Dash+1","Footwork","Poisoned Stab+1","Dodge and Roll","Adrenaline","Poisoned Stab+1","Poisoned Stab","Doppelganger+1","Venomology+1","Deflect","Cloak And Dagger","Cloak And Dagger+1","Well Laid Plans+1","Corpse Explosion","Backflip","Escape Plan+1","Escape Plan","Footwork+1"],"relics":["Ring of the Snake","Bronze Scales","Oddly Smooth Stone","Frozen Egg 2","Kunai","Astrolabe","Strawberry","Ancient Tea Set","Philosopher\u0027s Stone","Toy Ornithopter","Bottled Lightning"],"potions_floor_usage":[18,19,21,21,24,27,27,31,31,31,33,38,38,38,41,41,45,45,46,48,48],"damage_taken":[{"damage":0,"enemies":"2 Louse","floor":1,"turns":2},{"damage":0,"enemies":"Jaw Worm","floor":5,"turns":4},{"damage":16,"enemies":"3 Sentries","floor":7,"turns":11},{"damage":0,"enemies":"Small Slimes","floor":8,"turns":3},{"damage":18,"enemies":"Lagavulin","floor":10,"turns":8},{"damage":13,"enemies":"The Guardian","floor":16,"turns":10},{"damage":0,"enemies":"3 Byrds","floor":18,"turns":3},{"damage":0,"enemies":"2 Thieves","floor":19,"turns":5},{"damage":9,"enemies":"Centurion and Healer","floor":21,"turns":10},{"damage":9,"enemies":"Snecko","floor":24,"turns":6},{"damage":5,"enemies":"Shelled Parasite and Fungi","floor":27,"turns":5},{"damage":0,"enemies":"Chosen and Byrds","floor":30,"turns":5},{"damage":11,"enemies":"Gremlin Leader","floor":31,"turns":11},{"damage":41,"enemies":"Automaton","floor":33,"turns":16},{"damage":13,"enemies":"3 Darklings","floor":35,"turns":3},{"damage":0,"enemies":"Orb Walker","floor":36,"turns":4},{"damage":46,"enemies":"Transient","floor":38,"turns":6},{"damage":39,"enemies":"Maw","floor":41,"turns":8},{"damage":23,"enemies":"Spire Growth","floor":45,"turns":6},{"damage":34,"enemies":"Writhing Mass","floor":46,"turns":8},{"damage":0,"enemies":"Sphere and 2 Shapes","floor":48,"turns":4},{"damage":48,"enemies":"Time Eater","floor":50,"turns":4}],"seed_played":"3164499822480018727","potions_obtained":[{"floor":7,"key":"Energy Potion"},{"floor":10,"key":"Poison Potion"},{"floor":19,"key":"EntropicBrew"},{"floor":24,"key":"Weak Potion"},{"floor":38,"key":"Block Potion"},{"floor":41,"key":"Swift Potion"},{"floor":46,"key":"Energy Potion"},{"floor":48,"key":"SpeedPotion"}],"is_trial":false,"path_per_floor":["M","$","?","?","M","R","E","M","T","E","$","R","T","$","R","B",null,"M","M","$","M","?","R","M","?","T","M","?","R","M","E","R","B",null,"M","M","$","M","?","R","M","R","T","R","M","M","?","M","R","B"],"character_chosen":"THE_SILENT","items_purchased":["Footwork","Poisoned Stab","Toy Ornithopter"],"campfire_rested":7,"item_purchase_floors":[2,14,37],"current_hp_per_floor":[59,59,59,59,59,59,43,43,43,25,25,44,44,44,44,31,57,57,57,57,48,48,48,39,39,46,41,31,52,52,41,62,21,60,47,47,47,16,16,37,8,29,29,50,37,8,8,23,43,0],"gold":101,"neow_bonus":"THREE_CARDS","is_prod":false,"is_daily":false,"chose_seed":false,"campfire_upgraded":3,"win_rate":0,"timestamp":1547391622,"path_taken":["M","$","?","?","M","R","E","M","T","E","?","R","?","$","R","BOSS","M","M","$","M","?","R","M","?","T","M","?","R","M","E","R","BOSS","M","M","$","M","?","R","M","R","T","R","M","M","?","M","R","BOSS"],"build_version":"2019-01-10","purchased_purges":2,"victory":false,"max_hp_per_floor":[66,66,66,66,66,66,66,66,66,66,66,66,66,66,66,66,66,66,66,66,66,66,66,66,66,73,73,73,73,73,73,73,73,73,73,73,73,73,73,73,73,73,73,73,73,73,69,69,69,69],"card_choices":[{"not_picked":["Setup","Finisher"],"picked":"Sucker Punch","floor":0},{"not_picked":["Outmaneuver","Flying Knee"],"picked":"Dash","floor":1},{"not_picked":["Prepared","Quick Slash"],"picked":"Poisoned Stab","floor":5},{"not_picked":["Finisher","Prepared"],"picked":"Dodge and Roll","floor":7},{"not_picked":["Blade Dance","Underhanded Strike"],"picked":"Adrenaline","floor":8},{"not_picked":["Cloak And Dagger","Infinite Blades"],"picked":"Poisoned Stab","floor":10},{"not_picked":["PiercingWail","Eviscerate"],"picked":"Deflect","floor":18},{"not_picked":["Flying Knee","Dodge and Roll"],"picked":"Cloak And Dagger","floor":19},{"not_picked":["Masterful Stab+1","Sucker Punch"],"picked":"Cloak And Dagger","floor":21},{"not_picked":["Crippling Poison","Dodge and Roll"],"picked":"Well Laid Plans+1","floor":24},{"not_picked":["Poisoned Stab","Sucker Punch","Blade Dance"],"picked":"SKIP","floor":27},{"not_picked":["Riddle With Holes","Expertise","PiercingWail"],"picked":"SKIP","floor":30},{"not_picked":["Wraith Form v2+1","Sucker Punch","Dagger Spray"],"picked":"SKIP","floor":31},{"not_picked":["Unload","Burst"],"picked":"Corpse Explosion","floor":33},{"not_picked":["Blade Dance+1","Bane+1"],"picked":"Backflip","floor":35},{"not_picked":["Flying Knee+1","Distraction+1","Choke+1"],"picked":"SKIP","floor":36},{"not_picked":["Prepared","Acrobatics"],"picked":"Escape Plan+1","floor":38},{"not_picked":["Quick Slash","Sucker Punch"],"picked":"Escape Plan","floor":41},{"not_picked":["Outmaneuver","Cloak And Dagger","Deflect"],"picked":"SKIP","floor":45},{"not_picked":["Outmaneuver+1","Slice","Choke"],"picked":"SKIP","floor":46},{"not_picked":["Escape Plan","Blade Dance+1"],"picked":"Footwork+1","floor":48}],"player_experience":380140,"relics_obtained":[{"floor":7,"key":"Bronze Scales"},{"floor":9,"key":"Oddly Smooth Stone"},{"floor":10,"key":"Frozen Egg 2"},{"floor":13,"key":"Kunai"},{"floor":26,"key":"Strawberry"},{"floor":31,"key":"Ancient Tea Set"},{"floor":43,"key":"Bottled Lightning"}],"event_choices":[{"damage_healed":0,"gold_gain":0,"player_choice":"Grow","damage_taken":0,"max_hp_gain":0,"max_hp_loss":0,"event_name":"Living Wall","floor":3,"gold_loss":0,"cards_upgraded":["Dash"]},{"damage_healed":0,"gold_gain":0,"player_choice":"Ignored","damage_taken":0,"max_hp_gain":0,"max_hp_loss":0,"event_name":"Golden Idol","floor":4,"gold_loss":0},{"damage_healed":0,"gold_gain":0,"player_choice":"Ignored","damage_taken":0,"max_hp_gain":0,"max_hp_loss":0,"event_name":"The Mausoleum","floor":22,"gold_loss":0},{"damage_healed":0,"gold_gain":0,"player_choice":"Ignored","damage_taken":0,"max_hp_gain":0,"max_hp_loss":0,"event_name":"Vampires","floor":25,"gold_loss":0},{"damage_healed":0,"gold_gain":0,"player_choice":"Damaged","damage_taken":10,"max_hp_gain":0,"max_hp_loss":0,"event_name":"Wheel of Change","floor":28,"gold_loss":0},{"damage_healed":0,"gold_gain":0,"player_choice":"Memory 1","damage_taken":0,"max_hp_gain":0,"max_hp_loss":0,"event_name":"SensoryStone","floor":39,"gold_loss":0},{"damage_healed":0,"gold_gain":0,"player_choice":"Max HP","damage_taken":0,"max_hp_gain":0,"max_hp_loss":4,"event_name":"Winding Halls","floor":47,"gold_loss":0}],"is_beta":false,"boss_relics":[{"not_picked":["Ring of the Serpent","Cursed Key"],"picked":"Astrolabe"},{"not_picked":["Coffee Dripper","Orrery"],"picked":"Philosopher\u0027s Stone"}],"items_purged_floors":[11,20],"is_endless":false,"potions_floor_spawned":[7,10,18,19,24,38,41,46,48],"killed_by":"Time Eater","ascension_level":17}