{"gold_per_floor":[111,0,10,10,29,56,56,73,73,73,103,28,42,52,52,52],"floor_reached":16,"playtime":548,"items_purged":["Strike_R"],"score":213,"play_id":"46682b23-b833-48eb-9ac9-b1893aa4ff1d","local_time":"20190115214939","is_ascension_mode":true,"campfire_choices":[{"floor":7,"key":"REST"},{"data":"Spot Weakness","floor":10,"key":"SMITH"},{"data":"Combust","floor":15,"key":"SMITH"}],"neow_cost":"NONE","seed_source_timestamp":13654900421825,"circlet_count":0,"master_deck":["AscendersBane","Strike_R","Strike_R","Strike_R","Strike_R","Defend_R","Defend_R","Defend_R","Defend_R","Bash","Reaper","Shrug It Off","Feel No Pain","Battle Trance","Spot Weakness+1","Twin Strike","Combust+1","Uppercut","Disarm"],"relics":["Burning Blood","Gambling Chip","Ice Cream","Bird Faced Urn"],"potions_floor_usage":[6,6,8,16,16],"damage_taken":[{"damage":15,"enemies":"Small Slimes","floor":1,"turns":4},{"damage":25,"enemies":"Cultist","floor":3,"turns":6},{"damage":13,"enemies":"Jaw Worm","floor":5,"turns":4},{"damage":53,"enemies":"Gremlin Nob","floor":6,"turns":5},{"damage":5,"enemies":"Blue Slaver","floor":8,"turns":4},{"damage":26,"enemies":"3 Sentries","floor":11,"turns":9},{"damage":53,"enemies":"Large Slime","floor":13,"turns":10},{"damage":35,"enemies":"Exordium Wildlife","floor":14,"turns":5},{"damage":51,"enemies":"Slime Boss","floor":16,"turns":6}],"seed_played":"-6891551251806761138","potions_obtained":[{"floor":3,"key":"PowerPotion"},{"floor":4,"key":"SkillPotion"},{"floor":4,"key":"Block Potion"},{"floor":6,"key":"Energy Potion"},{"floor":8,"key":"BloodPotion"},{"floor":13,"key":"Dexterity Potion"}],"is_trial":false,"path_per_floor":["M","$","M","?","M","E","R","M","T","R","E","$","M","M","R","B"],"character_chosen":"IRONCLAD","items_purchased":["Feel No Pain","Battle Trance"],"campfire_rested":1,"item_purchase_floors":[2,2],"current_hp_per_floor":[65,65,50,50,53,10,32,40,40,40,56,56,43,40,40,0],"gold":52,"neow_bonus":"ONE_RANDOM_RARE_CARD","is_prod":false,"is_daily":false,"chose_seed":false,"campfire_upgraded":2,"win_rate":0,"timestamp":1547588979,"path_taken":["M","$","M","?","?","E","R","?","T","R","E","?","M","?","R","BOSS"],"build_version":"2019-01-10","purchased_purges":1,"victory":false,"max_hp_per_floor":[75,75,75,75,75,75,75,75,75,75,75,75,75,75,75,75],"card_choices":[{"not_picked":["Twin Strike","Evolve"],"picked":"Shrug It Off","floor":1},{"not_picked":["Evolve","Burning Pact"],"picked":"Spot Weakness","floor":3},{"not_picked":["Headbutt","Barricade"],"picked":"Twin Strike","floor":5},{"not_picked":["Heavy Blade","Sever Soul"],"picked":"Combust","floor":6},{"not_picked":["Infernal Blade","Sever Soul","Heavy Blade"],"picked":"SKIP","floor":8},{"not_picked":["Dual Wield","Perfected Strike"],"picked":"Uppercut","floor":11},{"not_picked":["Iron Wave","Clothesline","Flex"],"picked":"SKIP","floor":13},{"not_picked":["Thunderclap","Inflame"],"picked":"Disarm","floor":14}],"player_experience":393785,"relics_obtained":[{"floor":6,"key":"Gambling Chip"},{"floor":9,"key":"Ice Cream"},{"floor":11,"key":"Bird Faced Urn"}],"event_choices":[{"damage_healed":0,"gold_gain":0,"player_choice":"Got Potions","damage_taken":0,"max_hp_gain":0,"max_hp_loss":0,"event_name":"Lab","floor":4,"gold_loss":0}],"is_beta":false,"boss_relics":[],"items_purged_floors":[12],"is_endless":false,"potions_floor_spawned":[3,5,6,8,13],"killed_by":"Slime Boss","ascension_level":18}