{"gold_per_floor":[112,34,34,34,54,54,54,89,89,42,61,61,11,128,128,257,257,282,332,347,347],"floor_reached":21,"playtime":826,"items_purged":[],"score":202,"play_id":"0e170786-9f6b-4c09-8406-5f3aa066bc56","local_time":"20190123225518","is_ascension_mode":false,"campfire_choices":[{"data":"Slimebound:Split","floor":7,"key":"SMITH"},{"data":"Slimebound:RejuvenatingLick","floor":12,"key":"SMITH"},{"data":"Slimebound:VenomTackle","floor":15,"key":"SMITH"}],"neow_cost":"NONE","seed_source_timestamp":1236445605193500,"circlet_count":0,"master_deck":["Slimebound:Strike_Slimebound","Slimebound:Strike_Slimebound","Slimebound:Strike_Slimebound","Slimebound:Defend_Slimebound","Slimebound:Defend_Slimebound","Slimebound:Defend_Slimebound","Slimebound:Defend_Slimebound","Slimebound:Split+1","Slimebound:CorrosiveSpit","Slimebound:SplitBruiser","Slimebound:StrayGoop","Slimebound:Lick","Slimebound:LeechEnergy","Slimebound:RejuvenatingLick+1","Slimebound:VenomTackle+1","Slimebound:DivideAndConquer","Slimebound:ComboTackle","Slimebound:SuperSplit","Slimebound:GoopSpray","Slimebound:PoisonLick"],"relics":["Slimebound:AbsorbEndCombat","NeowsBlessing","Golden Idol","Happy Flower","Ancient Tea Set","Ring of Chaos"],"potions_floor_usage":[21,21],"damage_taken":[{"damage":3,"enemies":"Small Slimes","floor":1,"turns":1},{"damage":6,"enemies":"2 Louse","floor":5,"turns":2},{"damage":3,"enemies":"Gremlin Nob","floor":8,"turns":1},{"damage":12,"enemies":"Jaw Worm","floor":11,"turns":4},{"damage":28,"enemies":"Lots of Slimes","floor":14,"turns":3},{"damage":64,"enemies":"Hexaghost","floor":16,"turns":8},{"damage":26,"enemies":"Chosen","floor":18,"turns":4},{"damage":44,"enemies":"3 Byrds","floor":20,"turns":4},{"damage":49,"enemies":"Colosseum Slavers","floor":21,"turns":4},{"damage":62,"enemies":"Colosseum Nobs","floor":21,"turns":3}],"seed_played":"-3705697326410514252","potions_obtained":[{"floor":11,"key":"Weak Potion"},{"floor":14,"key":"Dexterity Potion"},{"floor":16,"key":"EssenceOfSteel"}],"is_trial":false,"path_per_floor":["M","$","?","?","M","?","R","E","T","$","M","R","$","M","R","B",null,"M","?","M","?"],"character_chosen":"SLIMEBOUND","items_purchased":["Slimebound:StrayGoop","Slimebound:RejuvenatingLick","Slimebound:DivideAndConquer"],"campfire_rested":0,"item_purchase_floors":[2,10,13],"current_hp_per_floor":[70,70,70,70,70,65,65,65,65,65,65,65,65,52,52,29,65,65,65,56,0],"gold":347,"neow_bonus":"THREE_ENEMY_KILL","is_prod":false,"is_daily":false,"chose_seed":false,"campfire_upgraded":3,"win_rate":0.0,"timestamp":1548302118,"path_taken":["M","$","?","?","M","?","R","E","T","$","M","R","?","?","R","BOSS","M","?","?","?"],"build_version":"2019-01-23","purchased_purges":0,"victory":false,"max_hp_per_floor":[70,70,70,70,70,65,65,65,65,65,65,65,65,65,65,65,65,65,65,65,65],"card_choices":[{"not_picked":["Slimebound:FinishingTackle","Slimebound:PressTheAttack"],"picked":"Slimebound:SplitBruiser","floor":1},{"not_picked":["Slimebound:TendrilStrike","Slimebound:SplitLeeching"],"picked":"Slimebound:Lick","floor":5},{"not_picked":["Slimebound:SplitLeeching","Slimebound:LivingWall"],"picked":"Slimebound:LeechEnergy","floor":8},{"not_picked":["Slimebound:ItLooksTasty","Slimebound:RejuvenatingLick"],"picked":"Slimebound:VenomTackle","floor":11},{"not_picked":["Slimebound:Lick","Slimebound:VenomTackle"],"picked":"Slimebound:ComboTackle","floor":14},{"not_picked":["Slimebound:WasteNot","Slimebound:StudyTheSpire"],"picked":"Slimebound:SuperSplit","floor":16},{"not_picked":["Slimebound:ViciousTackle+1","Slimebound:GoopTackle"],"picked":"Slimebound:GoopSpray","floor":18},{"not_picked":["Slimebound:VenomTackle+1","Slimebound:LeechEnergy+1"],"picked":"Slimebound:PoisonLick","floor":20}],"player_experience":1173841,"relics_obtained":[{"floor":8,"key":"Happy Flower"},{"floor":9,"key":"Ancient Tea Set"}],"event_choices":[{"damage_healed":0,"gold_gain":0,"player_choice":"Leave","damage_taken":0,"max_hp_gain":0,"max_hp_loss":0,"event_name":"The Cleric","floor":4,"gold_loss":0},{"damage_healed":0,"gold_gain":0,"player_choice":"Lose Max HP","damage_taken":0,"relics_obtained":["Golden Idol"],"max_hp_gain":0,"max_hp_loss":5,"event_name":"Golden Idol","floor":6,"gold_loss":0},{"damage_healed":0,"gold_gain":100,"player_choice":"Bet on Murderer","damage_taken":0,"max_hp_gain":0,"max_hp_loss":0,"event_name":"The Joust","floor":19,"gold_loss":50},{"damage_healed":0,"gold_gain":0,"player_choice":"Fight","damage_taken":0,"max_hp_gain":0,"max_hp_loss":0,"event_name":"Colosseum","floor":21,"gold_loss":0},{"damage_healed":0,"gold_gain":0,"player_choice":"Fought Nobs","damage_taken":0,"max_hp_gain":0,"max_hp_loss":0,"event_name":"Colosseum","floor":21,"gold_loss":0}],"is_beta":true,"boss_relics":[{"not_picked":["Replay:Drink Me","Black Star"],"picked":"Ring of Chaos"}],"items_purged_floors":[],"is_endless":false,"potions_floor_spawned":[11,14,16,20],"killed_by":"Colosseum Nobs","ascension_level":0}