{"gold_per_floor":[109,109,126,144,154,187,187,202,256,270,270,289,289,249,249,347,347,361,374,13,27,45,45,45,61,88,104,104,121,149,167,167,167],"floor_reached":33,"playtime":3062,"items_purged":["Strike_G"],"score":289,"play_id":"205ed698-6fd6-48b9-bfb7-049556f3518a","local_time":"20180816024920","is_ascension_mode":true,"campfire_choices":[{"floor":7,"key":"REST"},{"floor":11,"key":"REST"},{"floor":13,"key":"REST"},{"data":"Terror","floor":15,"key":"SMITH"},{"floor":23,"key":"REST"},{"data":"Eviscerate","floor":28,"key":"SMITH"},{"floor":32,"key":"REST"}],"neow_cost":"NONE","seed_source_timestamp":874307655421871,"circlet_count":0,"master_deck":["Defend_G","Defend_G","Defend_G","Defend_G","Defend_G","Strike_G","Strike_G","Strike_G","Strike_G","Survivor","Neutralize+1","Sucker Punch+1","Backflip","Terror+1","Quick Slash","Caltrops","Acrobatics","Adrenaline","Flying Knee","Tools of the Trade","Eviscerate+1","Predator","Thinking Ahead","Flying Knee","Dagger Spray+1","Backflip","Blur+1","Slice+1"],"relics":["Philosopher\u0027s Stone","Potion Belt","Centennial Puzzle","Busted Crown","Anchor","Shuriken"],"potions_floor_usage":[16,16,29,30,30,30,33],"damage_taken":[{"damage":0,"enemies":"Small Slimes","floor":1,"turns":4},{"damage":0,"enemies":"Cultist","floor":3,"turns":4},{"damage":4,"enemies":"2 Louse","floor":4,"turns":3},{"damage":1,"enemies":"Red Slaver","floor":5,"turns":2},{"damage":25,"enemies":"3 Sentries","floor":6,"turns":8},{"damage":16,"enemies":"3 Louse","floor":8,"turns":3},{"damage":4,"enemies":"Looter","floor":10,"turns":3},{"damage":22,"enemies":"Gremlin Gang","floor":12,"turns":5},{"damage":40,"enemies":"The Guardian","floor":16,"turns":7},{"damage":1,"enemies":"Chosen","floor":18,"turns":3},{"damage":15,"enemies":"Spheric Guardian","floor":19,"turns":5},{"damage":14,"enemies":"Centurion and Healer","floor":21,"turns":5},{"damage":5,"enemies":"Chosen and Byrds","floor":22,"turns":5},{"damage":8,"enemies":"Snake Plant","floor":25,"turns":3},{"damage":7,"enemies":"Cultist and Chosen","floor":27,"turns":6},{"damage":30,"enemies":"Sentry and Sphere","floor":29,"turns":4},{"damage":6,"enemies":"Book of Stabbing","floor":30,"turns":5},{"damage":0,"enemies":"Centurion and Healer","floor":31,"turns":3},{"damage":34,"enemies":"Collector","floor":33,"turns":3}],"seed_played":"6642687988574994764","potions_obtained":[{"floor":5,"key":"Regen Potion"},{"floor":6,"key":"Weak Potion"},{"floor":10,"key":"Fire Potion"},{"floor":14,"key":"Dexterity Potion"},{"floor":14,"key":"PowerPotion"},{"floor":14,"key":"LiquidBronze"},{"floor":19,"key":"SpeedPotion"},{"floor":25,"key":"SteroidPotion"},{"floor":30,"key":"SneckoOil"}],"is_trial":false,"path_per_floor":["M","?","M","M","M","E","R","M","T","M","R","M","R","?","R","B",null,"M","M","$","M","M","R","?","M","T","M","R","M","E","M","R"],"character_chosen":"THE_SILENT","items_purchased":["Predator","Thinking Ahead"],"campfire_rested":5,"item_purchase_floors":[20,20],"current_hp_per_floor":[70,56,56,52,51,26,47,31,31,27,48,26,47,47,47,22,70,69,54,54,40,35,56,56,48,48,41,41,11,5,5,26,0],"gold":167,"neow_bonus":"BOSS_RELIC","is_prod":false,"is_daily":false,"chose_seed":false,"campfire_upgraded":2,"win_rate":0,"timestamp":1534405760,"path_taken":["M","?","M","M","M","E","R","M","T","M","R","?","R","?","R","BOSS","M","M","$","M","M","R","?","M","T","M","R","M","E","?","R","BOSS"],"build_version":"2018-08-09","purchased_purges":1,"victory":false,"max_hp_per_floor":[70,70,70,70,70,70,70,70,70,70,70,70,70,70,70,70,70,70,70,70,70,70,70,70,70,70,70,70,70,70,70,70,70],"card_choices":[{"not_picked":["Underhanded Strike","Blade Dance"],"picked":"Sucker Punch","floor":1},{"not_picked":["Quick Slash","Well Laid Plans"],"picked":"Backflip","floor":3},{"not_picked":["Sucker Punch","Escape Plan"],"picked":"Terror","floor":4},{"not_picked":["Backflip","Masterful Stab"],"picked":"Quick Slash","floor":5},{"not_picked":["PiercingWail","Acrobatics"],"picked":"Caltrops","floor":6},{"not_picked":["Dagger Throw","Flechettes"],"picked":"Acrobatics","floor":8},{"not_picked":["Acrobatics","Slice"],"picked":"Adrenaline","floor":10},{"not_picked":["Prepared","Underhanded Strike"],"picked":"Flying Knee","floor":12},{"not_picked":["Phantasmal Killer","Envenom"],"picked":"Tools of the Trade","floor":16},{"not_picked":["Heel Hook"],"picked":"SKIP","floor":18},{"not_picked":[],"picked":"Eviscerate","floor":19},{"not_picked":[],"picked":"Flying Knee","floor":21},{"not_picked":[],"picked":"Dagger Spray+1","floor":22},{"not_picked":[],"picked":"Backflip","floor":25},{"not_picked":["Bouncing Flask"],"picked":"SKIP","floor":27},{"not_picked":[],"picked":"Blur+1","floor":29},{"not_picked":[],"picked":"Slice+1","floor":30},{"not_picked":["Sucker Punch"],"picked":"SKIP","floor":31}],"player_experience":88970,"relics_obtained":[{"floor":6,"key":"Potion Belt"},{"floor":9,"key":"Centennial Puzzle"},{"floor":26,"key":"Anchor"},{"floor":30,"key":"Shuriken"}],"event_choices":[{"event_name":"Shining Light","player_choice":"Entered Light","floor":2,"damage_taken":0},{"event_name":"The Woman in Blue","player_choice":"Bought 3 Potions","floor":14,"damage_taken":0},{"event_name":"Beggar","player_choice":"Ignored","floor":24,"damage_taken":0}],"is_beta":false,"boss_relics":[{"not_picked":["Tiny House","Snecko Eye"],"picked":"Busted Crown"}],"items_purged_floors":[20],"is_endless":false,"potions_floor_spawned":[5,6,10,19,25,30],"killed_by":"Collector","ascension_level":1}