{"gold_per_floor":[114,23,23,23,23,23,37,37,37,52,52,91,115,130,130,256,256,276,276,276,292,311,311,324,47,47,47,47,47,70,70,70,196,196,214,227,127,127,145,145,165,189,189,189,0,0,0,24,24,24],"floor_reached":51,"playtime":1008,"items_purged":["Strike_R","Strike_R"],"score":695,"play_id":"f72bce74-a332-4bb3-a994-78516e7b5394","local_time":"20180903005805","is_ascension_mode":false,"campfire_choices":[{"data":"Shrug It Off","floor":6,"key":"SMITH"},{"data":"Defend_R","floor":8,"key":"SMITH"},{"data":"Bash","floor":15,"key":"SMITH"},{"data":"Double Tap","floor":23,"key":"SMITH"},{"data":"Shrug It Off","floor":27,"key":"SMITH"},{"data":"Defend_R","floor":32,"key":"SMITH"},{"data":"Brutality","floor":40,"key":"SMITH"},{"floor":44,"key":"REST"},{"floor":49,"key":"REST"}],"neow_cost":"TEN_PERCENT_HP_LOSS","seed_source_timestamp":37238341440665,"circlet_count":0,"master_deck":["Defend_R","Defend_R+1","Bash+1","Offering+1","Thunderclap+1","Shrug It Off+1","Rampage+1","Double Tap+1","Offering+1","Shrug It Off+1","Brutality+1"],"relics":["Burning Blood","Golden Idol","Paper Frog","Happy Flower","Anchor","Empty Cage","Lee\u0027s Waffle","Meat on the Bone","Runic Cube","Lantern","Red Mask"],"potions_floor_usage":[],"damage_taken":[{"damage":7,"enemies":"Jaw Worm","floor":1,"turns":3},{"damage":0,"enemies":"2 Louse","floor":7,"turns":3},{"damage":0,"enemies":"Small Slimes","floor":10,"turns":3},{"damage":15,"enemies":"3 Sentries","floor":12,"turns":6},{"damage":1,"enemies":"Looter","floor":14,"turns":4},{"damage":31,"enemies":"Hexaghost","floor":16,"turns":7},{"damage":6,"enemies":"2 Thieves","floor":18,"turns":2},{"damage":12,"enemies":"Shell Parasite","floor":21,"turns":2},{"damage":14,"enemies":"Snake Plant","floor":22,"turns":4},{"damage":12,"enemies":"Sentry and Sphere","floor":24,"turns":4},{"damage":10,"enemies":"Snecko","floor":30,"turns":4},{"damage":53,"enemies":"Automaton","floor":33,"turns":7},{"damage":8,"enemies":"3 Darklings","floor":35,"turns":3},{"damage":19,"enemies":"Orb Walker","floor":36,"turns":3},{"damage":15,"enemies":"Spire Growth","floor":39,"turns":4},{"damage":10,"enemies":"Transient","floor":41,"turns":5},{"damage":8,"enemies":"3 Darklings","floor":42,"turns":3},{"damage":12,"enemies":"Spire Growth","floor":48,"turns":1},{"damage":45,"enemies":"Awakened One","floor":50,"turns":5}],"seed_played":"2758495714715018322","potions_obtained":[{"floor":7,"key":"Dexterity Potion"},{"floor":10,"key":"Strength Potion"},{"floor":18,"key":"Block Potion"},{"floor":38,"key":"GamblersBrew"},{"floor":38,"key":"Fire Potion"}],"is_trial":false,"path_per_floor":["M","$","?","?","?","R","M","R","T","M","?","E","T","M","R","B",null,"M","?","?","M","M","R","M","$","T","R","$","?","M","$","R","B",null,"M","M","$","?","M","R","M","M","T","R","?","?","$","M","R","B"],"character_chosen":"IRONCLAD","items_purchased":["Shrug It Off","Rampage","Lee\u0027s Waffle"],"campfire_rested":2,"item_purchase_floors":[2,2,25],"current_hp_per_floor":[71,71,57,57,57,57,63,63,63,67,72,63,63,68,68,43,72,72,72,72,66,58,58,52,79,79,79,79,79,75,75,75,40,79,77,64,64,64,55,55,51,49,49,72,72,72,72,66,79,52],"gold":24,"neow_bonus":"TRANSFORM_TWO_CARDS","is_prod":false,"is_daily":false,"chose_seed":false,"campfire_upgraded":7,"win_rate":0,"timestamp":1535932685,"path_taken":["M","$","?","?","?","R","M","R","T","?","?","E","?","?","R","BOSS","M","?","?","M","M","R","M","$","T","R","$","?","?","$","R","BOSS","M","M","$","?","M","R","M","M","T","R","?","?","?","M","R","BOSS"],"build_version":"2018-08-30","purchased_purges":2,"victory":true,"max_hp_per_floor":[72,72,72,67,67,67,67,67,67,67,72,72,72,72,72,72,72,72,72,72,72,72,72,72,79,79,79,79,79,79,79,79,79,79,79,79,79,79,79,79,79,79,79,79,79,79,79,79,79,79],"card_choices":[{"not_picked":["Heavy Blade","Dual Wield","True Grit"],"picked":"SKIP","floor":1},{"not_picked":["Twin Strike","Body Slam","Clothesline"],"picked":"SKIP","floor":7},{"not_picked":["Armaments","Clothesline","Clash"],"picked":"SKIP","floor":10},{"not_picked":["Rage","Body Slam","Limit Break"],"picked":"SKIP","floor":12},{"not_picked":["Feel No Pain","Heavy Blade","True Grit"],"picked":"SKIP","floor":14},{"not_picked":["Demon Form","Juggernaut"],"picked":"Double Tap","floor":16},{"not_picked":["Thunderclap","Intimidate","Flame Barrier"],"picked":"SKIP","floor":18},{"not_picked":["Clothesline","Cleave+1","Dropkick"],"picked":"SKIP","floor":21},{"not_picked":["Perfected Strike","Fire Breathing","True Grit"],"picked":"SKIP","floor":22},{"not_picked":["Flex+1","Heavy Blade+1","Reckless Charge"],"picked":"SKIP","floor":24},{"not_picked":["Ghostly Armor","Blood for Blood","Uppercut"],"picked":"SKIP","floor":30},{"not_picked":["Double Tap","Offering"],"picked":"Brutality","floor":33},{"not_picked":["Heavy Blade","Corruption","Twin Strike"],"picked":"SKIP","floor":35},{"not_picked":["Iron Wave","Inflame","Bloodletting"],"picked":"SKIP","floor":36},{"not_picked":["Warcry+1","Fiend Fire","Combust+1"],"picked":"SKIP","floor":39},{"not_picked":["Seeing Red+1","Anger+1","Pommel Strike"],"picked":"SKIP","floor":42},{"not_picked":["Entrench","Clash+1","True Grit+1"],"picked":"SKIP","floor":48}],"player_experience":10591,"relics_obtained":[{"floor":9,"key":"Paper Frog"},{"floor":12,"key":"Happy Flower"},{"floor":13,"key":"Anchor"},{"floor":26,"key":"Meat on the Bone"},{"floor":43,"key":"Lantern"}],"event_choices":[{"event_name":"Shining Light","player_choice":"Entered Light","floor":3,"damage_taken":0},{"event_name":"Golden Idol","player_choice":"Lose Max HP","floor":4,"damage_taken":0},{"event_name":"Accursed Blacksmith","player_choice":"Forge","floor":5,"damage_taken":0},{"event_name":"Big Fish","player_choice":"Donut","floor":11,"damage_taken":0},{"event_name":"Duplicator","player_choice":"One dupe","floor":19,"damage_taken":0},{"event_name":"The Library","player_choice":"Read","floor":20,"damage_taken":0},{"event_name":"Cursed Tome","player_choice":"Ignored","floor":29,"damage_taken":0},{"event_name":"The Lab","player_choice":"Got Potions","floor":38,"damage_taken":0},{"event_name":"Tomb of Lord Red Mask","player_choice":"Paid","floor":45,"damage_taken":0},{"event_name":"Falling","player_choice":"Removed Skill","floor":46,"damage_taken":0}],"is_beta":false,"boss_relics":[{"not_picked":["Eternal Feather","Snecko Eye"],"picked":"Empty Cage"},{"not_picked":["Philosopher\u0027s Stone","Calling Bell"],"picked":"Runic Cube"}],"items_purged_floors":[25,37],"is_endless":false,"potions_floor_spawned":[7,10,18,24,33,39,41],"ascension_level":0}