{"gold_per_floor":[112,112,132,132,132,162,162,192,215,240,240,254,254,15,15,111,111,129,29,45,45,59,59,75,75,146,166,186,186,42,0,0,0],"floor_reached":33,"playtime":1054,"items_purged":["Strike_G","Defend_G"],"score":374,"play_id":"6396a4e8-7689-4755-bc84-7e8c8b4fe115","local_time":"20181112214208","is_ascension_mode":true,"campfire_choices":[{"data":"Slice","floor":7,"key":"SMITH"},{"data":"Dagger Spray","floor":11,"key":"SMITH"},{"data":"Thinking Ahead","floor":15,"key":"SMITH"},{"data":"Cloak And Dagger","floor":23,"key":"SMITH"},{"data":"Backflip","floor":25,"key":"SMITH"},{"data":"Dagger Throw","floor":29,"key":"SMITH"},{"floor":32,"key":"REST"}],"neow_cost":"NONE","seed_source_timestamp":10287028213171,"circlet_count":0,"master_deck":["Defend_G","Defend_G","Strike_G","Strike_G","Survivor","Neutralize+1","Backflip+1","Slice+1","Dagger Throw+1","Dagger Spray+1","Thinking Ahead+1","Cloak And Dagger+1","Dodge and Roll+1","Well Laid Plans+1","Backflip+1","Heel Hook","Leg Sweep+1"],"relics":["Ring of the Snake","NeowsBlessing","Orichalcum","Regal Pillow","Pen Nib","Omamori","Empty Cage","Toxic Egg 2"],"potions_floor_usage":[8,10,24,33,33],"damage_taken":[{"damage":0,"enemies":"Jaw Worm","floor":1,"turns":1},{"damage":0,"enemies":"2 Louse","floor":3,"turns":1},{"damage":0,"enemies":"3 Sentries","floor":6,"turns":1},{"damage":19,"enemies":"Lagavulin","floor":8,"turns":8},{"damage":12,"enemies":"Gremlin Nob","floor":10,"turns":5},{"damage":0,"enemies":"Cultist","floor":12,"turns":3},{"damage":8,"enemies":"The Guardian","floor":16,"turns":19},{"damage":0,"enemies":"3 Byrds","floor":18,"turns":3},{"damage":3,"enemies":"Chosen","floor":20,"turns":4},{"damage":3,"enemies":"Shelled Parasite and Fungi","floor":22,"turns":8},{"damage":21,"enemies":"Snake Plant","floor":24,"turns":6},{"damage":2,"enemies":"Sentry and Sphere","floor":27,"turns":5},{"damage":2,"enemies":"Centurion and Healer","floor":28,"turns":6},{"damage":95,"enemies":"Champ","floor":33,"turns":14}],"seed_played":"-217026443684309286","potions_obtained":[{"floor":6,"key":"SteroidPotion"},{"floor":8,"key":"Block Potion"},{"floor":12,"key":"FairyPotion"},{"floor":18,"key":"Energy Potion"},{"floor":24,"key":"Swift Potion"},{"floor":27,"key":"Fire Potion"}],"is_trial":false,"path_per_floor":["M","?","M","?","?","E","R","E","T","E","R","M","?","$","R","B",null,"M","$","M","?","M","R","M","R","T","M","M","R","$","?","R","B"],"character_chosen":"THE_SILENT","items_purchased":["Thinking Ahead","Heel Hook","Leg Sweep+1"],"campfire_rested":1,"item_purchase_floors":[14,30,30],"current_hp_per_floor":[63,56,56,61,61,61,61,42,42,30,30,30,30,30,30,22,62,62,62,59,59,56,56,35,35,35,33,31,31,31,31,68,0],"gold":0,"neow_bonus":"THREE_ENEMY_KILL","is_prod":false,"is_daily":false,"chose_seed":false,"campfire_upgraded":6,"win_rate":0,"timestamp":1542058928,"path_taken":["M","?","M","?","?","E","R","E","T","E","R","?","?","$","R","BOSS","M","$","M","?","?","R","M","R","T","M","M","R","$","?","R","BOSS"],"build_version":"2018-11-08","purchased_purges":2,"victory":false,"max_hp_per_floor":[70,70,70,75,75,75,75,75,75,75,75,75,75,75,75,75,75,75,75,75,75,75,75,75,75,75,75,75,75,75,75,75,75],"card_choices":[{"not_picked":["Acrobatics","Dodge and Roll"],"picked":"Backflip","floor":1},{"not_picked":["Heel Hook","Dagger Throw"],"picked":"Slice","floor":3},{"not_picked":["Outmaneuver","Masterful Stab"],"picked":"Dagger Throw","floor":6},{"not_picked":["Calculated Gamble","Acrobatics","Outmaneuver"],"picked":"SKIP","floor":8},{"not_picked":["Sucker Punch","Acrobatics"],"picked":"Dagger Spray","floor":10},{"not_picked":["Backstab","Masterful Stab","Accuracy"],"picked":"SKIP","floor":12},{"not_picked":["Dodge and Roll+1","Calculated Gamble"],"picked":"Cloak And Dagger","floor":18},{"not_picked":["Flying Knee","Endless Agony"],"picked":"Dodge and Roll+1","floor":20},{"not_picked":["Infinite Blades+1","Dagger Spray+1"],"picked":"Well Laid Plans+1","floor":22},{"not_picked":["Sucker Punch","Acrobatics","Deadly Poison"],"picked":"SKIP","floor":24},{"not_picked":["Acrobatics+1","Reflex+1"],"picked":"Backflip+1","floor":27},{"not_picked":["Deflect+1","Underhanded Strike","Infinite Blades"],"picked":"SKIP","floor":28}],"player_experience":146283,"relics_obtained":[{"floor":6,"key":"Orichalcum"},{"floor":8,"key":"Regal Pillow"},{"floor":9,"key":"Pen Nib"},{"floor":10,"key":"Omamori"},{"floor":26,"key":"Toxic Egg 2"}],"event_choices":[{"cards_removed":["Strike_G"],"damage_healed":0,"gold_gain":0,"player_choice":"Card Removal","damage_taken":7,"max_hp_gain":0,"max_hp_loss":0,"event_name":"Golden Wing","floor":2,"gold_loss":0},{"damage_healed":0,"gold_gain":0,"player_choice":"Donut","damage_taken":0,"max_hp_gain":5,"max_hp_loss":0,"event_name":"Big Fish","floor":4,"gold_loss":0},{"damage_healed":0,"gold_gain":0,"player_choice":"Forge","damage_taken":0,"max_hp_gain":0,"max_hp_loss":0,"event_name":"Accursed Blacksmith","floor":5,"gold_loss":0,"cards_upgraded":["Neutralize"]},{"damage_healed":0,"gold_gain":0,"player_choice":"Fled","damage_taken":0,"max_hp_gain":0,"max_hp_loss":0,"event_name":"Scrap Ooze","floor":13,"gold_loss":0},{"cards_removed":["Defend_G"],"damage_healed":0,"gold_gain":0,"player_choice":"Card Removal","damage_taken":0,"max_hp_gain":0,"max_hp_loss":0,"event_name":"Wheel of Change","floor":21,"gold_loss":0},{"damage_healed":0,"gold_gain":0,"player_choice":"Paid Fearfully","damage_taken":0,"max_hp_gain":0,"max_hp_loss":0,"event_name":"Masked Bandits","floor":31,"gold_loss":42}],"is_beta":false,"boss_relics":[{"not_picked":["Snecko Eye","Orrery"],"picked":"Empty Cage"}],"items_purged_floors":[14,19],"is_endless":false,"potions_floor_spawned":[6,8,12,18,24,27],"killed_by":"Champ","ascension_level":6}