{"gold_per_floor":[112,124,189,201,100,100,135,135,135,85,110,126,137,137],"floor_reached":14,"playtime":402,"items_purged":["Strike_R"],"score":99,"play_id":"ebd9e685-b970-4093-8387-35a0e2ae170c","local_time":"20180930155719","is_ascension_mode":true,"campfire_choices":[{"data":"Searing Blow","floor":6,"key":"SMITH"},{"data":"Searing Blow+1","floor":8,"key":"SMITH"}],"neow_cost":"NONE","seed_source_timestamp":4876253886818,"circlet_count":0,"master_deck":["Strike_R","Strike_R","Strike_R","Defend_R","Defend_R","Defend_R","Defend_R","Bash","Dual Wield","Searing Blow+2","Warcry","Iron Wave","Armaments","True Grit"],"relics":["Eternal Feather","Bottled Flame","Paper Frog","Boot"],"potions_floor_usage":[7],"damage_taken":[{"damage":1,"enemies":"Cultist","floor":1,"turns":3},{"damage":10,"enemies":"Small Slimes","floor":2,"turns":4},{"damage":7,"enemies":"2 Louse","floor":4,"turns":3},{"damage":24,"enemies":"3 Sentries","floor":7,"turns":8},{"damage":16,"enemies":"Red Slaver","floor":12,"turns":7},{"damage":21,"enemies":"Gremlin Gang","floor":13,"turns":7},{"damage":14,"enemies":"Lagavulin","floor":14,"turns":13}],"seed_played":"8387028500653875806","potions_obtained":[{"floor":2,"key":"Explosive Potion"},{"floor":4,"key":"Strength Potion"}],"is_trial":false,"path_per_floor":["M","M","?","M","$","R","E","R","T","?","T","M","M"],"character_chosen":"IRONCLAD","items_purchased":["Iron Wave"],"campfire_rested":0,"item_purchase_floors":[5],"current_hp_per_floor":[79,69,69,62,62,68,44,50,50,50,50,34,13,0],"gold":137,"neow_bonus":"BOSS_RELIC","is_prod":false,"is_daily":false,"chose_seed":false,"campfire_upgraded":2,"win_rate":0,"timestamp":1538319439,"path_taken":["M","?","?","M","$","R","E","R","T","?","?","M","?","E"],"build_version":"2018-09-27","purchased_purges":1,"victory":false,"max_hp_per_floor":[80,80,80,80,80,80,80,80,80,80,80,80,80,80],"card_choices":[{"not_picked":["Havoc","Wild Strike"],"picked":"Dual Wield","floor":1},{"not_picked":["Heavy Blade","Reckless Charge"],"picked":"Searing Blow","floor":2},{"not_picked":["Clash","Whirlwind"],"picked":"Warcry","floor":4},{"not_picked":["Demon Form","Sentinel"],"picked":"Armaments","floor":7},{"not_picked":["Carnage","Seeing Red"],"picked":"True Grit","floor":12},{"not_picked":["Intimidate","Shockwave","Body Slam"],"picked":"SKIP","floor":13}],"player_experience":55130,"relics_obtained":[{"floor":7,"key":"Bottled Flame"},{"floor":9,"key":"Paper Frog"},{"floor":11,"key":"Boot"}],"event_choices":[{"event_name":"Golden Wing","player_choice":"Gained Gold","floor":3,"damage_taken":0},{"event_name":"The Cleric","player_choice":"Card Removal","floor":10,"damage_taken":0}],"is_beta":false,"boss_relics":[],"items_purged_floors":[5],"is_endless":false,"potions_floor_spawned":[2,4],"killed_by":"Lagavulin","ascension_level":2}