{"gold_per_floor":[115,115,115,115,135,135,149,149,149,168,168,199,15,28,28,131,131,100,0,0,15,15,15,27,27,27,37,65,65,65],"floor_reached":30,"playtime":886,"items_purged":["Strike_G","Strike_G"],"score":384,"play_id":"b2828bfb-3a59-43df-aadc-9c6399d78067","local_time":"20181212230212","is_ascension_mode":true,"campfire_choices":[{"data":"Slice","floor":6,"key":"SMITH"},{"data":"Neutralize","floor":8,"key":"SMITH"},{"floor":11,"key":"REST"},{"floor":15,"key":"REST"},{"data":"Poisoned Stab","floor":23,"key":"SMITH"},{"data":"Well Laid Plans","floor":25,"key":"SMITH"}],"neow_cost":"PERCENT_DAMAGE","seed_source_timestamp":16093119525250,"circlet_count":0,"master_deck":["AscendersBane","Defend_G","Defend_G","Defend_G","Defend_G","Defend_G","Strike_G","Survivor","Neutralize+1","Slice+1","Cloak And Dagger","Blur","Poisoned Stab+1","Well Laid Plans+1","Escape Plan","Infinite Blades","Malaise","Poisoned Stab","Deflect","Blade Dance","Crippling Poison","Writhe"],"relics":["Ring of the Snake","Snake Skull","Oddly Smooth Stone","Pocketwatch","Du-Vu Doll","WristBlade","Tingsha","Potion Belt","Torii"],"potions_floor_usage":[18,18,28],"damage_taken":[{"damage":0,"enemies":"2 Louse","floor":1,"turns":4},{"damage":1,"enemies":"Small Slimes","floor":5,"turns":4},{"damage":1,"enemies":"Cultist","floor":7,"turns":5},{"damage":0,"enemies":"2 Fungi Beasts","floor":10,"turns":3},{"damage":4,"enemies":"Lagavulin","floor":12,"turns":8},{"damage":0,"enemies":"Blue Slaver","floor":14,"turns":3},{"damage":16,"enemies":"The Guardian","floor":16,"turns":13},{"damage":2,"enemies":"2 Thieves","floor":18,"turns":5},{"damage":6,"enemies":"Colosseum Slavers","floor":20,"turns":6},{"damage":8,"enemies":"Spheric Guardian","floor":21,"turns":5},{"damage":4,"enemies":"Snake Plant","floor":24,"turns":4},{"damage":0,"enemies":"Centurion and Healer","floor":27,"turns":7},{"damage":38,"enemies":"Slavers","floor":28,"turns":7},{"damage":12,"enemies":"Sentry and Sphere","floor":30,"turns":3}],"seed_played":"719350031678977636","potions_obtained":[{"floor":1,"key":"Energy Potion"},{"floor":10,"key":"Weak Potion"},{"floor":18,"key":"Strength Potion"},{"floor":21,"key":"Weak Potion"}],"is_trial":false,"path_per_floor":["M","?","?","?","M","R","M","R","T","M","R","E","$","M","R","B",null,"M","$","?","M","$","R","M","R","T","M","E","?","M"],"character_chosen":"THE_SILENT","items_purchased":["Escape Plan","Infinite Blades"],"campfire_rested":2,"item_purchase_floors":[13,13],"current_hp_per_floor":[45,45,12,12,11,11,10,10,10,10,31,27,27,27,48,32,61,59,59,53,45,45,45,41,41,41,41,3,3,0],"gold":65,"neow_bonus":"REMOVE_TWO","is_prod":false,"is_daily":false,"chose_seed":false,"campfire_upgraded":4,"win_rate":0,"timestamp":1544655732,"path_taken":["M","?","?","?","M","R","M","R","T","M","R","E","$","M","R","BOSS","M","$","?","M","$","R","M","R","T","M","E","?","M"],"build_version":"2018-12-06","purchased_purges":2,"victory":false,"max_hp_per_floor":[70,70,70,70,70,70,70,70,70,70,70,70,70,70,70,70,70,70,70,70,70,70,70,70,70,70,70,70,70,70],"card_choices":[{"not_picked":["Eviscerate","Prepared"],"picked":"Slice","floor":1},{"not_picked":["Blade Dance","Dodge and Roll"],"picked":"Cloak And Dagger","floor":5},{"not_picked":["Dagger Throw","Outmaneuver"],"picked":"Blur","floor":7},{"not_picked":["Bane","Acrobatics"],"picked":"Poisoned Stab","floor":10},{"not_picked":["Blade Dance","Sucker Punch"],"picked":"Well Laid Plans","floor":12},{"not_picked":["Sucker Punch","Slice","Dodge and Roll"],"picked":"SKIP","floor":14},{"not_picked":["Grand Finale","Tools of the Trade"],"picked":"Malaise","floor":16},{"not_picked":["Expertise","Dodge and Roll"],"picked":"Poisoned Stab","floor":18},{"not_picked":["Backflip","PiercingWail+1"],"picked":"Deflect","floor":21},{"not_picked":["Masterful Stab","Deflect","Well Laid Plans"],"picked":"SKIP","floor":24},{"not_picked":["Eviscerate+1","Footwork"],"picked":"Blade Dance","floor":27},{"not_picked":["Infinite Blades+1","Dodge and Roll"],"picked":"Crippling Poison","floor":28}],"player_experience":260738,"relics_obtained":[{"floor":4,"key":"Oddly Smooth Stone"},{"floor":9,"key":"Pocketwatch"},{"floor":12,"key":"Du-Vu Doll"},{"floor":26,"key":"Tingsha"},{"floor":28,"key":"Potion Belt"}],"event_choices":[{"damage_healed":0,"gold_gain":0,"player_choice":"Ignored","damage_taken":0,"max_hp_gain":0,"max_hp_loss":0,"event_name":"Golden Idol","floor":2,"gold_loss":0},{"damage_healed":0,"gold_gain":0,"player_choice":"Success","damage_taken":33,"relics_obtained":["Snake Skull"],"max_hp_gain":0,"max_hp_loss":0,"event_name":"Scrap Ooze","floor":3,"gold_loss":0},{"damage_healed":0,"gold_gain":0,"player_choice":"Relic","damage_taken":0,"max_hp_gain":0,"max_hp_loss":0,"event_name":"Wheel of Change","floor":4,"gold_loss":0},{"damage_healed":0,"gold_gain":0,"player_choice":"Fight","damage_taken":0,"max_hp_gain":0,"max_hp_loss":0,"event_name":"Colosseum","floor":20,"gold_loss":0},{"damage_healed":0,"gold_gain":0,"player_choice":"Fled From Nobs","damage_taken":0,"max_hp_gain":0,"max_hp_loss":0,"event_name":"Colosseum","floor":20,"gold_loss":0},{"damage_healed":0,"gold_gain":0,"player_choice":"Opened","damage_taken":0,"relics_obtained":["Torii"],"max_hp_gain":0,"max_hp_loss":0,"event_name":"The Mausoleum","floor":29,"gold_loss":0,"cards_obtained":["Writhe"]}],"is_beta":false,"boss_relics":[{"not_picked":["Astrolabe","Coffee Dripper"],"picked":"WristBlade"}],"items_purged_floors":[13,19],"is_endless":false,"potions_floor_spawned":[1,10,18,21,24],"killed_by":"Sentry and Sphere","ascension_level":11}