{"gold_per_floor":[217,217,230,75,75,75,85,31,56,56,73,73,92,92,92,195,195,208,208,67,78,78,78,96,96],"floor_reached":25,"playtime":2448,"items_purged":["Strike_G"],"score":216,"play_id":"a586478d-0d59-4e4f-9d27-cbd125f4c509","local_time":"20190131003125","is_ascension_mode":false,"campfire_choices":[{"data":"Well Laid Plans","floor":6.0,"key":"SMITH"},{"data":"Outmaneuver","floor":10.0,"key":"SMITH"},{"data":"Deadly Poison","floor":15.0,"key":"SMITH"},{"floor":23.0,"key":"REST"}],"neow_cost":"NONE","seed_source_timestamp":0,"circlet_count":0,"master_deck":["Defend_G","Defend_G","Defend_G","Defend_G","Strike_G","Strike_G","Strike_G","Strike_G","Survivor","Neutralize","Outmaneuver+1","Poisoned Stab","Well Laid Plans+1","Finisher","Deadly Poison+1","Bane","Footwork","Bullet Time","Flying Knee","Slice"],"special_seed":0,"relics":["Ring of the Snake","Strawberry","Busted Crown","Dream Catcher"],"potions_floor_usage":[],"damage_taken":[{"damage":0.0,"enemies":"Jaw Worm","floor":1.0,"turns":4.0},{"damage":0.0,"enemies":"2 Louse","floor":3.0,"turns":3.0},{"damage":0.0,"enemies":"Small Slimes","floor":7.0,"turns":3.0},{"damage":2.0,"enemies":"Looter","floor":11.0,"turns":3.0},{"damage":13.0,"enemies":"Red Slaver","floor":13.0,"turns":2.0},{"damage":5.0,"enemies":"Slime Boss","floor":16.0,"turns":8.0},{"damage":37.0,"enemies":"3 Byrds","floor":18.0,"turns":6.0},{"damage":22.0,"enemies":"2 Thieves","floor":21.0,"turns":5.0},{"damage":13.0,"enemies":"3 Cultists","floor":24.0,"turns":8.0},{"damage":18,"enemies":"Shelled Parasite and Fungi","floor":25,"turns":5}],"seed_played":"-8806007657520662306","potions_obtained":[{"floor":1.0,"key":"Fire Potion"},{"floor":3.0,"key":"Strength Potion"},{"floor":13.0,"key":"Poison Potion"},{"floor":21.0,"key":"EssenceOfSteel"}],"is_trial":false,"path_per_floor":["?","?","$","?","?","?","M","?"],"character_chosen":"THE_SILENT","items_purchased":["Well Laid Plans","Deadly Poison"],"campfire_rested":1,"item_purchase_floors":[4,8],"current_hp_per_floor":[70,63,63,63,68,68,68,68,75,75,73,73,60,60,60,55,82,45,29,29,7,7,33,20,2],"gold":96,"neow_bonus":"HUNDRED_GOLD","is_prod":false,"is_daily":false,"chose_seed":false,"campfire_upgraded":3,"win_rate":0.0,"timestamp":1548891085,"path_taken":["M","?","M","$","?","R","M","?","T","R","M","$","M","?","R","BOSS","M","?","?","?","?","R","M","M"],"build_version":"2019-01-23","purchased_purges":1,"victory":false,"max_hp_per_floor":[70,70,70,70,75,75,75,75,82,82,82,82,82,82,82,82,82,82,87,87,87,87,87,87,87],"card_choices":[{"not_picked":["Riddle With Holes","Blade Dance"],"picked":"Outmaneuver","floor":1.0},{"not_picked":["Flying Knee","Caltrops"],"picked":"Poisoned Stab","floor":3.0},{"not_picked":["Distraction","Blade Dance"],"picked":"Finisher","floor":7.0},{"not_picked":["Riddle With Holes","Choke"],"picked":"Bane","floor":11.0},{"not_picked":["Blur","Flying Knee"],"picked":"Footwork","floor":13.0},{"not_picked":["Die Die Die","After Image"],"picked":"Bullet Time","floor":16.0},{"not_picked":["Reflex+1"],"picked":"SKIP","floor":18.0},{"not_picked":[],"picked":"Flying Knee","floor":21.0},{"not_picked":[],"picked":"Slice","floor":24}],"player_experience":54686,"relics_obtained":[{"floor":9.0,"key":"Strawberry"}],"event_choices":[{"cards_removed":["Defend_G"],"damage_healed":0.0,"max_hp_gain":0.0,"max_hp_loss":0.0,"gold_gain":0.0,"event_name":"Golden Wing","player_choice":"Card Removal","floor":2.0,"gold_loss":0.0,"damage_taken":7.0},{"damage_healed":0.0,"max_hp_gain":5.0,"max_hp_loss":0.0,"gold_gain":0.0,"event_name":"Big Fish","player_choice":"Donut","floor":5.0,"gold_loss":0.0,"damage_taken":0.0},{"damage_healed":0.0,"max_hp_gain":0.0,"max_hp_loss":0.0,"gold_gain":0.0,"event_name":"Liars Game","player_choice":"Ignored","floor":14.0,"gold_loss":0.0,"damage_taken":0.0},{"damage_healed":0.0,"max_hp_gain":5.0,"max_hp_loss":0.0,"gold_gain":0.0,"event_name":"Forgotten Altar","player_choice":"Shed Blood","floor":19.0,"gold_loss":0.0,"damage_taken":21.0},{"damage_healed":0.0,"max_hp_gain":0.0,"max_hp_loss":0.0,"gold_gain":0.0,"event_name":"WeMeetAgain","player_choice":"Paid Gold","floor":20.0,"gold_loss":141.0,"damage_taken":0.0,"relics_obtained":["Dream Catcher"]},{"damage_healed":0.0,"max_hp_gain":0.0,"max_hp_loss":0.0,"gold_gain":0.0,"event_name":"Cursed Tome","player_choice":"Ignored","floor":22.0,"gold_loss":0.0,"damage_taken":0.0}],"is_beta":false,"boss_relics":[{"not_picked":["Fusion Hammer","Astrolabe"],"picked":"Busted Crown"}],"items_purged_floors":[4],"is_endless":false,"potions_floor_spawned":[1,3,7,13,21],"killed_by":"Shelled Parasite and Fungi","ascension_level":0}