{"gold_per_floor":[113,113,128,139,139,139,156,156,156,156,11,39,54,70,70,171,171,185,185,203,219,230,230,264,264,287,306,319,353,175,204,204,299,599,616,671,107,124,124,124,140,140,165,182,200,180,200,226,226,226,226,226,22,50,50],"floor_reached":55,"playtime":3582,"items_purged":["Decay","Strike_R","Pain"],"score":836,"play_id":"3b75f58b-eaab-4a77-8fbb-81103c1680a2","local_time":"20190203234520","is_ascension_mode":false,"campfire_choices":[{"data":"Bash","floor":6,"key":"SMITH"},{"data":"Flame Barrier","floor":8,"key":"SMITH"},{"data":"Carnage","floor":10,"key":"SMITH"},{"data":"Uppercut","floor":15,"key":"SMITH"},{"floor":23,"key":"REST"},{"floor":25,"key":"REST"},{"floor":32,"key":"REST"},{"floor":40,"key":"RECALL"},{"floor":42,"key":"REST"},{"floor":49,"key":"REST"},{"floor":52,"key":"REST"}],"neow_cost":"NONE","seed_source_timestamp":516578940715300,"circlet_count":0,"master_deck":["Strike_R","Strike_R","Strike_R","Defend_R","Defend_R+1","Defend_R","Defend_R+1","Bash+1","Clothesline","Headbutt","Carnage+1","Flame Barrier+1","Spot Weakness","Shrug It Off","Spot Weakness","Uppercut+1","Immolate","Metallicize","Inflame","Shrug It Off","Thunderclap","Pommel Strike+1","Inflame","Reaper","Battle Trance","Double Tap","Parasite","Injury","Armaments+1","Wild Strike","Apotheosis","Pommel Strike+1","Dual Wield+1","Flame Barrier+1","Whirlwind"],"relics":["Burning Blood","Strawberry","War Paint","PreservedInsect","Fusion Hammer","Mummified Hand","Bag of Preparation","Darkstone Periapt","Dream Catcher","Calling Bell","Juzu Bracelet","Ornamental Fan","Old Coin","Ice Cream","Paper Frog","Anchor","Self Forming Clay","Bag of Marbles","Art of War"],"potions_floor_usage":[3,14,14,16,18,21,36,36,41,50,54,55,55],"damage_taken":[{"damage":6,"enemies":"Jaw Worm","floor":1,"turns":3},{"damage":3,"enemies":"Cultist","floor":3,"turns":3},{"damage":5,"enemies":"Small Slimes","floor":4,"turns":3},{"damage":5,"enemies":"2 Fungi Beasts","floor":7,"turns":3},{"damage":26,"enemies":"Gremlin Nob","floor":12,"turns":4},{"damage":13,"enemies":"Lots of Slimes","floor":13,"turns":4},{"damage":12,"enemies":"Large Slime","floor":14,"turns":5},{"damage":32,"enemies":"Hexaghost","floor":16,"turns":8},{"damage":7,"enemies":"2 Thieves","floor":18,"turns":2},{"damage":30,"enemies":"3 Byrds","floor":20,"turns":6},{"damage":10,"enemies":"Centurion and Healer","floor":21,"turns":4},{"damage":15,"enemies":"Snake Plant","floor":22,"turns":3},{"damage":17,"enemies":"Gremlin Leader","floor":24,"turns":6},{"damage":13,"enemies":"Cultist and Chosen","floor":27,"turns":5},{"damage":0,"enemies":"Chosen and Byrds","floor":28,"turns":3},{"damage":9,"enemies":"Book of Stabbing","floor":29,"turns":4},{"damage":0,"enemies":"Gremlin Leader","floor":31,"turns":3},{"damage":50,"enemies":"Automaton","floor":33,"turns":10},{"damage":42,"enemies":"3 Darklings","floor":35,"turns":4},{"damage":37,"enemies":"2 Orb Walkers","floor":36,"turns":5},{"damage":11,"enemies":"Orb Walker","floor":38,"turns":3},{"damage":13,"enemies":"3 Darklings","floor":41,"turns":3},{"damage":39,"enemies":"Maw","floor":44,"turns":7},{"damage":21,"enemies":"4 Shapes","floor":45,"turns":5},{"damage":9,"enemies":"Transient","floor":47,"turns":5},{"damage":27,"enemies":"Reptomancer","floor":48,"turns":6},{"damage":107,"enemies":"Donu and Deca","floor":50,"turns":9},{"damage":44,"enemies":"Shield and Spear","floor":54,"turns":5},{"damage":99,"enemies":"The Heart","floor":55,"turns":6}],"seed_played":"7638936978414716736","potions_obtained":[{"floor":1,"key":"Fire Potion"},{"floor":7,"key":"Weak Potion"},{"floor":12,"key":"Energy Potion"},{"floor":14,"key":"Fruit Juice"},{"floor":16,"key":"SteroidPotion"},{"floor":20,"key":"FearPotion"},{"floor":24,"key":"SteroidPotion"},{"floor":28,"key":"Regen Potion"},{"floor":29,"key":"SkillPotion"},{"floor":33,"key":"SpeedPotion"},{"floor":36,"key":"AttackPotion"},{"floor":41,"key":"Poison Potion"},{"floor":46,"key":"FearPotion"},{"floor":47,"key":"SteroidPotion"},{"floor":54,"key":"Fruit Juice"}],"is_trial":false,"path_per_floor":["M","?","M","M","T","R","M","R","T","R","$","E","M","M","R","B",null,"M","T","M","M","M","R","E","R","T","M","M","E","$","E","R","B",null,"M","?","$","M","?","R","M","R","T","M","M","?","M","E","R","B",null,"R","$","E","B"],"character_chosen":"IRONCLAD","items_purchased":["Spot Weakness","Inflame","Apotheosis","Paper Frog","Bag of Marbles","PowerPotion"],"campfire_rested":6,"item_purchase_floors":[11,30,37,37,53,53],"current_hp_per_floor":[88,88,88,88,95,95,95,95,95,95,95,75,68,67,67,41,100,99,99,75,71,62,92,81,100,100,93,99,96,96,100,100,70,118,82,70,70,80,80,80,73,108,108,92,77,77,86,87,118,52,118,118,118,85,0],"gold":50,"neow_bonus":"TEN_PERCENT_HP_BONUS","is_prod":false,"is_daily":false,"chose_seed":false,"campfire_upgraded":4,"win_rate":0,"timestamp":1549255520,"path_taken":["M","?","M","?","?","R","M","R","T","R","$","E","?","M","R","BOSS","M","?","M","M","?","R","E","R","T","M","M","E","$","E","R","BOSS","M","?","$","M","?","R","M","R","T","M","M","?","M","E","R","BOSS","R","$","E","BOSS"],"build_version":"2019-01-23","purchased_purges":3,"victory":false,"max_hp_per_floor":[88,88,88,88,95,95,95,95,95,95,95,95,95,100,100,100,100,100,100,100,100,100,100,100,100,100,100,100,100,100,100,100,100,118,118,118,118,118,118,118,118,118,118,118,118,118,118,118,118,118,118,118,118,123,123],"card_choices":[{"not_picked":["Combust","Body Slam"],"picked":"Clothesline","floor":1},{"not_picked":["Heavy Blade","Flex"],"picked":"Headbutt","floor":3},{"not_picked":["Corruption","Body Slam"],"picked":"Carnage","floor":4},{"not_picked":["Anger","Pummel"],"picked":"Flame Barrier","floor":7},{"not_picked":["Perfected Strike","Shockwave"],"picked":"Shrug It Off","floor":12},{"not_picked":["Wild Strike","Entrench"],"picked":"Spot Weakness","floor":13},{"not_picked":["Whirlwind","Sword Boomerang"],"picked":"Uppercut","floor":14},{"not_picked":["Dark Embrace","Barricade"],"picked":"Immolate","floor":16},{"not_picked":["Wild Strike","Perfected Strike"],"picked":"Metallicize","floor":18},{"not_picked":["Havoc+1","Dual Wield"],"picked":"Inflame","floor":20},{"not_picked":["Headbutt+1","Clash+1"],"picked":"Shrug It Off","floor":21},{"not_picked":["Heavy Blade","Thunderclap","Feel No Pain+1"],"picked":"SKIP","floor":22},{"not_picked":["Clothesline","Clash+1"],"picked":"Thunderclap","floor":24},{"not_picked":["Clash","Wild Strike+1"],"picked":"Pommel Strike+1","floor":27},{"not_picked":["Havoc","Uppercut+1","Blood for Blood"],"picked":"SKIP","floor":28},{"not_picked":["Havoc","Uppercut+1","Blood for Blood"],"picked":"SKIP","floor":28},{"not_picked":["Pommel Strike","Hemokinesis+1","Sword Boomerang"],"picked":"SKIP","floor":29},{"not_picked":["Havoc","Wild Strike"],"picked":"Reaper","floor":31},{"not_picked":["Shrug It Off","Clothesline"],"picked":"Battle Trance","floor":32},{"not_picked":["Fiend Fire","Dark Embrace"],"picked":"Double Tap","floor":33},{"not_picked":["Iron Wave","Reckless Charge"],"picked":"Armaments+1","floor":35},{"not_picked":["Flex","Blood for Blood+1"],"picked":"Wild Strike","floor":36},{"not_picked":["Berserk","Headbutt+1","Twin Strike"],"picked":"SKIP","floor":38},{"not_picked":["Flex","Uppercut","Rampage"],"picked":"SKIP","floor":41},{"not_picked":["Rampage+1","Iron Wave+1"],"picked":"Pommel Strike+1","floor":42},{"not_picked":["Fire Breathing+1","Headbutt"],"picked":"Dual Wield+1","floor":44},{"not_picked":["Armaments","Hemokinesis+1"],"picked":"Flame Barrier+1","floor":45},{"not_picked":["Iron Wave+1","Flex","Intimidate+1"],"picked":"SKIP","floor":47},{"not_picked":["Intimidate","Warcry"],"picked":"Whirlwind","floor":48},{"not_picked":["Shockwave","Corruption","Armaments"],"picked":"SKIP","floor":54}],"player_experience":104256,"relics_obtained":[{"floor":5,"key":"Strawberry"},{"floor":9,"key":"War Paint"},{"floor":12,"key":"PreservedInsect"},{"floor":19,"key":"Mummified Hand"},{"floor":24,"key":"Bag of Preparation"},{"floor":29,"key":"Darkstone Periapt"},{"floor":31,"key":"Dream Catcher"},{"floor":34,"key":"Juzu Bracelet"},{"floor":34,"key":"Ornamental Fan"},{"floor":34,"key":"Old Coin"},{"floor":36,"key":"Ice Cream"},{"floor":43,"key":"Anchor"},{"floor":48,"key":"Self Forming Clay"},{"floor":54,"key":"Art of War"}],"event_choices":[{"damage_healed":0,"gold_gain":0,"player_choice":"Cursed","damage_taken":0,"max_hp_gain":0,"max_hp_loss":0,"event_name":"Wheel of Change","floor":2,"gold_loss":0,"cards_obtained":["Decay"]},{"damage_healed":0,"gold_gain":0,"player_choice":"Fight","damage_taken":0,"max_hp_gain":0,"max_hp_loss":0,"event_name":"Mysterious Sphere","floor":36,"gold_loss":0},{"cards_removed":["Strike_R"],"damage_healed":0,"gold_gain":0,"player_choice":"Removed Attack","damage_taken":0,"max_hp_gain":0,"max_hp_loss":0,"event_name":"Falling","floor":39,"gold_loss":0},{"damage_healed":0,"gold_gain":0,"player_choice":"Bought 1 Potion","damage_taken":0,"max_hp_gain":0,"max_hp_loss":0,"event_name":"The Woman in Blue","floor":46,"gold_loss":0}],"is_beta":false,"boss_relics":[{"not_picked":["Lizard Tail","Runic Pyramid"],"picked":"Fusion Hammer"},{"not_picked":["Black Blood","Astrolabe"],"picked":"Calling Bell"}],"items_purged_floors":[11,30,37],"is_endless":false,"potions_floor_spawned":[1,7,12,14,16,20,24,28,29,33,36,41,47,54],"killed_by":"The Heart","ascension_level":0}