{"gold_per_floor":[114,114,139,139,14,14,52,71,71,94,115,115,15,40,40,131,131,152,2,2,2,22,22,41,65,89,21,21,21,46,61,61,154,154,179,179,199,74,90,129,129,129,129,129,0,0,0,0,0,0],"floor_reached":51,"playtime":1521,"items_purged":["Strike_B","Strike_B","Strike_B"],"score":1169,"play_id":"b9c2340b-a058-4a7a-8f8f-c6e801b3df26","local_time":"20181106200623","is_ascension_mode":true,"campfire_choices":[{"data":"Blind","floor":6,"key":"SMITH"},{"data":"Coolheaded","floor":12,"key":"SMITH"},{"data":"Gash","floor":15,"key":"SMITH"},{"data":"Fission","floor":23,"key":"SMITH"},{"floor":29,"key":"REST"},{"floor":32,"key":"REST"},{"floor":42,"key":"REST"},{"floor":44,"key":"REST"},{"floor":49,"key":"REST"}],"neow_cost":"NONE","seed_source_timestamp":4725379110692,"circlet_count":0,"master_deck":["AscendersBane","Strike_B","Defend_B","Defend_B","Defend_B+1","Defend_B","Zap","Dualcast+1","Blind+1","Conserve Battery","Gash+1","Coolheaded+1","Fission+1","Gash","Scrape","Glacier","Reboot+1","Gash","Coolheaded","Coolheaded+1"],"relics":["Cracked Core","Golden Idol","Mercury Hourglass","DataDisk","Lizard Tail","War Paint","Blood Vial","Sozu","Oddly Smooth Stone","The Courier","Turnip","Red Mask"],"potions_floor_usage":[10,16,22,33,33,50],"damage_taken":[{"damage":2,"enemies":"2 Louse","floor":1,"turns":3},{"damage":0,"enemies":"Cultist","floor":3,"turns":4},{"damage":44,"enemies":"3 Sentries","floor":7,"turns":8},{"damage":2,"enemies":"Jaw Worm","floor":8,"turns":4},{"damage":0,"enemies":"Exordium Wildlife","floor":10,"turns":4},{"damage":0,"enemies":"Exordium Thugs","floor":11,"turns":3},{"damage":6,"enemies":"Looter","floor":14,"turns":3},{"damage":12,"enemies":"Hexaghost","floor":16,"turns":9},{"damage":7,"enemies":"Chosen","floor":18,"turns":7},{"damage":10,"enemies":"2 Thieves","floor":22,"turns":4},{"damage":9,"enemies":"Snake Plant","floor":24,"turns":5},{"damage":10,"enemies":"Shelled Parasite and Fungi","floor":25,"turns":9},{"damage":41,"enemies":"Sentry and Sphere","floor":30,"turns":6},{"damage":0,"enemies":"Centurion and Healer","floor":31,"turns":10},{"damage":21,"enemies":"Collector","floor":33,"turns":9},{"damage":8,"enemies":"3 Darklings","floor":35,"turns":6},{"damage":0,"enemies":"Orb Walker","floor":37,"turns":3},{"damage":18,"enemies":"Spire Growth","floor":39,"turns":7},{"damage":28,"enemies":"Reptomancer","floor":40,"turns":12},{"damage":2,"enemies":"Awakened One","floor":50,"turns":15}],"seed_played":"-3718662896986463904","potions_obtained":[{"floor":7,"key":"Regen Potion"},{"floor":8,"key":"PowerPotion"},{"floor":10,"key":"FearPotion"},{"floor":21,"key":"FearPotion"},{"floor":21,"key":"AttackPotion"},{"floor":22,"key":"FairyPotion"},{"floor":30,"key":"EssenceOfSteel"},{"floor":31,"key":"PowerPotion"},{"floor":33,"key":"EssenceOfSteel"}],"is_trial":false,"path_per_floor":["M","?","M","?","$","R","E","M","T","M","M","R","$","M","R","B",null,"M","$","?","?","M","R","M","M","T","$","?","R","M","M","R","B",null,"M","?","M","$","M","E","T","R","T","R","?","?","$","?","R","B",null],"character_chosen":"DEFECT","items_purchased":["Gash","War Paint","Scrape"],"campfire_rested":5,"item_purchase_floors":[5,19,27],"current_hp_per_floor":[62,62,62,58,58,58,14,12,12,24,24,24,24,18,18,6,50,43,43,43,43,33,33,24,14,14,14,14,33,6,8,27,8,50,44,44,46,46,30,4,4,23,23,42,42,42,42,42,61,61],"gold":0,"neow_bonus":"RANDOM_COLORLESS","is_prod":false,"is_daily":false,"chose_seed":false,"campfire_upgraded":4,"win_rate":0,"timestamp":1541534783,"path_taken":["M","?","M","?","$","R","E","?","T","M","?","R","$","M","R","BOSS","M","$","?","?","M","R","M","?","T","$","?","R","M","M","R","BOSS","M","?","?","$","M","E","?","R","T","R","?","?","?","?","R","BOSS"],"build_version":"2018-11-01","purchased_purges":3,"victory":true,"max_hp_per_floor":[71,64,64,64,64,64,64,64,64,64,64,64,64,64,64,64,64,64,64,64,64,64,64,64,64,64,64,64,64,64,64,64,64,64,64,64,64,64,64,64,64,64,64,64,64,64,64,64,64,64],"card_choices":[{"not_picked":["Sweeping Beam","Rebound","Streamline"],"picked":"SKIP","floor":1},{"not_picked":["BootSequence","Aggregate"],"picked":"Conserve Battery","floor":3},{"not_picked":["Double Energy","Redo","Melter"],"picked":"SKIP","floor":7},{"not_picked":["Undo","Leap","Hello World"],"picked":"SKIP","floor":8},{"not_picked":["Static Discharge","Leap","Aggregate"],"picked":"SKIP","floor":10},{"not_picked":["Hologram","Steam"],"picked":"Coolheaded","floor":11},{"not_picked":["Multi-Cast","Beam Cell","Conserve Battery"],"picked":"SKIP","floor":14},{"not_picked":["Thunder Strike","Hyperbeam"],"picked":"Fission","floor":16},{"not_picked":["Beam Cell","Leap","Sunder"],"picked":"SKIP","floor":18},{"not_picked":["Reprogram","Skim+1"],"picked":"Gash","floor":22},{"not_picked":["Go for the Eyes","Redo","Barrage"],"picked":"SKIP","floor":24},{"not_picked":["Leap","Skim","Reprogram"],"picked":"SKIP","floor":25},{"not_picked":["Redo","Beam Cell"],"picked":"Glacier","floor":30},{"not_picked":["Lockon","Ball Lightning","Steam"],"picked":"SKIP","floor":31},{"not_picked":["Multi-Cast","Machine Learning"],"picked":"Reboot","floor":33},{"not_picked":["Auto Shields+1","Sweeping Beam"],"picked":"Gash","floor":35},{"not_picked":["Conserve Battery","Sweeping Beam"],"picked":"Coolheaded","floor":37},{"not_picked":["Skim","Ball Lightning","Conserve Battery"],"picked":"SKIP","floor":39},{"not_picked":["FTL","Cold Snap"],"picked":"Coolheaded+1","floor":40}],"player_experience":117568,"relics_obtained":[{"floor":7,"key":"Mercury Hourglass"},{"floor":9,"key":"DataDisk"},{"floor":26,"key":"Blood Vial"},{"floor":40,"key":"Oddly Smooth Stone"},{"floor":41,"key":"The Courier"},{"floor":43,"key":"Turnip"}],"event_choices":[{"damage_healed":0,"gold_gain":0,"player_choice":"Lose Max HP","damage_taken":0,"relics_obtained":["Golden Idol"],"max_hp_gain":0,"max_hp_loss":7,"event_name":"Golden Idol","floor":2,"gold_loss":0},{"damage_healed":0,"gold_gain":0,"player_choice":"Bought 0 Potions","damage_taken":0,"max_hp_gain":0,"max_hp_loss":0,"event_name":"The Woman in Blue","floor":4,"gold_loss":0},{"damage_healed":0,"gold_gain":0,"player_choice":"Ignored","damage_taken":0,"max_hp_gain":0,"max_hp_loss":0,"event_name":"Cursed Tome","floor":20,"gold_loss":0},{"damage_healed":0,"gold_gain":0,"player_choice":"Got Potions","damage_taken":0,"max_hp_gain":0,"max_hp_loss":0,"event_name":"Lab","floor":21,"gold_loss":0},{"damage_healed":0,"gold_gain":0,"player_choice":"Forge","damage_taken":0,"max_hp_gain":0,"max_hp_loss":0,"event_name":"Accursed Blacksmith","floor":36,"gold_loss":0,"cards_upgraded":["Reboot"]},{"damage_healed":0,"gold_gain":0,"player_choice":"Paid","damage_taken":0,"relics_obtained":["Red Mask"],"max_hp_gain":0,"max_hp_loss":0,"event_name":"Tomb of Lord Red Mask","floor":45,"gold_loss":129},{"damage_healed":0,"gold_gain":0,"player_choice":"Ignored","damage_taken":0,"max_hp_gain":0,"max_hp_loss":0,"event_name":"Mysterious Sphere","floor":46,"gold_loss":0},{"damage_healed":0,"gold_gain":0,"player_choice":"Ignored","damage_taken":0,"max_hp_gain":0,"max_hp_loss":0,"event_name":"The Moai Head","floor":48,"gold_loss":0}],"is_beta":false,"boss_relics":[{"not_picked":["Calling Bell","Velvet Choker"],"picked":"Lizard Tail"},{"not_picked":["Snecko Eye","Nuclear Battery"],"picked":"Sozu"}],"items_purged_floors":[5,13,38],"is_endless":false,"potions_floor_spawned":[7,8,10,22,25,30,31,33,37],"ascension_level":15}