{"gold_per_floor":[111,129,79,96,107,107,126,126,126,73,107,122,122],"floor_reached":13,"playtime":238,"items_purged":[],"score":113,"play_id":"33b21918-52b3-4a22-9d7d-f9323248b36c","local_time":"20181031011101","is_ascension_mode":true,"campfire_choices":[{"data":"Hemokinesis","floor":6,"key":"SMITH"}],"neow_cost":"NONE","seed_source_timestamp":33607091621301,"circlet_count":0,"master_deck":["Strike_R","Strike_R","Strike_R","Defend_R","Defend_R","Defend_R","Defend_R","Bash","Dramatic Entrance","Flex","Hemokinesis+1","Shrug It Off","Pommel Strike","Metallicize","Reaper+1"],"relics":["Burning Blood","Paper Frog","Molten Egg 2"],"potions_floor_usage":[5],"damage_taken":[{"damage":0,"enemies":"Cultist","floor":1,"turns":2},{"damage":0,"enemies":"Small Slimes","floor":2,"turns":2},{"damage":5,"enemies":"Jaw Worm","floor":4,"turns":3},{"damage":20,"enemies":"Large Slime","floor":5,"turns":5},{"damage":9,"enemies":"2 Fungi Beasts","floor":7,"turns":3},{"damage":18,"enemies":"3 Sentries","floor":11,"turns":7},{"damage":3,"enemies":"Red Slaver","floor":12,"turns":5},{"damage":10,"enemies":"3 Louse","floor":13,"turns":2}],"seed_played":"-3188942435924188560","potions_obtained":[{"floor":1,"key":"AttackPotion"},{"floor":12,"key":"Dexterity Potion"}],"is_trial":false,"path_per_floor":["M","M","?","M","M","R","M","?","T","$","E","M"],"character_chosen":"IRONCLAD","items_purchased":["Pommel Strike"],"campfire_rested":0,"item_purchase_floors":[10],"current_hp_per_floor":[78,80,80,80,66,66,63,56,56,56,44,47,37],"gold":122,"neow_bonus":"RANDOM_COLORLESS","is_prod":false,"is_daily":false,"chose_seed":false,"campfire_upgraded":1,"win_rate":0,"timestamp":1540948261,"path_taken":["M","?","?","M","M","R","M","?","T","?","E","M","?"],"build_version":"2018-10-25v2","purchased_purges":0,"victory":false,"max_hp_per_floor":[80,80,80,80,80,80,80,80,80,80,80,80,80],"card_choices":[{"not_picked":["Uppercut","Warcry"],"picked":"Flex","floor":1},{"not_picked":["Flex","Perfected Strike"],"picked":"Hemokinesis","floor":2},{"not_picked":["Iron Wave","Hemokinesis","Heavy Blade"],"picked":"SKIP","floor":4},{"not_picked":["Burning Pact","Bloodletting","Headbutt"],"picked":"SKIP","floor":5},{"not_picked":["Cleave","Heavy Blade"],"picked":"Shrug It Off","floor":7},{"not_picked":["Dual Wield","Blood for Blood"],"picked":"Metallicize","floor":11},{"not_picked":["Flame Barrier","Flex"],"picked":"Reaper+1","floor":12}],"player_experience":94075,"relics_obtained":[{"floor":9,"key":"Paper Frog"},{"floor":11,"key":"Molten Egg 2"}],"event_choices":[{"cards_removed":["Strike_R"],"damage_healed":0,"gold_gain":0,"player_choice":"Card Removal","damage_taken":0,"max_hp_gain":0,"max_hp_loss":0,"event_name":"The Cleric","floor":3,"gold_loss":50},{"cards_removed":["Strike_R"],"damage_healed":0,"gold_gain":0,"player_choice":"Card Removal","damage_taken":7,"max_hp_gain":0,"max_hp_loss":0,"event_name":"Golden Wing","floor":8,"gold_loss":0}],"is_beta":false,"boss_relics":[],"items_purged_floors":[],"is_endless":false,"potions_floor_spawned":[1,12],"killed_by":"3 Louse","ascension_level":6}