{"gold_per_floor":[369,13,88,108,126,126,126,126,126,126,136,156,169,181,181,276,276,290,307,406,425,221,221,29,29,29,58,76,94,107,123,123,218,218,237,237,86,98,98,98,115,115,193,105,116,116,16,26,26,26],"floor_reached":50,"playtime":1390,"items_purged":["Strike_R","Strike_R","Strike_R","Strike_R+1","Clumsy","Pain"],"score":608,"play_id":"ece5f189-c85e-470d-b502-9bd8f480ce5a","local_time":"20180904043808","is_ascension_mode":false,"campfire_choices":[{"data":"Inflame","floor":6,"key":"SMITH"},{"data":"Disarm","floor":8,"key":"SMITH"},{"data":"Inflame","floor":10,"key":"SMITH"},{"data":"Heavy Blade","floor":15,"key":"SMITH"},{"data":"Disarm","floor":23,"key":"SMITH"},{"data":"Limit Break","floor":25,"key":"SMITH"},{"floor":32,"key":"REST"},{"data":"Trip","floor":40,"key":"SMITH"},{"data":"Disarm","floor":42,"key":"SMITH"},{"data":"Bash","floor":49,"key":"SMITH"}],"neow_cost":"PERCENT_DAMAGE","seed_source_timestamp":4739158828762,"circlet_count":0,"master_deck":["Strike_R+1","Defend_R","Defend_R","Defend_R","Defend_R","Bash+1","Inflame+1","Inflame+1","Dropkick","Thunderclap","Disarm+1","Disarm+1","Heavy Blade+1","Disarm+1","Feed","Thunderclap+1","Limit Break+1","Impatience","Warcry+1","True Grit+1","Shrug It Off+1","Trip+1","Apotheosis+1"],"relics":["Burning Blood","Membership Card","Whetstone","Bottled Lightning","Sozu","Torii","Charon\u0027s Ashes","Happy Flower","Cursed Key","Strawberry","Letter Opener","Paper Frog"],"potions_floor_usage":[13,16,27,27],"damage_taken":[{"damage":0,"enemies":"2 Louse","floor":1,"turns":3},{"damage":0,"enemies":"Cultist","floor":4,"turns":4},{"damage":3,"enemies":"Small Slimes","floor":5,"turns":3},{"damage":0,"enemies":"Blue Slaver","floor":11,"turns":4},{"damage":8,"enemies":"Gremlin Gang","floor":12,"turns":4},{"damage":0,"enemies":"Looter","floor":13,"turns":3},{"damage":13,"enemies":"Lots of Slimes","floor":14,"turns":4},{"damage":0,"enemies":"Slime Boss","floor":16,"turns":5},{"damage":11,"enemies":"Shell Parasite","floor":18,"turns":7},{"damage":0,"enemies":"3 Byrds","floor":19,"turns":6},{"damage":21,"enemies":"Cultist and Chosen","floor":21,"turns":6},{"damage":15,"enemies":"Slavers","floor":27,"turns":6},{"damage":19,"enemies":"Centurion and Healer","floor":28,"turns":5},{"damage":25,"enemies":"3 Cultists","floor":29,"turns":6},{"damage":0,"enemies":"Snecko","floor":30,"turns":3},{"damage":0,"enemies":"Snake Plant","floor":31,"turns":4},{"damage":75,"enemies":"Champ","floor":33,"turns":12},{"damage":23,"enemies":"3 Shapes","floor":35,"turns":4},{"damage":10,"enemies":"3 Darklings","floor":38,"turns":5},{"damage":17,"enemies":"Sphere and 2 Shapes","floor":41,"turns":4},{"damage":16,"enemies":"4 Shapes","floor":45,"turns":3},{"damage":1,"enemies":"Transient","floor":48,"turns":5},{"damage":76,"enemies":"Time Eater","floor":50,"turns":8}],"seed_played":"5571234749406725846","potions_obtained":[{"floor":1,"key":"Fire Potion"},{"floor":11,"key":"SteroidPotion"},{"floor":14,"key":"EssenceOfSteel"},{"floor":16,"key":"EssenceOfSteel"}],"is_trial":false,"path_per_floor":["M","$","?","M","M","R","?","R","T","R","M","M","M","M","R","B",null,"M","M","?","M","$","R","$","R","T","E","M","M","M","M","R","B",null,"M","?","$","M","?","R","M","R","T","$","M","T","$","M","R"],"character_chosen":"IRONCLAD","items_purchased":["Membership Card","Whetstone","Inflame","Torii","Limit Break","Impatience","Strawberry"],"campfire_rested":1,"item_purchase_floors":[2,2,2,22,24,24,37],"current_hp_per_floor":[62,62,54,60,63,63,63,63,63,63,69,67,73,66,66,72,80,78,86,86,71,71,71,71,71,71,65,55,39,45,54,83,17,101,87,77,84,80,80,80,73,73,73,73,67,67,67,72,72,0],"gold":26,"neow_bonus":"TWO_FIFTY_GOLD","is_prod":false,"is_daily":false,"chose_seed":false,"campfire_upgraded":9,"win_rate":0,"timestamp":1536032288,"path_taken":["M","$","?","M","M","R","?","R","T","R","M","?","M","?","R","BOSS","M","M","?","M","$","R","$","R","T","E","M","?","M","M","R","BOSS","M","?","?","?","?","R","M","R","T","$","?","?","$","M","R","BOSS"],"build_version":"2018-08-30","purchased_purges":6,"victory":false,"max_hp_per_floor":[80,80,80,80,80,80,80,80,80,80,80,80,80,80,80,80,80,83,86,86,86,86,86,86,86,86,89,92,95,95,98,98,101,101,104,104,111,111,111,111,115,115,115,115,119,119,119,119,119,119],"card_choices":[{"not_picked":["Clothesline","Thunderclap"],"picked":"Inflame","floor":1},{"not_picked":["Heavy Blade","Sword Boomerang"],"picked":"Dropkick","floor":4},{"not_picked":["Burning Pact","Twin Strike"],"picked":"Thunderclap","floor":5},{"not_picked":["Body Slam","Pummel","Anger"],"picked":"SKIP","floor":11},{"not_picked":["Heavy Blade","Evolve"],"picked":"Disarm","floor":12},{"not_picked":["Perfected Strike","Blood for Blood"],"picked":"Heavy Blade","floor":13},{"not_picked":["Clothesline","Twin Strike"],"picked":"Disarm","floor":14},{"not_picked":["Impervious","Brutality"],"picked":"Feed","floor":16},{"not_picked":["Rage","Sever Soul","Armaments"],"picked":"SKIP","floor":18},{"not_picked":["Rampage","Anger","Flex"],"picked":"SKIP","floor":19},{"not_picked":["Pommel Strike","Perfected Strike"],"picked":"Thunderclap+1","floor":21},{"not_picked":["Clash","Rage","Clothesline"],"picked":"SKIP","floor":27},{"not_picked":["Hemokinesis","Headbutt","Warcry+1"],"picked":"SKIP","floor":28},{"not_picked":["Hemokinesis","Headbutt"],"picked":"Warcry+1","floor":28},{"not_picked":["Intimidate","Thunderclap+1"],"picked":"True Grit+1","floor":29},{"not_picked":["Cleave","Thunderclap","Armaments"],"picked":"SKIP","floor":30},{"not_picked":["Second Wind","Evolve","Fiend Fire"],"picked":"SKIP","floor":31},{"not_picked":["Cleave+1","Headbutt+1"],"picked":"Shrug It Off+1","floor":35},{"not_picked":["Panacea","Sadistic Nature"],"picked":"Trip","floor":36},{"not_picked":["PanicButton","Dramatic Entrance"],"picked":"Apotheosis","floor":36},{"not_picked":["Body Slam","Shrug It Off","Rupture+1"],"picked":"SKIP","floor":38},{"not_picked":["Rupture","Clash+1","Body Slam+1"],"picked":"SKIP","floor":41},{"not_picked":["Clothesline+1","Ghostly Armor+1","Spot Weakness"],"picked":"SKIP","floor":45},{"not_picked":["Evolve+1","Clothesline","Armaments"],"picked":"SKIP","floor":48}],"player_experience":16357,"relics_obtained":[{"floor":9,"key":"Bottled Lightning"},{"floor":26,"key":"Charon\u0027s Ashes"},{"floor":27,"key":"Happy Flower"},{"floor":43,"key":"Letter Opener"},{"floor":46,"key":"Paper Frog"}],"event_choices":[{"event_name":"FaceTrader","player_choice":"Touch","floor":3,"damage_taken":0},{"event_name":"Match and Keep!","player_choice":"1 cards matched","floor":7,"damage_taken":0},{"event_name":"Nest","player_choice":"Stole From Cult","floor":20,"damage_taken":0},{"event_name":"SensoryStone","player_choice":"Memory 3","floor":36,"damage_taken":0},{"event_name":"Upgrade Shrine","player_choice":"Upgraded","floor":39,"damage_taken":0}],"is_beta":false,"boss_relics":[{"not_picked":["Runic Dome","Runic Cube"],"picked":"Sozu"},{"not_picked":["Mark of Pain","Black Star"],"picked":"Cursed Key"}],"items_purged_floors":[2,22,24,37,44,47],"is_endless":false,"potions_floor_spawned":[1,11,14,16,18,27,29,30,41,45],"killed_by":"Time Eater","ascension_level":0}