{"gold_per_floor":[118,118,118,68,68,68,78,104,104,120,140,140,40,75,75,171,171,171,171,171,171,96,96,96,96,96,96,96,96,96,96,96,96,96,96,96,96,96,96,96,96,96,96,96,96,96,16,16,16,16],"floor_reached":51,"playtime":1763,"items_purged":["Strike_R"],"score":988,"play_id":"82cf25f5-afad-4633-9d0b-dbf9b07a249a","local_time":"20181007194236","is_ascension_mode":true,"campfire_choices":[{"data":"Pommel Strike","floor":6,"key":"SMITH"},{"data":"Dual Wield","floor":15,"key":"SMITH"},{"data":"Flash of Steel","floor":25,"key":"SMITH"},{"data":"Barricade","floor":32,"key":"SMITH"},{"data":"Shockwave","floor":41,"key":"SMITH"},{"data":"Panache","floor":49,"key":"SMITH"}],"neow_cost":"","seed_source_timestamp":21348689530477,"circlet_count":0,"master_deck":["Strike_R","Defend_R","Defend_R","Defend_R","Bash","Sword Boomerang","Pommel Strike+1","Shockwave+1","Barricade+1","Armaments+1","Shrug It Off","Flash of Steel+1","Dual Wield+1","Impervious","Body Slam+1","True Grit+1","Warcry+1","Flash of Steel+1","Finesse","Panache+1","Bandage Up","Metallicize"],"relics":["Burning Blood","Mercury Hourglass","Anchor","Sundial","Bird Faced Urn","Ectoplasm","Tiny Chest","Strawberry","Bag of Preparation","Bottled Tornado","Tiny House","Charon\u0027s Ashes","MawBank","Dodecahedron"],"potions_floor_usage":[23,31,40,44],"damage_taken":[{"damage":0,"enemies":"Small Slimes","floor":1,"turns":3},{"damage":1,"enemies":"Cultist","floor":7,"turns":3},{"damage":31,"enemies":"3 Sentries","floor":8,"turns":7},{"damage":0,"enemies":"2 Louse","floor":10,"turns":2},{"damage":3,"enemies":"Large Slime","floor":11,"turns":6},{"damage":0,"enemies":"Lagavulin","floor":14,"turns":7},{"damage":61,"enemies":"The Guardian","floor":16,"turns":12},{"damage":0,"enemies":"Spheric Guardian","floor":18,"turns":7},{"damage":0,"enemies":"Chosen","floor":20,"turns":6},{"damage":0,"enemies":"Gremlin Leader","floor":23,"turns":6},{"damage":0,"enemies":"Centurion and Healer","floor":27,"turns":3},{"damage":7,"enemies":"Book of Stabbing","floor":29,"turns":6},{"damage":0,"enemies":"Sentry and Sphere","floor":30,"turns":3},{"damage":0,"enemies":"Snake Plant","floor":31,"turns":3},{"damage":0,"enemies":"Automaton","floor":33,"turns":8},{"damage":0,"enemies":"Orb Walker","floor":35,"turns":2},{"damage":0,"enemies":"3 Darklings","floor":36,"turns":6},{"damage":0,"enemies":"Maw","floor":39,"turns":7},{"damage":21,"enemies":"2 Orb Walkers","floor":40,"turns":4},{"damage":0,"enemies":"Spire Growth","floor":42,"turns":3},{"damage":0,"enemies":"4 Shapes","floor":44,"turns":1},{"damage":0,"enemies":"Reptomancer","floor":46,"turns":5},{"damage":13,"enemies":"Giant Head","floor":48,"turns":8},{"damage":13,"enemies":"Awakened One","floor":50,"turns":10}],"seed_played":"2888186665655468163","potions_obtained":[{"floor":11,"key":"Fire Potion"},{"floor":14,"key":"SkillPotion"},{"floor":18,"key":"Weak Potion"},{"floor":29,"key":"Fire Potion"},{"floor":31,"key":"Poison Potion"},{"floor":40,"key":"SmokeBomb"}],"is_trial":false,"path_per_floor":["M","?","?","?","T","R","M","E","T","M","M","?","$","E","R","B",null,"M","?","M","?","$","E","?","R","T","M","T","E","M","M","R","B",null,"M","M","?","$","M","E","R","M","T","M","?","M","$","E","R","B"],"character_chosen":"IRONCLAD","items_purchased":["Flash of Steel","Metallicize"],"campfire_rested":0,"item_purchase_floors":[13,47],"current_hp_per_floor":[80,80,80,80,80,80,80,55,55,61,64,57,57,63,63,10,80,80,80,80,80,80,80,80,80,87,87,87,86,87,87,87,87,92,92,92,92,92,92,77,77,85,85,91,81,92,92,85,85,85],"gold":16,"neow_bonus":"","is_prod":false,"is_daily":false,"chose_seed":false,"campfire_upgraded":6,"win_rate":0,"timestamp":1538937756,"path_taken":["M","?","?","?","?","R","?","E","T","M","M","?","$","E","R","BOSS","M","?","M","?","?","E","?","R","T","?","?","E","M","?","R","BOSS","M","M","?","$","M","E","R","?","T","M","?","?","$","E","R","BOSS"],"build_version":"2018-10-04v2","purchased_purges":1,"victory":true,"max_hp_per_floor":[80,80,80,80,80,80,80,80,80,80,80,80,80,80,80,80,80,80,80,80,80,80,80,80,80,87,87,87,87,87,87,87,87,92,92,92,92,92,92,92,92,92,92,92,92,92,92,92,92,92],"card_choices":[{"not_picked":["True Grit","Heavy Blade"],"picked":"Sword Boomerang","floor":1},{"not_picked":["Clothesline","Entrench"],"picked":"Shockwave","floor":7},{"not_picked":["Armaments","Havoc"],"picked":"Barricade","floor":8},{"not_picked":["Seeing Red","Clash"],"picked":"Armaments","floor":10},{"not_picked":["Wild Strike","Body Slam"],"picked":"Shrug It Off","floor":11},{"not_picked":["Uppercut","Sword Boomerang"],"picked":"Dual Wield","floor":14},{"not_picked":["Berserk","Fiend Fire"],"picked":"Impervious","floor":16},{"not_picked":["Hemokinesis+1","Sword Boomerang"],"picked":"Body Slam+1","floor":18},{"not_picked":["Power Through","Seeing Red","Wild Strike"],"picked":"SKIP","floor":20},{"not_picked":["Rampage","Iron Wave","Havoc"],"picked":"SKIP","floor":23},{"not_picked":["Perfected Strike+1","Corruption+1","Bloodletting+1"],"picked":"SKIP","floor":27},{"not_picked":["Clothesline","Flex","Bloodletting"],"picked":"SKIP","floor":29},{"not_picked":["Inflame","Thunderclap"],"picked":"True Grit+1","floor":30},{"not_picked":["Corruption","Flame Barrier"],"picked":"Warcry+1","floor":31},{"not_picked":["Shrug It Off+1","Cleave","Clash+1"],"picked":"SKIP","floor":35},{"not_picked":["Sever Soul","Searing Blow","Sword Boomerang"],"picked":"SKIP","floor":36},{"not_picked":["Wild Strike","Thunderclap+1","Shrug It Off"],"picked":"SKIP","floor":39},{"not_picked":["Infernal Blade","Flex+1","Headbutt+1"],"picked":"SKIP","floor":40},{"not_picked":["Flex","Iron Wave+1","Rampage"],"picked":"SKIP","floor":42},{"not_picked":["Dark Shackles","Secret Weapon"],"picked":"Finesse","floor":45},{"not_picked":["Madness","Blind"],"picked":"Panache","floor":45},{"not_picked":["Trip","Madness"],"picked":"Bandage Up","floor":45},{"not_picked":["Clash","Pummel","Armaments"],"picked":"SKIP","floor":46},{"not_picked":["Thunderclap+1","Clothesline","Rage"],"picked":"SKIP","floor":48}],"player_experience":61756,"relics_obtained":[{"floor":5,"key":"Mercury Hourglass"},{"floor":8,"key":"Anchor"},{"floor":9,"key":"Sundial"},{"floor":14,"key":"Bird Faced Urn"},{"floor":23,"key":"Tiny Chest"},{"floor":26,"key":"Strawberry"},{"floor":28,"key":"Bag of Preparation"},{"floor":29,"key":"Bottled Tornado"},{"floor":40,"key":"Charon\u0027s Ashes"},{"floor":43,"key":"MawBank"},{"floor":48,"key":"Dodecahedron"}],"event_choices":[{"event_name":"Match and Keep!","player_choice":"1 cards matched","floor":2,"damage_taken":0},{"event_name":"Living Wall","player_choice":"Forget","floor":3,"damage_taken":0},{"event_name":"The Cleric","player_choice":"Card Removal","floor":4,"damage_taken":0},{"event_name":"Golden Wing","player_choice":"Card Removal","floor":12,"damage_taken":0},{"event_name":"Vampires","player_choice":"Ignored","floor":19,"damage_taken":0},{"event_name":"Back to Basics","player_choice":"Elegance","floor":21,"damage_taken":0},{"event_name":"The Mausoleum","player_choice":"No","floor":24,"damage_taken":0},{"event_name":"Duplicator","player_choice":"One dupe","floor":37,"damage_taken":0},{"event_name":"SensoryStone","player_choice":"Memory 3","floor":45,"damage_taken":0}],"is_beta":false,"boss_relics":[{"not_picked":["Black Star","Black Blood"],"picked":"Ectoplasm"},{"not_picked":["Runic Cube","Velvet Choker"],"picked":"Tiny House"}],"items_purged_floors":[22],"is_endless":false,"potions_floor_spawned":[11,14,18,29,30,31,35,40,44],"ascension_level":2}