{"gold_per_floor":[110,110,185,199,199,199,213,5,57,87,6,6,25,36,36,36],"floor_reached":16,"playtime":288,"items_purged":["Strike_G"],"score":185,"play_id":"a0f87c95-8f92-4c4f-b8ea-6fad5c2a4458","local_time":"20190112144034","is_ascension_mode":true,"campfire_choices":[{"data":"Dodge and Roll","floor":6,"key":"SMITH"},{"data":"Crippling Poison","floor":15,"key":"SMITH"}],"neow_cost":"NONE","seed_source_timestamp":54126714688869,"circlet_count":0,"master_deck":["AscendersBane","Defend_G","Defend_G","Defend_G","Defend_G","Defend_G","Strike_G","Strike_G","Strike_G","Survivor","Neutralize","Predator","Quick Slash","Dodge and Roll+1","Noxious Fumes","Sucker Punch","Poisoned Stab","Deflect","Cloak And Dagger","Crippling Poison+1","Deflect"],"relics":["Ring of the Snake","NeowsBlessing","Potion Belt","Boot"],"potions_floor_usage":[10,16],"damage_taken":[{"damage":0,"enemies":"2 Louse","floor":1,"turns":1},{"damage":0,"enemies":"Jaw Worm","floor":4,"turns":1},{"damage":0,"enemies":"Cultist","floor":7,"turns":1},{"damage":25,"enemies":"Lagavulin","floor":10,"turns":8},{"damage":7,"enemies":"Large Slime","floor":13,"turns":5},{"damage":3,"enemies":"Looter","floor":14,"turns":4},{"damage":13,"enemies":"Hexaghost","floor":16,"turns":9}],"seed_played":"-1380006437441066007","potions_obtained":[{"floor":7,"key":"PowerPotion"},{"floor":14,"key":"SkillPotion"}],"is_trial":false,"path_per_floor":["M","?","?","M","?","R","M","$","T","E","$","?","M","M","R","B"],"character_chosen":"THE_SILENT","items_purchased":["Noxious Fumes","Sucker Punch","Deflect","Cloak And Dagger"],"campfire_rested":0,"item_purchase_floors":[8,8,11,11],"current_hp_per_floor":[59,59,48,48,48,48,48,48,48,23,23,23,16,13,13,0],"gold":36,"neow_bonus":"THREE_ENEMY_KILL","is_prod":false,"is_daily":false,"chose_seed":false,"campfire_upgraded":2,"win_rate":0,"timestamp":1547304034,"path_taken":["M","?","?","M","?","R","M","$","T","E","$","?","?","M","R","BOSS"],"build_version":"2019-01-10","purchased_purges":1,"victory":false,"max_hp_per_floor":[66,66,66,66,66,66,66,66,66,66,66,66,66,66,66,66],"card_choices":[{"not_picked":["PiercingWail","Blur"],"picked":"Predator","floor":1},{"not_picked":["Eviscerate","Expertise"],"picked":"Quick Slash","floor":4},{"not_picked":["Distraction","Dagger Spray","Flechettes"],"picked":"SKIP","floor":7},{"not_picked":["Outmaneuver","Acrobatics"],"picked":"Poisoned Stab","floor":10},{"not_picked":["Slice","Dagger Throw"],"picked":"Crippling Poison","floor":13},{"not_picked":["Noxious Fumes","Skewer"],"picked":"Deflect","floor":14}],"player_experience":371223,"relics_obtained":[{"floor":9,"key":"Potion Belt"},{"floor":10,"key":"Boot"}],"event_choices":[{"damage_healed":0,"gold_gain":0,"player_choice":"Fled","damage_taken":0,"max_hp_gain":0,"max_hp_loss":0,"event_name":"Scrap Ooze","floor":2,"gold_loss":0},{"damage_healed":0,"gold_gain":75,"player_choice":"Gather Gold","damage_taken":11,"max_hp_gain":0,"max_hp_loss":0,"event_name":"World of Goop","floor":3,"gold_loss":0},{"damage_healed":0,"gold_gain":0,"cards_transformed":["Strike_G"],"player_choice":"Change","damage_taken":0,"max_hp_gain":0,"max_hp_loss":0,"event_name":"Living Wall","floor":5,"gold_loss":0,"cards_obtained":["Dodge and Roll"]},{"damage_healed":0,"gold_gain":0,"player_choice":"Ignored","damage_taken":0,"max_hp_gain":0,"max_hp_loss":0,"event_name":"WeMeetAgain","floor":12,"gold_loss":0}],"is_beta":false,"boss_relics":[],"items_purged_floors":[8],"is_endless":false,"potions_floor_spawned":[7,14],"killed_by":"Hexaghost","ascension_level":17}