{"gold_per_floor":[117,117,134,209,12,12,63,101,101,101,138,138,170,186,186,306,306,286,304,8,8],"floor_reached":21,"playtime":1300,"items_purged":[],"score":236,"play_id":"e0386e7b-de5e-43ec-8c77-567f94049317","local_time":"20180909164859","is_ascension_mode":true,"campfire_choices":[{"data":"HandOfGreed","floor":6,"key":"SMITH"},{"data":"After Image","floor":12,"key":"SMITH"},{"floor":15,"key":"REST"}],"neow_cost":"NONE","seed_source_timestamp":927034010618972,"circlet_count":0,"master_deck":["Defend_G","Defend_G","Defend_G","Defend_G+1","Defend_G","Strike_G","Strike_G","Strike_G","Strike_G","Survivor","Neutralize","Noxious Fumes","Deflect+1","Unload","HandOfGreed+1","After Image+1","Dagger Throw","Escape Plan","Sucker Punch","Storm of Steel","Blade Dance","Catalyst","Noxious Fumes","Burst","Slice","Noxious Fumes","Cloak And Dagger"],"relics":["Ring of the Snake","War Paint","The Courier","Ginger","WristBlade"],"potions_floor_usage":[13],"damage_taken":[{"damage":7,"enemies":"Jaw Worm","floor":1,"turns":5},{"damage":0,"enemies":"Cultist","floor":3,"turns":5},{"damage":20,"enemies":"3 Sentries","floor":7,"turns":7},{"damage":0,"enemies":"2 Louse","floor":8,"turns":1},{"damage":11,"enemies":"Looter","floor":11,"turns":3},{"damage":35,"enemies":"Gremlin Nob","floor":13,"turns":5},{"damage":0,"enemies":"Red Slaver","floor":14,"turns":4},{"damage":34,"enemies":"Slime Boss","floor":16,"turns":12},{"damage":18,"enemies":"2 Thieves","floor":18,"turns":4},{"damage":17,"enemies":"Chosen","floor":19,"turns":6},{"damage":20,"enemies":"Sentry and Sphere","floor":21,"turns":5}],"seed_played":"1764356649066593050","potions_obtained":[{"floor":1,"key":"LiquidBronze"},{"floor":3,"key":"AttackPotion"},{"floor":7,"key":"SpeedPotion"},{"floor":16,"key":"FearPotion"},{"floor":19,"key":"Explosive Potion"}],"is_trial":false,"path_per_floor":["M","?","M","?","$","R","E","M","T","?","M","R","E","M","R","B",null,"M","M","$"],"character_chosen":"THE_SILENT","items_purchased":["HandOfGreed","Noxious Fumes","Burst","Slice","Noxious Fumes","Cloak And Dagger"],"campfire_rested":1,"item_purchase_floors":[5,20,20,20,20,20],"current_hp_per_floor":[63,63,63,52,52,52,32,32,32,70,59,59,24,24,45,11,55,37,20,20,0],"gold":8,"neow_bonus":"THREE_CARDS","is_prod":false,"is_daily":false,"chose_seed":false,"campfire_upgraded":2,"win_rate":0,"timestamp":1536529739,"path_taken":["M","?","M","?","$","R","E","M","T","?","M","R","E","M","R","BOSS","M","M","$","M"],"build_version":"2018-09-06","purchased_purges":0,"victory":false,"max_hp_per_floor":[70,70,70,70,70,70,70,70,70,70,70,70,70,70,70,70,70,70,70,70,70],"card_choices":[{"not_picked":["Heel Hook","Deadly Poison"],"picked":"Noxious Fumes","floor":0},{"not_picked":["Distraction","Outmaneuver"],"picked":"Deflect","floor":1},{"not_picked":["Deadly Poison","Acrobatics"],"picked":"Unload","floor":3},{"not_picked":["Predator","Cloak And Dagger"],"picked":"After Image","floor":7},{"not_picked":["Terror","PiercingWail"],"picked":"Backstab","floor":8},{"not_picked":["Finisher","Blade Dance"],"picked":"Dagger Throw","floor":11},{"not_picked":["Tactician","Dodge and Roll"],"picked":"Escape Plan","floor":13},{"not_picked":["Blade Dance","Dagger Throw"],"picked":"Sucker Punch","floor":14},{"not_picked":["Doppelganger","Unload"],"picked":"Storm of Steel","floor":16},{"not_picked":["Prepared","Terror+1"],"picked":"Blade Dance","floor":18},{"not_picked":["Reflex","Acrobatics"],"picked":"Catalyst","floor":19}],"player_experience":276642,"relics_obtained":[{"floor":7,"key":"War Paint"},{"floor":9,"key":"The Courier"},{"floor":13,"key":"Ginger"}],"event_choices":[{"event_name":"Purifier","player_choice":"One Purge","floor":2,"damage_taken":0},{"event_name":"World of Goop","player_choice":"Gather Gold","floor":4,"damage_taken":0},{"event_name":"Bonfire Elementals","player_choice":"UNCOMMON","floor":10,"damage_taken":0}],"is_beta":false,"boss_relics":[{"not_picked":["White Beast Statue","Runic Pyramid"],"picked":"WristBlade"}],"items_purged_floors":[],"is_endless":false,"potions_floor_spawned":[1,3,7,16,19],"killed_by":"Sentry and Sphere","ascension_level":5}