{"gold_per_floor":[117,117,117,137,412,412,14,14,14,14,45,61,61,97,97,97],"floor_reached":16,"playtime":686,"items_purged":["Regret"],"score":170,"play_id":"8f02b346-1e06-437c-9a3a-f33a180b0686","local_time":"20181110154221","is_ascension_mode":true,"campfire_choices":[{"data":"Pommel Strike","floor":6,"key":"SMITH"},{"data":"Shrug It Off","floor":8,"key":"SMITH"},{"floor":10,"key":"REST"},{"data":"Inflame","floor":15,"key":"SMITH"}],"neow_cost":"NONE","seed_source_timestamp":1197801022375889,"circlet_count":0,"master_deck":["AscendersBane","Strike_R","Strike_R","Strike_R","Strike_R+1","Defend_R","Defend_R","Defend_R+1","Defend_R","Bash","Reaper","Shrug It Off+1","Pommel Strike+1","Perfected Strike","Inflame+1","Infernal Blade"],"relics":["Burning Blood","Turnip","Thread and Needle","Art of War","Golden Idol","Omamori"],"potions_floor_usage":[4],"damage_taken":[{"damage":6,"enemies":"2 Louse","floor":1,"turns":5},{"damage":7,"enemies":"Small Slimes","floor":4,"turns":4},{"damage":21,"enemies":"Lagavulin","floor":11,"turns":6},{"damage":0,"enemies":"Cultist","floor":12,"turns":3},{"damage":7,"enemies":"3 Sentries","floor":14,"turns":8},{"damage":81,"enemies":"Hexaghost","floor":16,"turns":11}],"seed_played":"7175460165007473279","potions_obtained":[{"floor":1,"key":"Energy Potion"},{"floor":14,"key":"SteroidPotion"}],"is_trial":false,"path_per_floor":["M","?","?","M","?","R","$","R","T","R","E","M","?","E","R","B"],"character_chosen":"IRONCLAD","items_purchased":["Turnip","Perfected Strike"],"campfire_rested":1,"item_purchase_floors":[7,7],"current_hp_per_floor":[75,59,52,57,57,57,57,57,57,80,65,75,55,72,72,0],"gold":97,"neow_bonus":"ONE_RANDOM_RARE_CARD","is_prod":false,"is_daily":false,"chose_seed":false,"campfire_upgraded":3,"win_rate":0,"timestamp":1541886141,"path_taken":["M","?","?","M","?","R","$","R","T","R","E","?","?","E","R","BOSS"],"build_version":"2018-11-08","purchased_purges":1,"victory":false,"max_hp_per_floor":[80,80,80,80,80,80,80,80,80,80,80,80,80,80,80,80],"card_choices":[{"not_picked":["Uppercut","Sword Boomerang"],"picked":"Shrug It Off","floor":1},{"not_picked":["Anger","Combust"],"picked":"Pommel Strike","floor":4},{"not_picked":["True Grit","Carnage"],"picked":"Inflame","floor":11},{"not_picked":["Clash","Havoc","Wild Strike"],"picked":"SKIP","floor":12},{"not_picked":["Dark Embrace","Dual Wield"],"picked":"Infernal Blade","floor":14}],"player_experience":432035,"relics_obtained":[{"floor":9,"key":"Thread and Needle"},{"floor":11,"key":"Art of War"},{"floor":14,"key":"Omamori"}],"event_choices":[{"damage_healed":0,"gold_gain":0,"player_choice":"Entered Light","damage_taken":16,"max_hp_gain":0,"max_hp_loss":0,"event_name":"Shining Light","floor":2,"gold_loss":0,"cards_upgraded":["Strike_R","Defend_R"]},{"cards_removed":["Strike_R"],"damage_healed":0,"gold_gain":0,"player_choice":"Card Removal","damage_taken":7,"max_hp_gain":0,"max_hp_loss":0,"event_name":"Golden Wing","floor":3,"gold_loss":0},{"damage_healed":0,"gold_gain":275,"player_choice":"Desecrate","damage_taken":0,"max_hp_gain":0,"max_hp_loss":0,"event_name":"Golden Shrine","floor":5,"gold_loss":0,"cards_obtained":["Regret"]},{"damage_healed":0,"gold_gain":0,"player_choice":"Take Damage","damage_taken":20,"relics_obtained":["Golden Idol"],"max_hp_gain":0,"max_hp_loss":0,"event_name":"Golden Idol","floor":13,"gold_loss":0}],"is_beta":false,"boss_relics":[],"items_purged_floors":[7],"is_endless":false,"potions_floor_spawned":[1,14],"killed_by":"Hexaghost","ascension_level":12}