{"gold_per_floor":[112,122,197,197,44,44,77,87,113,124,142,142,154,167,167,262,262,282,233,233,251,215,215,233,233,233,268,118,128,128,128,128,233,233,247,547,338,356,6,6,16,43,43,43,43,0,0,25,25,25],"floor_reached":51,"playtime":7482,"items_purged":["Defend_B","Defend_B"],"score":818,"play_id":"25c04ac7-a4fc-4cb5-b405-b30588183f8e","local_time":"20190109182451","is_ascension_mode":true,"campfire_choices":[{"data":"Loop","floor":6,"key":"SMITH"},{"floor":15,"key":"REST"},{"data":"Electrodynamics","floor":23,"key":"SMITH"},{"data":"Loop","floor":25,"key":"SMITH"},{"data":"White Noise","floor":30,"key":"SMITH"},{"data":"Loop","floor":32,"key":"SMITH"},{"data":"Buffer","floor":40,"key":"SMITH"},{"floor":49,"key":"REST"}],"neow_cost":"NONE","seed_source_timestamp":3804990141810722,"circlet_count":0,"master_deck":["Defend_B+1","Defend_B","Zap","Dualcast","Loop+1","Conserve Battery","Conserve Battery","Self Repair","Loop+1","Cold Snap","Electrodynamics+1","Storm+1","Leap+1","Seek+1","Go for the Eyes","Coolheaded+1","RitualDagger","Loop+1","Force Field+1","White Noise+1","Self Repair","Buffer+1","Seek+1","Capacitor+1","Capacitor"],"relics":["Cracked Core","Oddly Smooth Stone","Orichalcum","Regal Pillow","Ancient Tea Set","Astrolabe","Singing Bowl","Bottled Lightning","Philosopher\u0027s Stone","DollysMirror","Juzu Bracelet","Vajra","Red Mask","War Paint"],"potions_floor_usage":[2,11,16,27,33,39,48,48,50],"damage_taken":[{"damage":0,"enemies":"Small Slimes","floor":1,"turns":2},{"damage":0,"enemies":"2 Louse","floor":2,"turns":2},{"damage":61,"enemies":"3 Sentries","floor":7,"turns":14},{"damage":0,"enemies":"Cultist","floor":8,"turns":3},{"damage":0,"enemies":"Exordium Wildlife","floor":10,"turns":3},{"damage":1,"enemies":"3 Louse","floor":11,"turns":5},{"damage":2,"enemies":"Looter","floor":13,"turns":4},{"damage":12,"enemies":"Lots of Slimes","floor":14,"turns":5},{"damage":37,"enemies":"Slime Boss","floor":16,"turns":22},{"damage":17,"enemies":"2 Thieves","floor":18,"turns":3},{"damage":2,"enemies":"3 Byrds","floor":21,"turns":3},{"damage":7,"enemies":"Shelled Parasite and Fungi","floor":24,"turns":6},{"damage":0,"enemies":"Gremlin Leader","floor":27,"turns":5},{"damage":0,"enemies":"Centurion and Healer","floor":29,"turns":4},{"damage":32,"enemies":"Champ","floor":33,"turns":15},{"damage":29,"enemies":"3 Darklings","floor":35,"turns":2},{"damage":4,"enemies":"Orb Walker","floor":38,"turns":3},{"damage":6,"enemies":"Maw","floor":41,"turns":7},{"damage":6,"enemies":"Reptomancer","floor":42,"turns":5},{"damage":76,"enemies":"Giant Head","floor":48,"turns":13},{"damage":37,"enemies":"Time Eater","floor":50,"turns":10}],"seed_played":"8665715596664707365","potions_obtained":[{"floor":1,"key":"Explosive Potion"},{"floor":2,"key":"Weak Potion"},{"floor":10,"key":"FearPotion"},{"floor":11,"key":"Fruit Juice"},{"floor":21,"key":"Swift Potion"},{"floor":27,"key":"SkillPotion"},{"floor":33,"key":"Energy Potion"},{"floor":42,"key":"Strength Potion"},{"floor":48,"key":"Fire Potion"}],"is_trial":false,"path_per_floor":["M","M","?","?","$","R","E","M","T","M","M","?","M","M","R","B",null,"M","$","?","M","$","R","M","R","T","E","$","M","R","?","R","B",null,"M","?","$","M","$","R","M","E","T","?","?","?","$","E","R","B",null],"character_chosen":"DEFECT","items_purchased":["Oddly Smooth Stone","Coolheaded","Loop","White Noise","DollysMirror","Juzu Bracelet","Fruit Juice"],"campfire_rested":2,"item_purchase_floors":[5,19,22,28,37,39,39],"current_hp_per_floor":[75,75,64,69,69,69,8,8,8,15,26,19,24,19,58,28,80,70,70,64,69,69,69,69,69,69,78,78,84,84,84,84,66,84,64,64,64,60,65,65,75,85,85,85,81,81,81,19,62,39],"gold":25,"neow_bonus":"TRANSFORM_CARD","is_prod":false,"is_daily":false,"chose_seed":false,"campfire_upgraded":6,"win_rate":0,"timestamp":1547087091,"path_taken":["M","M","?","?","$","R","E","M","T","M","?","?","M","M","R","BOSS","M","$","?","M","$","R","M","R","T","E","$","M","R","?","R","BOSS","M","?","$","?","$","R","M","E","T","?","?","?","?","E","R","BOSS"],"build_version":"2019-01-03v4","purchased_purges":2,"victory":true,"max_hp_per_floor":[75,75,75,75,75,75,75,75,75,75,80,80,80,80,80,80,80,80,80,80,80,80,80,80,80,80,82,82,84,84,84,84,84,84,86,86,86,86,91,91,93,95,95,90,96,96,96,96,96,96],"card_choices":[{"not_picked":["Heatsinks","BootSequence"],"picked":"Loop","floor":1},{"not_picked":["Reprogram","Redo"],"picked":"Conserve Battery","floor":2},{"not_picked":["Compile Driver","Beam Cell"],"picked":"Conserve Battery","floor":7},{"not_picked":["Redo","Go for the Eyes"],"picked":"Self Repair","floor":8},{"not_picked":["Fusion","Beam Cell","Darkness"],"picked":"SKIP","floor":10},{"not_picked":["Hello World","Melter"],"picked":"Loop","floor":11},{"not_picked":["Auto Shields","Redo"],"picked":"Cold Snap","floor":13},{"not_picked":["Sweeping Beam","Redo","Steam"],"picked":"SKIP","floor":14},{"not_picked":["All For One","Multi-Cast"],"picked":"Electrodynamics","floor":16},{"not_picked":["Redo","Beam Cell+1"],"picked":"Go for the Eyes","floor":18},{"not_picked":["Aggregate","Turbo","Fusion+1"],"picked":"SKIP","floor":21},{"not_picked":["Double Energy","Ball Lightning"],"picked":"Force Field+1","floor":24},{"not_picked":["Redo","Reprogram","Coolheaded+1"],"picked":"Singing Bowl","floor":27},{"not_picked":["Genetic Algorithm","Streamline","Double Energy"],"picked":"Singing Bowl","floor":29},{"not_picked":["Amplify","Reboot"],"picked":"Buffer","floor":33},{"not_picked":["Gash","Scrape","Rebound+1"],"picked":"Singing Bowl","floor":35},{"not_picked":["Reprogram+1","Consume+1"],"picked":"Capacitor+1","floor":38},{"not_picked":["Reinforced Body","Lockon","Streamline+1"],"picked":"Singing Bowl","floor":41},{"not_picked":["Streamline+1","All For One","Barrage+1"],"picked":"Singing Bowl","floor":42},{"not_picked":["Swift Strike","Madness","Bandage Up"],"picked":"Singing Bowl","floor":45},{"not_picked":["Dramatic Entrance","Mind Blast","Trip"],"picked":"Singing Bowl","floor":45},{"not_picked":["Dramatic Entrance","Violence","Good Instincts"],"picked":"Singing Bowl","floor":45},{"not_picked":["Gash","Coolheaded+1"],"picked":"Capacitor","floor":48}],"player_experience":260126,"relics_obtained":[{"floor":7,"key":"Orichalcum"},{"floor":9,"key":"Regal Pillow"},{"floor":26,"key":"Singing Bowl"},{"floor":27,"key":"Bottled Lightning"},{"floor":42,"key":"Vajra"},{"floor":48,"key":"War Paint"}],"event_choices":[{"damage_healed":0,"gold_gain":75,"player_choice":"Gather Gold","damage_taken":11,"max_hp_gain":0,"max_hp_loss":0,"event_name":"World of Goop","floor":3,"gold_loss":0},{"cards_removed":["Turbo"],"damage_healed":5,"gold_gain":0,"player_choice":"Offered Common","damage_taken":0,"max_hp_gain":0,"max_hp_loss":0,"event_name":"Bonfire Elementals","floor":4,"gold_loss":0},{"cards_removed":["Turbo"],"damage_healed":5,"gold_gain":0,"player_choice":"Offered Special","damage_taken":0,"max_hp_gain":0,"max_hp_loss":0,"event_name":"Bonfire Elementals","floor":4,"gold_loss":0},{"damage_healed":0,"gold_gain":0,"player_choice":"Success","damage_taken":7,"relics_obtained":["Ancient Tea Set"],"max_hp_gain":0,"max_hp_loss":0,"event_name":"Scrap Ooze","floor":12,"gold_loss":0},{"damage_healed":0,"gold_gain":0,"player_choice":"Joined the Cult","damage_taken":6,"max_hp_gain":0,"max_hp_loss":0,"event_name":"Nest","floor":20,"gold_loss":0,"cards_obtained":["RitualDagger"]},{"damage_healed":0,"gold_gain":0,"player_choice":"Read","damage_taken":0,"max_hp_gain":0,"max_hp_loss":0,"event_name":"The Library","floor":31,"gold_loss":0,"cards_obtained":["Self Repair"]},{"damage_healed":0,"gold_gain":300,"player_choice":"Gold","damage_taken":0,"max_hp_gain":0,"max_hp_loss":0,"event_name":"Wheel of Change","floor":36,"gold_loss":0},{"damage_healed":0,"gold_gain":0,"player_choice":"Max HP","damage_taken":0,"max_hp_gain":0,"max_hp_loss":5,"event_name":"Winding Halls","floor":44,"gold_loss":0},{"damage_healed":0,"gold_gain":0,"player_choice":"Memory 3","damage_taken":10,"max_hp_gain":0,"max_hp_loss":0,"event_name":"SensoryStone","floor":45,"gold_loss":0},{"damage_healed":0,"gold_gain":0,"player_choice":"Paid","damage_taken":0,"relics_obtained":["Red Mask"],"max_hp_gain":0,"max_hp_loss":0,"event_name":"Tomb of Lord Red Mask","floor":46,"gold_loss":43}],"is_beta":false,"boss_relics":[{"not_picked":["Runic Pyramid","Pandora\u0027s Box"],"picked":"Astrolabe"},{"not_picked":["Velvet Choker","Nuclear Battery"],"picked":"Philosopher\u0027s Stone"}],"items_purged_floors":[28,39],"is_endless":false,"potions_floor_spawned":[1,2,10,11,21,27,33,42,48],"ascension_level":2}