{"gold_per_floor":[115,14,14,14,30,73,3,41,41,54,54,54,72,86,86,209,272,295,295,210,231,247,247,272,315,340,340],"floor_reached":27,"playtime":709,"items_purged":["Strike_R"],"score":268,"play_id":"4b6d4e1e-a48c-4c5f-96e9-0247bee18109","local_time":"20180906201336","is_ascension_mode":false,"campfire_choices":[{"data":"True Grit","floor":12,"key":"SMITH"},{"data":"Rampage","floor":15,"key":"SMITH"},{"data":"Disarm","floor":23,"key":"SMITH"}],"neow_cost":"NONE","seed_source_timestamp":5418406616972,"circlet_count":0,"master_deck":["Strike_R+1","Defend_R+1","Defend_R","Defend_R+1","Defend_R","Bash","Thunderclap","Cleave","Rampage+1","True Grit+1","Shrug It Off","Disarm+1","Headbutt","Warcry+1"],"relics":["Burning Blood","NeowsBlessing","Golden Idol","Pear","War Paint","Frozen Egg 2","Tiny House","Kunai","Blood Vial","Boot"],"potions_floor_usage":[8,16,22,24,25],"damage_taken":[{"damage":0,"enemies":"Small Slimes","floor":1,"turns":1},{"damage":0,"enemies":"2 Louse","floor":5,"turns":1},{"damage":0,"enemies":"Lagavulin","floor":6,"turns":1},{"damage":12,"enemies":"3 Sentries","floor":8,"turns":6},{"damage":4,"enemies":"Jaw Worm","floor":10,"turns":4},{"damage":15,"enemies":"Large Slime","floor":13,"turns":7},{"damage":0,"enemies":"Looter","floor":14,"turns":5},{"damage":53,"enemies":"Hexaghost","floor":16,"turns":14},{"damage":18,"enemies":"Chosen","floor":18,"turns":8},{"damage":14,"enemies":"Spheric Guardian","floor":21,"turns":7},{"damage":17,"enemies":"Centurion and Healer","floor":22,"turns":6},{"damage":15,"enemies":"Snake Plant","floor":24,"turns":7},{"damage":33,"enemies":"Book of Stabbing","floor":25,"turns":12},{"damage":24,"enemies":"3 Cultists","floor":27,"turns":4}],"seed_played":"-6754781856313727305","potions_obtained":[{"floor":5,"key":"Fire Potion"},{"floor":13,"key":"AttackPotion"},{"floor":14,"key":"Dexterity Potion"},{"floor":16,"key":"Explosive Potion"},{"floor":17,"key":"FearPotion"},{"floor":22,"key":"Weak Potion"}],"is_trial":false,"path_per_floor":["M","$","?","?","M","E","$","E","T","M","?","R","M","M","R","B",null,"M","?","?","M","M","R","M","E","T"],"character_chosen":"IRONCLAD","items_purchased":["Cleave","Rampage"],"campfire_rested":0,"item_purchase_floors":[2,7],"current_hp_per_floor":[80,80,74,67,73,84,84,78,78,80,80,80,71,77,77,30,89,77,77,77,69,58,58,49,22,22,0],"gold":340,"neow_bonus":"THREE_ENEMY_KILL","is_prod":false,"is_daily":false,"chose_seed":false,"campfire_upgraded":3,"win_rate":0,"timestamp":1536261216,"path_taken":["M","$","?","?","?","E","$","E","T","M","?","R","M","M","R","BOSS","M","?","?","?","M","R","M","E","T","M"],"build_version":"2018-08-30","purchased_purges":1,"victory":false,"max_hp_per_floor":[80,80,74,74,74,84,84,84,84,84,84,84,84,84,84,84,89,89,89,89,89,89,89,89,89,89,89],"card_choices":[{"not_picked":["Shrug It Off","Flex"],"picked":"Thunderclap","floor":1},{"not_picked":["Perfected Strike","Searing Blow","Heavy Blade"],"picked":"SKIP","floor":5},{"not_picked":["Perfected Strike","Body Slam","Reckless Charge"],"picked":"SKIP","floor":6},{"not_picked":["Body Slam","Second Wind"],"picked":"True Grit","floor":8},{"not_picked":["Clothesline","Perfected Strike"],"picked":"Shrug It Off","floor":10},{"not_picked":["Juggernaut+1","Clash","True Grit"],"picked":"SKIP","floor":13},{"not_picked":["Blood for Blood","Infernal Blade","Seeing Red"],"picked":"SKIP","floor":14},{"not_picked":["Infernal Blade+1","Flex"],"picked":"Disarm","floor":18},{"not_picked":["Iron Wave","Perfected Strike+1"],"picked":"Headbutt","floor":21},{"not_picked":["Sword Boomerang","Thunderclap","Clothesline"],"picked":"SKIP","floor":22},{"not_picked":["Anger","Clothesline+1"],"picked":"Warcry+1","floor":24},{"not_picked":["Heavy Blade","Reckless Charge","Sever Soul"],"picked":"SKIP","floor":25}],"player_experience":23386,"relics_obtained":[{"floor":6,"key":"Pear"},{"floor":8,"key":"War Paint"},{"floor":9,"key":"Frozen Egg 2"},{"floor":25,"key":"Blood Vial"},{"floor":26,"key":"Boot"}],"event_choices":[{"event_name":"Golden Idol","player_choice":"Lose Max HP","floor":3,"damage_taken":0},{"event_name":"Golden Wing","player_choice":"Card Removal","floor":4,"damage_taken":0},{"event_name":"Purifier","player_choice":"One Purge","floor":11,"damage_taken":0},{"event_name":"Bonfire Elementals","player_choice":"BASIC","floor":19,"damage_taken":0},{"event_name":"Addict","player_choice":"Obtained Relic","floor":20,"damage_taken":0}],"is_beta":false,"boss_relics":[{"not_picked":["Runic Cube","Black Star"],"picked":"Tiny House"}],"items_purged_floors":[2],"is_endless":false,"potions_floor_spawned":[5,13,14,16,22],"killed_by":"3 Cultists","ascension_level":0}