{"gold_per_floor":[112,128,78,95,95,95,105,137,137,172,172,191,191,204,204,308,308,321,195,209,226,238,263,276,276,276,276,41,41,59,334,334,334],"floor_reached":33,"playtime":1672,"items_purged":["Defend_B"],"score":279,"play_id":"4869d8ce-2c6f-40a4-b80f-5486bf841beb","local_time":"20190119233756","is_ascension_mode":false,"campfire_choices":[{"floor":6,"key":"REST"},{"data":"Zap","floor":13,"key":"SMITH"},{"data":"Forethought","floor":15,"key":"SMITH"},{"floor":25,"key":"REST"},{"data":"Seek","floor":29,"key":"SMITH"},{"data":"Leap","floor":32,"key":"SMITH"}],"neow_cost":"PERCENT_DAMAGE","seed_source_timestamp":786768901106202,"circlet_count":0,"master_deck":["Strike_B","Strike_B","Strike_B","Defend_B","Defend_B","Defend_B+1","Zap+1","Dualcast+1","Forethought+1","Finesse+1","Leap+1","Streamline+1","Cold Snap","Seek+1","Auto Shields","Genetic Algorithm+1","Capacitor+1","Cold Snap","Electrodynamics+1","White Noise+1","Hologram+1","Self Repair+1","Melter+1","Panacea+1","Multi-Cast+1","Regret"],"relics":["Cracked Core","Frozen Egg 2","Meat on the Bone","Toxic Egg 2","Inserter","Vajra","Darkstone Periapt","War Paint","Orichalcum"],"potions_floor_usage":[8,8,16,16,23,23],"damage_taken":[{"damage":3,"enemies":"2 Louse","floor":1,"turns":3},{"damage":0,"enemies":"Small Slimes","floor":2,"turns":3},{"damage":0,"enemies":"Jaw Worm","floor":4,"turns":3},{"damage":9,"enemies":"Red Slaver","floor":7,"turns":3},{"damage":19,"enemies":"Gremlin Nob","floor":8,"turns":4},{"damage":14,"enemies":"3 Sentries","floor":10,"turns":8},{"damage":17,"enemies":"Exordium Wildlife","floor":12,"turns":4},{"damage":5,"enemies":"Looter","floor":14,"turns":3},{"damage":26,"enemies":"Slime Boss","floor":16,"turns":16},{"damage":7,"enemies":"Spheric Guardian","floor":18,"turns":4},{"damage":15,"enemies":"2 Thieves","floor":20,"turns":3},{"damage":12,"enemies":"Sentry and Sphere","floor":21,"turns":6},{"damage":12,"enemies":"Cultist and Chosen","floor":22,"turns":6},{"damage":29,"enemies":"Book of Stabbing","floor":23,"turns":6},{"damage":28,"enemies":"Shelled Parasite and Fungi","floor":24,"turns":5},{"damage":10,"enemies":"Snecko","floor":30,"turns":5},{"damage":54,"enemies":"Collector","floor":33,"turns":5}],"seed_played":"-5966918638751363478","potions_obtained":[{"floor":1,"key":"SkillPotion"},{"floor":4,"key":"SkillPotion"},{"floor":8,"key":"Weak Potion"},{"floor":12,"key":"LiquidBronze"},{"floor":14,"key":"Energy Potion"},{"floor":21,"key":"SteroidPotion"},{"floor":22,"key":"SpeedPotion"}],"is_trial":false,"path_per_floor":["M","M","?","M","?","R","M","E","T","E","?","M","R","M","R","B",null,"M","$","M","M","M","E","M","R","T","?","$","R","M","?","R","B"],"character_chosen":"DEFECT","items_purchased":["Hologram+1","Orichalcum","Panacea+1"],"campfire_rested":2,"item_purchase_floors":[19,28,28],"current_hp_per_floor":[51,51,51,51,36,58,49,30,30,28,53,48,48,43,43,29,75,68,68,53,51,49,42,26,48,48,48,48,48,48,54,54,0],"gold":334,"neow_bonus":"RANDOM_COLORLESS_2","is_prod":false,"is_daily":false,"chose_seed":false,"campfire_upgraded":4,"win_rate":0.0,"timestamp":1547908676,"path_taken":["M","M","?","M","?","R","M","E","T","E","?","M","R","M","R","BOSS","M","$","M","M","M","E","M","R","T","?","$","R","M","?","R","BOSS"],"build_version":"2019-01-17v2","purchased_purges":1,"victory":false,"max_hp_per_floor":[75,75,75,75,75,75,75,75,75,75,75,75,75,75,75,75,75,75,75,75,75,75,75,75,75,75,75,75,75,75,81,81,81],"card_choices":[{"not_picked":["Stack","Double Energy"],"picked":"Leap","floor":1},{"not_picked":["Rebound","Redo"],"picked":"Streamline","floor":2},{"not_picked":["Ball Lightning","Coolheaded"],"picked":"Cold Snap","floor":4},{"not_picked":["Barrage","Rebound"],"picked":"Seek","floor":7},{"not_picked":["Scrape","Hologram"],"picked":"Auto Shields","floor":8},{"not_picked":["Go for the Eyes","Chaos"],"picked":"Genetic Algorithm","floor":10},{"not_picked":["Go for the Eyes","Sweeping Beam"],"picked":"Capacitor+1","floor":12},{"not_picked":["Go for the Eyes","FTL"],"picked":"Cold Snap","floor":14},{"not_picked":["Biased Cognition+1","Multi-Cast+1"],"picked":"Electrodynamics+1","floor":16},{"not_picked":["Barrage","Sweeping Beam"],"picked":"White Noise+1","floor":18},{"not_picked":["FTL","Gash"],"picked":"Self Repair+1","floor":20},{"not_picked":["Hologram+1","Aggregate+1","Auto Shields+1"],"picked":"SKIP","floor":21},{"not_picked":["Gash","Genetic Algorithm+1","FTL"],"picked":"SKIP","floor":22},{"not_picked":["Beam Cell","Hologram+1","Stack+1"],"picked":"SKIP","floor":23},{"not_picked":["BootSequence+1","Darkness+1"],"picked":"Melter+1","floor":24},{"not_picked":["Leap+1","Compile Driver+1"],"picked":"Multi-Cast+1","floor":30}],"player_experience":47792,"relics_obtained":[{"floor":8,"key":"Frozen Egg 2"},{"floor":9,"key":"Meat on the Bone"},{"floor":10,"key":"Toxic Egg 2"},{"floor":23,"key":"Vajra"},{"floor":26,"key":"Darkstone Periapt"}],"event_choices":[{"cards_removed":["Strike_B"],"damage_healed":0,"gold_gain":0,"player_choice":"Card Removal","damage_taken":0,"max_hp_gain":0,"max_hp_loss":0,"event_name":"The Cleric","floor":3,"gold_loss":50},{"damage_healed":0,"gold_gain":0,"player_choice":"Entered Light","damage_taken":15,"max_hp_gain":0,"max_hp_loss":0,"event_name":"Shining Light","floor":5,"gold_loss":0,"cards_upgraded":["Finesse","Streamline"]},{"damage_healed":25,"gold_gain":0,"player_choice":"Banana","damage_taken":0,"max_hp_gain":0,"max_hp_loss":0,"event_name":"Big Fish","floor":11,"gold_loss":0},{"damage_healed":0,"gold_gain":0,"player_choice":"Opened","damage_taken":0,"relics_obtained":["War Paint"],"max_hp_gain":0,"max_hp_loss":0,"event_name":"The Mausoleum","floor":27,"gold_loss":0},{"damage_healed":0,"gold_gain":275,"player_choice":"Desecrate","damage_taken":0,"max_hp_gain":0,"max_hp_loss":0,"event_name":"Golden Shrine","floor":31,"gold_loss":0,"cards_obtained":["Regret"]}],"is_beta":false,"boss_relics":[{"not_picked":["Astrolabe","Nuclear Battery"],"picked":"Inserter"}],"items_purged_floors":[19],"is_endless":false,"potions_floor_spawned":[1,4,8,12,14,21,22],"killed_by":"Collector","ascension_level":0}