{"gold_per_floor":[109,126,136,136,146,173,173,161,186,186,198,208,208],"floor_reached":13,"playtime":1157,"items_purged":[],"score":89,"play_id":"ce3343f5-9d6e-4750-b0c6-580ada4f10bd","local_time":"20180729183858","is_ascension_mode":false,"campfire_choices":[{"floor":10,"key":"REST"}],"neow_cost":"","seed_source_timestamp":1005850551227111,"circlet_count":0,"master_deck":["Strike_B","Strike_B","Strike_B","Defend_B","Defend_B","Defend_B","Defend_B","Zap","Dualcast","Coolheaded","FTL","Sweeping Beam","Rebound","Ball Lightning","Consume","Fusion"],"relics":["Cracked Core","Bird Faced Urn","FaceOfCleric","Bag of Preparation"],"potions_floor_usage":[],"damage_taken":[{"damage":1,"enemies":"Jaw Worm","floor":1,"turns":3},{"damage":5,"enemies":"Small Slimes","floor":2,"turns":2},{"damage":0,"enemies":"Cultist","floor":3,"turns":3},{"damage":19,"enemies":"3 Louse","floor":5,"turns":4},{"damage":25,"enemies":"Lagavulin","floor":6,"turns":6},{"damage":11,"enemies":"Exordium Thugs","floor":8,"turns":5},{"damage":26,"enemies":"Lots of Slimes","floor":11,"turns":3},{"damage":10,"enemies":"Blue Slaver","floor":12,"turns":3},{"damage":6,"enemies":"Exordium Wildlife","floor":13,"turns":1}],"seed_played":"3462953416026202019","potions_obtained":[{"floor":2,"key":"Poison Potion"},{"floor":3,"key":"SkillPotion"},{"floor":5,"key":"Strength Potion"},{"floor":12,"key":"Dexterity Potion"}],"is_trial":false,"path_per_floor":["M","M","M","?","M","E","?","M","T","R","M","M"],"character_chosen":"DEFECT","items_purchased":[],"campfire_rested":1,"item_purchase_floors":[],"current_hp_per_floor":[74,69,69,69,50,25,25,15,15,37,12,3,0],"gold":208,"neow_bonus":"","is_prod":false,"is_daily":false,"chose_seed":false,"campfire_upgraded":0,"win_rate":0.0,"timestamp":1532907538,"path_taken":["M","M","M","?","M","E","?","M","T","R","M","M","?"],"build_version":"2018-07-26","purchased_purges":0,"victory":false,"max_hp_per_floor":[75,75,75,75,75,75,75,76,76,76,77,78,78],"card_choices":[{"not_picked":["Compile Driver","Streamline"],"picked":"Coolheaded","floor":1},{"not_picked":["Conserve Battery","Streamline"],"picked":"FTL","floor":2},{"not_picked":["Heatsinks","Rebound"],"picked":"Sweeping Beam","floor":3},{"not_picked":["Stack","Self Repair"],"picked":"Ball Lightning","floor":5},{"not_picked":["Beam Cell","Sweeping Beam"],"picked":"Consume","floor":6},{"not_picked":["Go for the Eyes","Rip and Tear"],"picked":"Fusion","floor":8},{"not_picked":["Ball Lightning","Compile Driver","Aggregate"],"picked":"SKIP","floor":11},{"not_picked":["Beam Cell","Reinforced Body","Force Field"],"picked":"SKIP","floor":12}],"player_experience":44092,"relics_obtained":[{"floor":6,"key":"Bird Faced Urn"},{"floor":9,"key":"Bag of Preparation"}],"event_choices":[{"event_name":"Living Wall","player_choice":"Change","floor":4,"damage_taken":0},{"event_name":"FaceTrader","player_choice":"Trade","floor":7,"damage_taken":0}],"is_beta":false,"boss_relics":[],"items_purged_floors":[],"is_endless":false,"potions_floor_spawned":[2,3,5,12],"killed_by":"Exordium Wildlife","ascension_level":0}