{"gold_per_floor":[115,115,131,158,169,169,169,189,242,242,242,20,34,59,59,59],"floor_reached":16,"playtime":998,"items_purged":[],"score":115,"play_id":"39441702-4a6e-45fa-8682-a451bac2b38a","local_time":"20180820203244","is_ascension_mode":true,"campfire_choices":[{"data":"Dagger Spray","floor":6,"key":"SMITH"},{"floor":10,"key":"REST"},{"floor":15,"key":"REST"}],"neow_cost":"NONE","seed_source_timestamp":1285768619946344,"circlet_count":0,"master_deck":["Defend_G+1","Defend_G","Defend_G","Defend_G+1","Strike_G","Strike_G","Strike_G","Strike_G","Strike_G","Survivor+1","Neutralize","Dagger Spray+1","Terror","Riddle With Holes+1","Bullet Time","Footwork","Bouncing Flask"],"relics":["Snecko Eye","Boot","Bag of Marbles","War Paint"],"potions_floor_usage":[16,16],"damage_taken":[{"damage":8,"enemies":"Jaw Worm","floor":1,"turns":4},{"damage":2,"enemies":"2 Louse","floor":3,"turns":2},{"damage":10,"enemies":"Cultist","floor":5,"turns":4},{"damage":9,"enemies":"Exordium Thugs","floor":8,"turns":3},{"damage":10,"enemies":"3 Louse","floor":13,"turns":3},{"damage":27,"enemies":"3 Sentries","floor":14,"turns":6},{"damage":25,"enemies":"The Guardian","floor":16,"turns":5}],"seed_played":"-7530449458380698792","potions_obtained":[{"floor":5,"key":"Dexterity Potion"},{"floor":13,"key":"LiquidBronze"}],"is_trial":false,"path_per_floor":["M","?","M","T","M","R","?","M","T","R","?","$","M","E","R"],"character_chosen":"THE_SILENT","items_purchased":["Bullet Time","Footwork"],"campfire_rested":2,"item_purchase_floors":[12,12],"current_hp_per_floor":[62,62,60,60,50,50,43,34,34,55,41,41,31,4,25,0],"gold":59,"neow_bonus":"BOSS_RELIC","is_prod":false,"is_daily":false,"chose_seed":false,"campfire_upgraded":1,"win_rate":0,"timestamp":1534815164,"path_taken":["M","?","M","?","M","R","?","M","T","R","?","$","M","E","R","BOSS"],"build_version":"2018-08-16","purchased_purges":0,"victory":false,"max_hp_per_floor":[70,70,70,70,70,70,70,70,70,70,70,70,70,70,70,70],"card_choices":[{"not_picked":["Caltrops","Accuracy"],"picked":"Dagger Spray","floor":1},{"not_picked":["Deflect","Dagger Throw"],"picked":"Terror","floor":3},{"not_picked":["Acrobatics","Distraction","Reflex"],"picked":"SKIP","floor":5},{"not_picked":["PiercingWail","Underhanded Strike"],"picked":"Riddle With Holes","floor":8},{"not_picked":["Backflip","Poisoned Stab","Flechettes"],"picked":"SKIP","floor":13},{"not_picked":["Prepared","Dodge and Roll"],"picked":"Bouncing Flask","floor":14}],"player_experience":162476,"relics_obtained":[{"floor":4,"key":"Boot"},{"floor":9,"key":"Bag of Marbles"},{"floor":14,"key":"War Paint"}],"event_choices":[{"event_name":"Liars Game","player_choice":"disagreed","floor":2,"damage_taken":0},{"event_name":"Golden Wing","player_choice":"Card Removal","floor":7,"damage_taken":0},{"event_name":"Shining Light","player_choice":"Entered Light","floor":11,"damage_taken":0}],"is_beta":false,"boss_relics":[],"items_purged_floors":[],"is_endless":false,"potions_floor_spawned":[5,13],"killed_by":"The Guardian","ascension_level":3}