{"gold_per_floor":[112,122,3,15,15,15,45,65,65,65,50,50,66,137,137,239,239,255,255,269,94,6,6,25,25],"floor_reached":25,"playtime":813,"items_purged":["Strike_G"],"score":305,"play_id":"b05c5ece-27d6-4e73-9648-b714c8e7d537","local_time":"20181202191039","is_ascension_mode":true,"campfire_choices":[{"data":"Tools of the Trade","floor":6.0,"key":"SMITH"},{"data":"Noxious Fumes","floor":10.0,"key":"SMITH"},{"data":"Neutralize","floor":12.0,"key":"SMITH"},{"floor":15.0,"key":"REST"},{"data":"J.A.X.","floor":23,"key":"SMITH"}],"neow_cost":"TEN_PERCENT_HP_LOSS","seed_source_timestamp":0,"circlet_count":0,"master_deck":["AscendersBane","Defend_G","Defend_G","Defend_G","Defend_G","Defend_G","Strike_G","Strike_G","Strike_G","Strike_G","Survivor","Neutralize+1","Tools of the Trade+1","Sucker Punch","PiercingWail","Cloak And Dagger","Noxious Fumes+1","Underhanded Strike+1","Cloak And Dagger","Footwork","Backflip","Caltrops","Poisoned Stab+1","Dodge and Roll+1","J.A.X.+1","Prepared+1","Backflip","Footwork","Bullet Time","Acrobatics+1"],"special_seed":0,"relics":["Ring of the Snake","Blue Candle","Prayer Wheel","Runic Dome","The Specimen"],"potions_floor_usage":[20,24,25],"damage_taken":[{"damage":0.0,"enemies":"2 Louse","floor":1.0,"turns":5.0},{"damage":0.0,"enemies":"Small Slimes","floor":2.0,"turns":4.0},{"damage":0.0,"enemies":"Jaw Worm","floor":4.0,"turns":5.0},{"damage":21.0,"enemies":"Lagavulin","floor":7.0,"turns":9.0},{"damage":10.0,"enemies":"Blue Slaver","floor":8.0,"turns":5.0},{"damage":7.0,"enemies":"Exordium Thugs","floor":11.0,"turns":4.0},{"damage":0.0,"enemies":"Red Slaver","floor":13.0,"turns":6.0},{"damage":20.0,"enemies":"The Guardian","floor":16.0,"turns":12.0},{"damage":3,"enemies":"Spheric Guardian","floor":18,"turns":6},{"damage":3,"enemies":"Chosen","floor":20,"turns":4},{"damage":13,"enemies":"Snake Plant","floor":24,"turns":7},{"damage":40,"enemies":"Slavers","floor":25,"turns":6}],"seed_played":"168219849182768423","potions_obtained":[{"floor":2.0,"key":"Fire Potion"},{"floor":7.0,"key":"Block Potion"},{"floor":11.0,"key":"Energy Potion"},{"floor":13.0,"key":"Fire Potion"},{"floor":20,"key":"Fire Potion"}],"is_trial":false,"path_per_floor":["M","M","$","M","?","R","E","M","T","R","M","R","M","?","R","B",null,"M","?","M","$","?","R","M","E"],"character_chosen":"THE_SILENT","items_purchased":["Cloak And Dagger","Noxious Fumes","Backflip","Footwork"],"campfire_rested":1,"item_purchase_floors":[3,3,21,21],"current_hp_per_floor":[63,63,63,63,63,63,42,32,32,32,25,25,25,25,43,23,53,50,50,47,47,47,47,34,0],"gold":25,"neow_bonus":"THREE_RARE_CARDS","is_prod":false,"is_daily":false,"chose_seed":false,"campfire_upgraded":4,"win_rate":0,"timestamp":1543777839,"path_taken":["M","M","$","M","?","R","E","M","T","R","M","R","M","?","R","BOSS","M","?","M","$","?","R","?","E"],"build_version":"2018-11-15","purchased_purges":1,"victory":false,"max_hp_per_floor":[63,63,63,63,63,63,63,63,63,63,63,63,63,63,63,63,63,63,63,63,63,63,63,63,63],"card_choices":[{"not_picked":["Grand Finale","Envenom"],"picked":"Tools of the Trade","floor":0.0},{"not_picked":["Choke","Catalyst"],"picked":"Sucker Punch","floor":1.0},{"not_picked":["Backflip","Dagger Spray"],"picked":"PiercingWail","floor":2.0},{"not_picked":["PiercingWail","Riddle With Holes"],"picked":"Underhanded Strike","floor":4.0},{"not_picked":["Masterful Stab","Prepared"],"picked":"Cloak And Dagger","floor":7.0},{"not_picked":["Expertise","Blade Dance","Slice"],"picked":"SKIP","floor":8.0},{"not_picked":["Concentrate","Dodge and Roll"],"picked":"Footwork","floor":11.0},{"not_picked":["Calculated Gamble","PiercingWail"],"picked":"Backflip","floor":11.0},{"not_picked":["Backflip","Distraction"],"picked":"Caltrops","floor":13.0},{"not_picked":["Slice","Reflex","Sucker Punch"],"picked":"SKIP","floor":13.0},{"not_picked":["Outmaneuver","Acrobatics"],"picked":"Poisoned Stab+1","floor":18},{"not_picked":["Dagger Spray","Endless Agony"],"picked":"Dodge and Roll+1","floor":18},{"not_picked":["Bouncing Flask","Dagger Spray"],"picked":"Prepared+1","floor":20},{"not_picked":["Prepared","Flying Knee+1","Predator"],"picked":"SKIP","floor":20},{"not_picked":["Dagger Throw","Quick Slash"],"picked":"Bullet Time","floor":24},{"not_picked":["Blade Dance","Deflect"],"picked":"Acrobatics+1","floor":24}],"player_experience":236775,"relics_obtained":[{"floor":7.0,"key":"Blue Candle"},{"floor":9.0,"key":"Prayer Wheel"}],"event_choices":[{"damage_healed":0.0,"max_hp_gain":0.0,"max_hp_loss":0.0,"gold_gain":0.0,"event_name":"Living Wall","player_choice":"Grow","floor":5.0,"gold_loss":0.0,"damage_taken":0.0,"cards_upgraded":["Underhanded Strike"]},{"damage_healed":0.0,"max_hp_gain":0.0,"max_hp_loss":0.0,"gold_gain":71.0,"event_name":"Golden Wing","player_choice":"Gained Gold","floor":14.0,"gold_loss":0.0,"damage_taken":0.0},{"damage_healed":0,"gold_gain":0,"player_choice":"Obtain J.A.X.","damage_taken":0,"max_hp_gain":0,"max_hp_loss":0,"event_name":"Drug Dealer","floor":19,"gold_loss":0,"cards_obtained":["J.A.X."]},{"damage_healed":0,"gold_gain":0,"player_choice":"Paid Gold","damage_taken":0,"relics_obtained":["The Specimen"],"max_hp_gain":0,"max_hp_loss":0,"event_name":"WeMeetAgain","floor":22,"gold_loss":88}],"is_beta":false,"boss_relics":[{"not_picked":["Lizard Tail","Tiny House"],"picked":"Runic Dome"}],"items_purged_floors":[21],"is_endless":false,"potions_floor_spawned":[2,7,11,13,20],"killed_by":"Slavers","ascension_level":10}