{"gold_per_floor":[115,132,32,49,49,79,79,93,174,174],"floor_reached":10,"playtime":1066,"items_purged":["Strike_R"],"score":88,"play_id":"6b4b8bb5-468c-4c9a-87cf-cbe0d820fc4e","local_time":"20190107130848","is_ascension_mode":true,"campfire_choices":[{"data":"Armaments","floor":7,"key":"SMITH"}],"neow_cost":"PERCENT_DAMAGE","seed_source_timestamp":3619656688621954,"circlet_count":0,"master_deck":["Strike_R","Strike_R","Strike_R","Strike_R","Defend_R","Defend_R","Defend_R","Defend_R","Bash","Pommel Strike","Armaments+1","Cleave","Iron Wave","Fire Breathing"],"relics":["Burning Blood","Magic Flower","Ginger","Letter Opener"],"potions_floor_usage":[6,10],"damage_taken":[{"damage":16,"enemies":"Small Slimes","floor":1,"turns":5},{"damage":3,"enemies":"2 Louse","floor":2,"turns":4},{"damage":4,"enemies":"Jaw Worm","floor":4,"turns":4},{"damage":28,"enemies":"3 Sentries","floor":6,"turns":8},{"damage":12,"enemies":"Large Slime","floor":8,"turns":5},{"damage":50,"enemies":"Lagavulin","floor":10,"turns":8}],"seed_played":"-8836990594592540045","potions_obtained":[{"floor":1,"key":"Dexterity Potion"},{"floor":4,"key":"Dexterity Potion"}],"is_trial":false,"path_per_floor":["M","M","$","M","?","E","R","M","T","E"],"character_chosen":"IRONCLAD","items_purchased":["Armaments"],"campfire_rested":0,"item_purchase_floors":[3],"current_hp_per_floor":[44,50,50,55,55,36,36,33,33,0],"gold":174,"neow_bonus":"ONE_RARE_RELIC","is_prod":false,"is_daily":false,"chose_seed":false,"campfire_upgraded":1,"win_rate":0,"timestamp":1546895328,"path_taken":["M","M","$","M","?","E","R","M","T","E"],"build_version":"2019-01-03v4","purchased_purges":1,"victory":false,"max_hp_per_floor":[80,80,80,80,80,80,80,80,80,80],"card_choices":[{"not_picked":["Second Wind","Uppercut","Burning Pact"],"picked":"SKIP","floor":1},{"not_picked":["Uppercut","Heavy Blade"],"picked":"Pommel Strike","floor":2},{"not_picked":["Headbutt","Heavy Blade"],"picked":"Cleave","floor":4},{"not_picked":["Whirlwind","Flex"],"picked":"Iron Wave","floor":6},{"not_picked":["Combust","Sword Boomerang"],"picked":"Fire Breathing","floor":8}],"player_experience":225276,"relics_obtained":[{"floor":6,"key":"Ginger"},{"floor":9,"key":"Letter Opener"}],"event_choices":[{"damage_healed":0,"gold_gain":0,"player_choice":"Ignored","damage_taken":0,"max_hp_gain":0,"max_hp_loss":0,"event_name":"Liars Game","floor":5,"gold_loss":0}],"is_beta":false,"boss_relics":[],"items_purged_floors":[3],"is_endless":false,"potions_floor_spawned":[1,4],"killed_by":"Lagavulin","ascension_level":6}