{"gold_per_floor":[110,125,144,144,157,157,181,181,181,199,199,13,67,42,42,42],"floor_reached":16,"playtime":706,"items_purged":[],"score":143,"play_id":"bb50ca0e-84a0-41aa-8aa3-6770e2c64652","local_time":"20190130225543","is_ascension_mode":true,"campfire_choices":[{"data":"Fusion","floor":6,"key":"SMITH"},{"data":"Dualcast","floor":8,"key":"SMITH"},{"data":"Streamline","floor":11,"key":"SMITH"},{"data":"Beam Cell","floor":15,"key":"SMITH"}],"neow_cost":"NONE","seed_source_timestamp":1747276293773326,"circlet_count":0,"master_deck":["AscendersBane","Strike_B","Strike_B","Strike_B","Strike_B","Defend_B","Defend_B","Defend_B","Defend_B","Zap","Dualcast+1","Fusion+1","Compile Driver","Beam Cell+1","Injury","Cold Snap","Meteor Strike","Streamline+1","Capacitor","Compile Driver"],"relics":["Coffee Dripper","Golden Idol","Question Card","Vajra"],"potions_floor_usage":[5,10],"damage_taken":[{"damage":0,"enemies":"2 Louse","floor":1,"turns":3},{"damage":7,"enemies":"Small Slimes","floor":2,"turns":5},{"damage":3,"enemies":"Jaw Worm","floor":3,"turns":4},{"damage":7,"enemies":"Looter","floor":5,"turns":3},{"damage":29,"enemies":"Gremlin Gang","floor":7,"turns":5},{"damage":11,"enemies":"Red Slaver","floor":10,"turns":3},{"damage":28,"enemies":"Slime Boss","floor":16,"turns":3}],"seed_played":"2861212813048879133","potions_obtained":[{"floor":1,"key":"Swift Potion"},{"floor":7,"key":"AttackPotion"}],"is_trial":false,"path_per_floor":["M","M","M","?","M","R","M","R","T","M","R","$","?","$","R","B"],"character_chosen":"DEFECT","items_purchased":["Vajra","Capacitor","Compile Driver"],"campfire_rested":0,"item_purchase_floors":[12,12,14],"current_hp_per_floor":[68,61,58,58,51,51,22,22,22,11,11,11,11,11,11,0],"gold":42,"neow_bonus":"BOSS_RELIC","is_prod":false,"is_daily":false,"chose_seed":false,"campfire_upgraded":4,"win_rate":0,"timestamp":1548917743,"path_taken":["M","M","M","?","M","R","M","R","T","M","R","$","?","?","R","BOSS"],"build_version":"2019-01-23","purchased_purges":0,"victory":false,"max_hp_per_floor":[75,75,75,75,75,75,75,75,75,75,75,75,75,75,75,75],"card_choices":[{"not_picked":["Melter","Gash"],"picked":"Fusion","floor":1},{"not_picked":["Scrape","Fusion"],"picked":"Compile Driver","floor":2},{"not_picked":["Compile Driver","Barrage"],"picked":"Beam Cell","floor":3},{"not_picked":["Steam","Rip and Tear"],"picked":"Cold Snap","floor":5},{"not_picked":["Beam Cell","Rip and Tear"],"picked":"Meteor Strike","floor":7},{"not_picked":["Melter","Reprogram","Barrage"],"picked":"Streamline","floor":10}],"player_experience":554490,"relics_obtained":[{"floor":9,"key":"Question Card"}],"event_choices":[{"damage_healed":0,"gold_gain":0,"player_choice":"Take Wound","damage_taken":0,"relics_obtained":["Golden Idol"],"max_hp_gain":0,"max_hp_loss":0,"event_name":"Golden Idol","floor":4,"gold_loss":0,"cards_obtained":["Injury"]},{"damage_healed":0,"gold_gain":54,"player_choice":"Gained Gold","damage_taken":0,"max_hp_gain":0,"max_hp_loss":0,"event_name":"Golden Wing","floor":13,"gold_loss":0}],"is_beta":false,"boss_relics":[],"items_purged_floors":[],"is_endless":false,"potions_floor_spawned":[1,7],"killed_by":"Slime Boss","ascension_level":11}