{"gold_per_floor":[116,129,149,162,162,162,197,43,43,53,53,83,83,98,98,200,200,218,230,230,230,250,250,82,82,167,185,185,185,185,200,200,296,296,312,312,312,412,425,425,455,455,536,30,42,59,91,116,116,116,116,116,38,71,71],"floor_reached":56,"playtime":5426,"items_purged":["Writhe"],"score":1907,"play_id":"2f9a0714-0877-4851-8cdc-0246e002b82e","local_time":"20190115224646","is_ascension_mode":true,"campfire_choices":[{"data":"Whirlwind","floor":6.0,"key":"SMITH"},{"data":"Shockwave","floor":11,"key":"SMITH"},{"floor":15,"key":"REST"},{"data":"Barricade","floor":23,"key":"SMITH"},{"data":"Body Slam","floor":25,"key":"SMITH"},{"data":"Whirlwind","floor":28,"key":"SMITH"},{"floor":32,"key":"REST"},{"data":"Bandage Up","floor":40,"key":"SMITH"},{"data":"Panacea","floor":42,"key":"SMITH"},{"floor":49,"key":"RECALL"},{"data":"Flame Barrier","floor":52,"key":"SMITH"}],"neow_cost":"NONE","seed_source_timestamp":0,"circlet_count":0,"master_deck":["AscendersBane","Strike_R+1","Strike_R+1","Strike_R+1","Strike_R+1","Strike_R+1","Defend_R+1","Defend_R+1","Defend_R+1","Defend_R+1","Bash+1","Iron Wave","Shockwave+1","Whirlwind+1","Shrug It Off","Feel No Pain","Dark Shackles","Barricade+1","Shrug It Off","Whirlwind+1","Shrug It Off","Flame Barrier+1","Body Slam+1","Shrug It Off","Metallicize","RitualDagger","Immolate","Panacea+1","Bandage Up+1","Master of Strategy","Inflame+1","Clothesline"],"special_seed":0,"relics":["Burning Blood","StoneCalendar","WingedGreaves","Oddly Smooth Stone","Turnip","Ornamental Fan","Philosopher\u0027s Stone","Dodecahedron","Tiny Chest","Velvet Choker","Incense Burner","Letter Opener","TheAbacus","Paper Frog","Vajra","Centennial Puzzle","Mercury Hourglass"],"potions_floor_usage":[12,16,22,41,50,50,54,55],"damage_taken":[{"damage":7.0,"enemies":"Jaw Worm","floor":1.0,"turns":3.0},{"damage":0.0,"enemies":"2 Louse","floor":2.0,"turns":3.0},{"damage":1.0,"enemies":"Cultist","floor":3.0,"turns":3.0},{"damage":11.0,"enemies":"Red Slaver","floor":4.0,"turns":3.0},{"damage":27.0,"enemies":"Gremlin Nob","floor":7.0,"turns":4.0},{"damage":8,"enemies":"Lots of Slimes","floor":10,"turns":2},{"damage":18,"enemies":"3 Sentries","floor":12,"turns":5},{"damage":11,"enemies":"Looter","floor":14,"turns":4},{"damage":44,"enemies":"The Guardian","floor":16,"turns":13},{"damage":23,"enemies":"2 Thieves","floor":18,"turns":4},{"damage":17,"enemies":"Spheric Guardian","floor":19,"turns":5},{"damage":9,"enemies":"Centurion and Healer","floor":22,"turns":5},{"damage":6,"enemies":"Snake Plant","floor":27,"turns":4},{"damage":13,"enemies":"Sentry and Sphere","floor":31,"turns":7},{"damage":0,"enemies":"Champ","floor":33,"turns":11},{"damage":26,"enemies":"3 Darklings","floor":35,"turns":5},{"damage":0,"enemies":"Mind Bloom Boss Battle","floor":38,"turns":7},{"damage":0,"enemies":"3 Shapes","floor":39,"turns":1},{"damage":6,"enemies":"Reptomancer","floor":41,"turns":6},{"damage":0,"enemies":"Spire Growth","floor":45,"turns":5},{"damage":0,"enemies":"Jaw Worm Horde","floor":46,"turns":2},{"damage":11,"enemies":"Nemesis","floor":47,"turns":7},{"damage":0,"enemies":"Giant Head","floor":48,"turns":7},{"damage":29,"enemies":"Time Eater","floor":50,"turns":10},{"damage":57,"enemies":"Shield and Spear","floor":54,"turns":8},{"damage":8,"enemies":"The Heart","floor":55,"turns":12}],"seed_played":"4752468387640714503","potions_obtained":[{"floor":2.0,"key":"FairyPotion"},{"floor":7.0,"key":"PowerPotion"},{"floor":10,"key":"SpeedPotion"},{"floor":19,"key":"Block Potion"},{"floor":38,"key":"Poison Potion"},{"floor":41,"key":"SkillPotion"},{"floor":47,"key":"Ancient Potion"},{"floor":54,"key":"Dexterity Potion"}],"is_trial":false,"path_per_floor":["M","M","M","M","?","R","E","$","T","M","R","E","?","M","R","B",null,"M","M","T","$","M","R","$","R","T","M","R","?","?","M","R","B",null,"M","?","?","?","M","R","E","R","T","$","M","M","E","E","R","B",null,"R","$","E","B",null],"character_chosen":"IRONCLAD","items_purchased":["Oddly Smooth Stone","Flame Barrier","Body Slam","Shrug It Off","TheAbacus","Paper Frog","Ancient Potion"],"campfire_rested":2,"item_purchase_floors":[8,24,24,24,44,44,53],"current_hp_per_floor":[71,77,80,75,63,63,42,42,42,40,40,28,28,23,47,9,62,45,34,34,34,31,31,31,31,31,31,31,31,25,18,42,48,72,52,72,62,72,78,78,80,80,80,80,80,80,80,80,80,63,76,76,76,31,35],"gold":71,"neow_bonus":"UPGRADE_CARD","is_prod":false,"is_daily":false,"chose_seed":false,"campfire_upgraded":8,"win_rate":0,"timestamp":1547621206,"path_taken":["M","M","M","M","?","R","E","$","T","M","R","E","?","?","R","BOSS","M","M","?","$","?","R","?","R","T","M","R","?","?","M","R","BOSS","M","?","?","?","M","R","E","R","T","$","M","?","E","E","R","BOSS","R","$","E","BOSS"],"build_version":"2019-01-10","purchased_purges":1,"victory":true,"max_hp_per_floor":[80,80,80,80,80,80,80,80,80,80,80,80,80,80,80,80,80,80,80,80,80,80,80,80,80,80,80,80,80,80,80,80,80,80,80,80,80,80,80,80,80,80,80,80,80,80,80,80,80,80,80,80,80,80,80],"card_choices":[{"not_picked":["Anger","True Grit"],"picked":"Iron Wave","floor":1.0},{"not_picked":["Evolve","Heavy Blade","Pommel Strike"],"picked":"SKIP","floor":2.0},{"not_picked":["Infernal Blade","Carnage"],"picked":"Shockwave","floor":3.0},{"not_picked":["Iron Wave","Rupture"],"picked":"Whirlwind","floor":4.0},{"not_picked":["Thunderclap","Flex","Sword Boomerang"],"picked":"SKIP","floor":7.0},{"not_picked":["Armaments","Sentinel"],"picked":"Shrug It Off","floor":10},{"not_picked":["Pommel Strike","Combust","Heavy Blade"],"picked":"SKIP","floor":12},{"not_picked":["Twin Strike","Disarm","Perfected Strike"],"picked":"SKIP","floor":14},{"not_picked":["Limit Break","Dark Embrace"],"picked":"Barricade","floor":16},{"not_picked":["Disarm","Bloodletting"],"picked":"Shrug It Off","floor":18},{"not_picked":["Warcry","Clothesline"],"picked":"Whirlwind","floor":19},{"not_picked":["Clothesline","Disarm"],"picked":"Shrug It Off","floor":22},{"not_picked":["Combust","Wild Strike"],"picked":"Metallicize","floor":27},{"not_picked":["Pommel Strike+1","Headbutt","Thunderclap"],"picked":"SKIP","floor":31},{"not_picked":["Dark Embrace","Bludgeon"],"picked":"Immolate","floor":33},{"not_picked":["Thunderclap","Heavy Blade","Warcry"],"picked":"SKIP","floor":35},{"not_picked":["Metamorphosis","Blind"],"picked":"Panacea","floor":37},{"not_picked":["Finesse","Blind"],"picked":"Bandage Up","floor":37},{"not_picked":["Secret Weapon","Flash of Steel"],"picked":"Master of Strategy","floor":37},{"not_picked":["Havoc","Headbutt","Sword Boomerang+1"],"picked":"SKIP","floor":39},{"not_picked":["Combust","Perfected Strike","Headbutt"],"picked":"SKIP","floor":41},{"not_picked":["Havoc","Fire Breathing","Immolate"],"picked":"SKIP","floor":45},{"not_picked":["Intimidate","Sword Boomerang"],"picked":"Inflame+1","floor":46},{"not_picked":["Corruption","Iron Wave","Clash"],"picked":"SKIP","floor":47},{"not_picked":["Clash","Heavy Blade","Warcry"],"picked":"SKIP","floor":48},{"not_picked":["Power Through","Flex"],"picked":"Clothesline","floor":54}],"player_experience":344869,"relics_obtained":[{"floor":7.0,"key":"WingedGreaves"},{"floor":9,"key":"Turnip"},{"floor":12,"key":"Ornamental Fan"},{"floor":20,"key":"Dodecahedron"},{"floor":26,"key":"Tiny Chest"},{"floor":38,"key":"Incense Burner"},{"floor":41,"key":"Letter Opener"},{"floor":47,"key":"Vajra"},{"floor":48,"key":"Centennial Puzzle"},{"floor":54,"key":"Mercury Hourglass"}],"event_choices":[{"damage_healed":0.0,"max_hp_gain":0.0,"max_hp_loss":0.0,"gold_gain":0.0,"event_name":"Scrap Ooze","player_choice":"Success","floor":5.0,"gold_loss":0.0,"damage_taken":12.0,"relics_obtained":["StoneCalendar"]},{"damage_healed":0,"gold_gain":0,"player_choice":"2 cards matched","damage_taken":0,"max_hp_gain":0,"max_hp_loss":0,"event_name":"Match and Keep!","floor":13,"gold_loss":0,"cards_obtained":["Feel No Pain","Dark Shackles"]},{"damage_healed":0,"gold_gain":0,"player_choice":"2 cards matched","damage_taken":0,"max_hp_gain":0,"max_hp_loss":0,"event_name":"Match and Keep!","floor":13,"gold_loss":0,"cards_obtained":["Feel No Pain","Dark Shackles"]},{"damage_healed":0,"gold_gain":0,"player_choice":"Simplicity","damage_taken":0,"max_hp_gain":0,"max_hp_loss":0,"event_name":"Back to Basics","floor":29,"gold_loss":0,"cards_upgraded":["Strike_R","Strike_R","Strike_R","Strike_R","Strike_R","Defend_R","Defend_R","Defend_R","Defend_R"]},{"damage_healed":0,"gold_gain":0,"player_choice":"Joined the Cult","damage_taken":6,"max_hp_gain":0,"max_hp_loss":0,"event_name":"Nest","floor":30,"gold_loss":0,"cards_obtained":["RitualDagger"]},{"damage_healed":20,"gold_gain":0,"player_choice":"Writhe","damage_taken":0,"max_hp_gain":0,"max_hp_loss":0,"event_name":"Winding Halls","floor":36,"gold_loss":0,"cards_obtained":["Writhe"]},{"damage_healed":0,"gold_gain":0,"player_choice":"Memory 3","damage_taken":10,"max_hp_gain":0,"max_hp_loss":0,"event_name":"SensoryStone","floor":37,"gold_loss":0},{"damage_healed":0,"gold_gain":0,"player_choice":"Fight","damage_taken":0,"max_hp_gain":0,"max_hp_loss":0,"event_name":"MindBloom","floor":38,"gold_loss":0}],"is_beta":false,"boss_relics":[{"not_picked":["Empty Cage","Mark of Pain"],"picked":"Philosopher\u0027s Stone"},{"not_picked":["Fusion Hammer","Pandora\u0027s Box"],"picked":"Velvet Choker"}],"items_purged_floors":[44],"is_endless":false,"potions_floor_spawned":[2,7,10,19,38,41,47,48,54],"ascension_level":12}