{"gold_per_floor":[111,129,54,129,129,129,155,155,178,178,198,208,15,33,33,33],"floor_reached":16,"playtime":869,"items_purged":["Normality","Decay"],"score":110,"play_id":"3a90ec01-be98-47d8-9bfc-f7183725c406","local_time":"20190122162049","is_ascension_mode":true,"campfire_choices":[{"data":"Neutralize","floor":6,"key":"SMITH"},{"floor":8,"key":"REST"},{"floor":10,"key":"REST"},{"data":"Footwork","floor":15,"key":"SMITH"}],"neow_cost":"NONE","seed_source_timestamp":60063438715800,"circlet_count":0,"master_deck":["Defend_G","Defend_G","Defend_G","Defend_G","Defend_G","Strike_G","Strike_G","Strike_G","Strike_G","Strike_G","Survivor","Neutralize+1","Decay","Clumsy","Backflip","Flying Knee","Envenom","Choke","Skewer","Footwork+1"],"relics":["Calling Bell","Potion Belt","Ninja Scroll","Ginger","Omamori","Smiling Mask","Blood Vial"],"potions_floor_usage":[7,16],"damage_taken":[{"damage":5,"enemies":"Cultist","floor":1,"turns":4},{"damage":2,"enemies":"Jaw Worm","floor":2,"turns":4},{"damage":41,"enemies":"Lagavulin","floor":7,"turns":8},{"damage":0,"enemies":"2 Louse","floor":11,"turns":2},{"damage":11,"enemies":"Lots of Slimes","floor":12,"turns":3},{"damage":7,"enemies":"Blue Slaver","floor":14,"turns":3},{"damage":49,"enemies":"Slime Boss","floor":16,"turns":9}],"seed_played":"-4173414048566762514","potions_obtained":[{"floor":1,"key":"Fire Potion"},{"floor":2,"key":"Block Potion"},{"floor":12,"key":"LiquidBronze"}],"is_trial":false,"path_per_floor":["M","M","$","?","?","R","E","R","T","R","M","M","$","M","R","B"],"character_chosen":"THE_SILENT","items_purchased":["Blood Vial"],"campfire_rested":2,"item_purchase_floors":[13],"current_hp_per_floor":[65,63,63,52,52,52,11,32,32,53,53,42,42,37,37,0],"gold":33,"neow_bonus":"BOSS_RELIC","is_prod":false,"is_daily":false,"chose_seed":false,"campfire_upgraded":2,"win_rate":0,"timestamp":1548192049,"path_taken":["M","M","$","?","?","R","E","R","T","R","M","M","$","M","R","BOSS"],"build_version":"2019-01-17v2","purchased_purges":2,"victory":false,"max_hp_per_floor":[70,70,70,70,70,70,70,70,70,70,70,70,70,70,70,70],"card_choices":[{"not_picked":["Accuracy","Bane"],"picked":"Backflip","floor":1},{"not_picked":["Poisoned Stab","Underhanded Strike"],"picked":"Flying Knee","floor":2},{"not_picked":["Dagger Spray","Outmaneuver"],"picked":"Envenom","floor":7},{"not_picked":["Bane","Dodge and Roll"],"picked":"Choke","floor":11},{"not_picked":["Deflect","Deadly Poison"],"picked":"Skewer","floor":12},{"not_picked":["Underhanded Strike","Distraction"],"picked":"Footwork","floor":14}],"player_experience":55865,"relics_obtained":[{"floor":0,"key":"Potion Belt"},{"floor":0,"key":"Ninja Scroll"},{"floor":0,"key":"Ginger"},{"floor":7,"key":"Omamori"},{"floor":9,"key":"Smiling Mask"}],"event_choices":[{"damage_healed":0,"gold_gain":75,"player_choice":"Gather Gold","damage_taken":11,"max_hp_gain":0,"max_hp_loss":0,"event_name":"World of Goop","floor":4,"gold_loss":0},{"damage_healed":0,"gold_gain":0,"player_choice":"Cursed","damage_taken":0,"max_hp_gain":0,"max_hp_loss":0,"event_name":"Wheel of Change","floor":5,"gold_loss":0,"cards_obtained":["Decay"]}],"is_beta":false,"boss_relics":[],"items_purged_floors":[3,13],"is_endless":false,"potions_floor_spawned":[1,2,12],"killed_by":"Slime Boss","ascension_level":2}