{"gold_per_floor":[113,113,35,110,110,110,123,153,153,165,165],"floor_reached":11,"playtime":235,"items_purged":[],"score":138,"play_id":"c7a1910d-44ce-4cbe-8ad5-8cdf3ce8c904","local_time":"20190205022206","is_ascension_mode":true,"campfire_choices":[{"data":"Dagger Spray","floor":6,"key":"SMITH"}],"neow_cost":"NONE","seed_source_timestamp":34154989038100,"circlet_count":0,"master_deck":["AscendersBane","Defend_G","Defend_G","Defend_G","Defend_G","Defend_G","Strike_G","Strike_G","Strike_G","Strike_G","Survivor","Neutralize","Dagger Spray+1","Blur","Noxious Fumes+1","Crippling Poison"],"relics":["Ring of the Snake","Ninja Scroll","Bottled Tornado"],"potions_floor_usage":[8],"damage_taken":[{"damage":4,"enemies":"2 Louse","floor":1,"turns":2},{"damage":4,"enemies":"Cultist","floor":7,"turns":5},{"damage":24,"enemies":"Gremlin Nob","floor":8,"turns":4},{"damage":4,"enemies":"Jaw Worm","floor":10,"turns":3},{"damage":12,"enemies":"3 Louse","floor":11,"turns":1}],"seed_played":"7682957028907505131","potions_obtained":[{"floor":1,"key":"FearPotion"},{"floor":7,"key":"FearPotion"}],"is_trial":false,"path_per_floor":["M","?","$","?","?","R","M","E","T","M","M"],"character_chosen":"THE_SILENT","items_purchased":["Noxious Fumes"],"campfire_rested":0,"item_purchase_floors":[3],"current_hp_per_floor":[55,55,55,44,44,44,40,16,16,12,0],"gold":165,"neow_bonus":"THREE_CARDS","is_prod":false,"is_daily":false,"chose_seed":false,"campfire_upgraded":1,"win_rate":0,"timestamp":1549326126,"path_taken":["M","?","?","?","?","R","M","E","T","M","M"],"build_version":"2019-01-23","purchased_purges":0,"victory":false,"max_hp_per_floor":[66,66,66,66,66,66,66,66,66,66,66],"card_choices":[{"not_picked":["Underhanded Strike","Outmaneuver"],"picked":"Dagger Spray","floor":0},{"not_picked":["Concentrate","Acrobatics","Outmaneuver"],"picked":"SKIP","floor":1},{"not_picked":["Dagger Throw","Reflex"],"picked":"Crippling Poison","floor":7},{"not_picked":["Choke","Leg Sweep","Prepared"],"picked":"SKIP","floor":8},{"not_picked":["Acrobatics","Dagger Spray","Slice"],"picked":"SKIP","floor":10}],"player_experience":615185,"relics_obtained":[{"floor":8,"key":"Ninja Scroll"},{"floor":9,"key":"Bottled Tornado"}],"event_choices":[{"damage_healed":0,"gold_gain":0,"cards_transformed":["Strike_G"],"player_choice":"Transformed","damage_taken":0,"max_hp_gain":0,"max_hp_loss":0,"event_name":"Transmorgrifier","floor":2,"gold_loss":0,"cards_obtained":["Blur"]},{"damage_healed":0,"gold_gain":75,"player_choice":"Gather Gold","damage_taken":11,"max_hp_gain":0,"max_hp_loss":0,"event_name":"World of Goop","floor":4,"gold_loss":0},{"damage_healed":0,"gold_gain":0,"player_choice":"Grow","damage_taken":0,"max_hp_gain":0,"max_hp_loss":0,"event_name":"Living Wall","floor":5,"gold_loss":0,"cards_upgraded":["Noxious Fumes"]}],"is_beta":false,"boss_relics":[],"items_purged_floors":[],"is_endless":false,"potions_floor_spawned":[1,7],"killed_by":"3 Louse","ascension_level":19}