{"gold_per_floor":[119,135,135,153,171,198,198,218,218,238,238,28,28,54,54,157,157,176,101,117,134,149,149,166,177,245,245,245,245,264,276,276,399,399,419,430,430,441,455,455,470,486,486,500,500,50,77,77,77,77],"floor_reached":50,"playtime":5733,"items_purged":[],"score":615,"play_id":"58e709e4-4200-4c18-87aa-13436cb36ca6","local_time":"20180820201527","is_ascension_mode":true,"campfire_choices":[{"floor":7,"key":"REST"},{"floor":13,"key":"REST"},{"data":"Dark Embrace","floor":15,"key":"SMITH"},{"floor":23,"key":"REST"},{"floor":27,"key":"REST"},{"data":"Transmutation","floor":29,"key":"SMITH"},{"data":"Shockwave","floor":32,"key":"SMITH"},{"data":"Anger","floor":40,"key":"SMITH"},{"data":"Warcry","floor":45,"key":"SMITH"},{"data":"Transmutation","floor":49,"key":"SMITH"}],"neow_cost":"NONE","seed_source_timestamp":1279993271080605,"circlet_count":0,"master_deck":["Strike_R+1","Strike_R+1","Strike_R+1","Defend_R+1","Defend_R+1","Defend_R+1","Defend_R+1","Bash","Pummel","True Grit","Cleave","Anger+1","Dark Embrace+1","Headbutt","Heavy Blade","Transmutation+1","Shrug It Off","Warcry+1","Feed","Havoc","Havoc","Twin Strike+1","Iron Wave+1","Seeing Red","Shockwave+1","Seeing Red","Impervious","Disarm+1","Exhume","Jack Of All Trades","Transmutation+1","Ghostly Armor","Exhume"],"relics":["Burning Blood","Red Skull","Omamori","Dodecahedron","Pen Nib","Charon\u0027s Ashes","Philosopher\u0027s Stone","Bottled Flame","Busted Crown","Strawberry","Dream Catcher"],"potions_floor_usage":[6,21,21,25,33,39,47,50,50],"damage_taken":[{"damage":13,"enemies":"Small Slimes","floor":1,"turns":6},{"damage":13,"enemies":"Jaw Worm","floor":2,"turns":4},{"damage":3,"enemies":"Cultist","floor":4,"turns":5},{"damage":15,"enemies":"Lots of Slimes","floor":5,"turns":4},{"damage":35,"enemies":"Lagavulin","floor":6,"turns":7},{"damage":7,"enemies":"Red Slaver","floor":8,"turns":5},{"damage":2,"enemies":"Exordium Wildlife","floor":10,"turns":3},{"damage":16,"enemies":"Gremlin Nob","floor":14,"turns":3},{"damage":13,"enemies":"Slime Boss","floor":16,"turns":6},{"damage":4,"enemies":"Chosen","floor":18,"turns":4},{"damage":38,"enemies":"Shell Parasite","floor":20,"turns":5},{"damage":32,"enemies":"Shelled Parasite and Fungi","floor":21,"turns":4},{"damage":4,"enemies":"Snake Plant","floor":22,"turns":3},{"damage":47,"enemies":"Chosen and Byrds","floor":24,"turns":5},{"damage":8,"enemies":"3 Cultists","floor":25,"turns":3},{"damage":16,"enemies":"Snake Plant","floor":30,"turns":2},{"damage":6,"enemies":"Shelled Parasite and Fungi","floor":31,"turns":2},{"damage":18,"enemies":"Collector","floor":33,"turns":5},{"damage":8,"enemies":"3 Darklings","floor":35,"turns":4},{"damage":32,"enemies":"Flame Bruiser 1 Orb","floor":36,"turns":4},{"damage":2,"enemies":"Transient","floor":38,"turns":5},{"damage":11,"enemies":"Flame Bruiser 2 Orb","floor":39,"turns":5},{"damage":12,"enemies":"Spire Growth","floor":41,"turns":3},{"damage":0,"enemies":"Maw","floor":42,"turns":6},{"damage":0,"enemies":"Transient","floor":44,"turns":5},{"damage":26,"enemies":"Nemesis","floor":47,"turns":5},{"damage":45,"enemies":"Awakened One","floor":50,"turns":7}],"seed_played":"5464879433673783844","potions_obtained":[{"floor":1,"key":"BloodPotion"},{"floor":5,"key":"Dexterity Potion"},{"floor":6,"key":"Explosive Potion"},{"floor":8,"key":"EssenceOfSteel"},{"floor":21,"key":"GamblersBrew"},{"floor":30,"key":"Ancient Potion"},{"floor":31,"key":"FearPotion"},{"floor":33,"key":"Explosive Potion"},{"floor":35,"key":"PowerPotion"},{"floor":36,"key":"Strength Potion"},{"floor":41,"key":"GamblersBrew"},{"floor":44,"key":"Ancient Potion"}],"is_trial":false,"path_per_floor":["M","M","?","M","M","E","R","M","T","M","?","$","R","E","R","B",null,"M","?","M","M","M","R","M","M","T","R","?","R","M","M","R","B",null,"M","M","?","M","M","R","M","M","T","M","R","$","E","?","R"],"character_chosen":"IRONCLAD","items_purchased":["Transmutation","Shrug It Off","Exhume","Jack Of All Trades","Transmutation"],"campfire_rested":4,"item_purchase_floors":[12,12,46,46,46],"current_hp_per_floor":[73,66,59,62,53,24,48,47,47,51,33,33,57,47,47,40,70,72,72,43,25,30,55,14,12,12,37,37,37,27,27,27,15,68,66,40,40,44,39,39,33,39,46,52,52,52,32,32,32,0],"gold":77,"neow_bonus":"RANDOM_COMMON_RELIC","is_prod":false,"is_daily":false,"chose_seed":false,"campfire_upgraded":6,"win_rate":0,"timestamp":1534814127,"path_taken":["M","M","?","M","M","E","R","M","T","?","?","$","R","E","R","BOSS","M","?","M","M","?","R","?","M","T","R","?","R","M","M","R","BOSS","M","M","?","M","M","R","M","M","T","M","R","$","E","?","R","BOSS"],"build_version":"2018-08-16","purchased_purges":0,"victory":false,"max_hp_per_floor":[80,80,80,80,80,80,80,80,80,80,80,80,80,80,80,80,80,80,80,83,83,86,86,86,86,86,86,86,86,86,86,86,86,86,86,86,86,86,86,86,86,86,93,93,93,93,93,93,93,93],"card_choices":[{"not_picked":["Dropkick","Clothesline"],"picked":"Pummel","floor":1},{"not_picked":["Perfected Strike","Clash"],"picked":"True Grit","floor":2},{"not_picked":["Anger","Dropkick"],"picked":"Cleave","floor":4},{"not_picked":["Pommel Strike","Armaments"],"picked":"Anger","floor":5},{"not_picked":["Pommel Strike","Dual Wield"],"picked":"Dark Embrace","floor":6},{"not_picked":["Intimidate","Power Through"],"picked":"Headbutt","floor":8},{"not_picked":["Battle Trance","Clash"],"picked":"Heavy Blade","floor":10},{"not_picked":["Entrench","Anger"],"picked":"Warcry","floor":14},{"not_picked":["Bludgeon","Reaper"],"picked":"Feed","floor":16},{"not_picked":["Sword Boomerang","Perfected Strike"],"picked":"Havoc","floor":18},{"not_picked":["Metallicize","Wild Strike"],"picked":"Havoc","floor":20},{"not_picked":["Heavy Blade","Rupture"],"picked":"Twin Strike+1","floor":21},{"not_picked":["Berserk","Blood for Blood","Wild Strike"],"picked":"SKIP","floor":22},{"not_picked":["Warcry+1","Shrug It Off"],"picked":"Iron Wave+1","floor":24},{"not_picked":["Flex","Sword Boomerang+1"],"picked":"Seeing Red","floor":25},{"not_picked":["Shrug It Off","Metallicize"],"picked":"Shockwave","floor":30},{"not_picked":["Shrug It Off","Headbutt"],"picked":"Seeing Red","floor":31},{"not_picked":["Immolate","Feed"],"picked":"Impervious","floor":33},{"not_picked":[],"picked":"Disarm+1","floor":35},{"not_picked":["Rupture"],"picked":"SKIP","floor":36},{"not_picked":["Entrench"],"picked":"SKIP","floor":38},{"not_picked":["Cleave+1"],"picked":"SKIP","floor":39},{"not_picked":["Sword Boomerang+1"],"picked":"SKIP","floor":41},{"not_picked":["Cleave"],"picked":"SKIP","floor":42},{"not_picked":["Dropkick+1"],"picked":"SKIP","floor":44},{"not_picked":[],"picked":"Ghostly Armor","floor":47}],"player_experience":156743,"relics_obtained":[{"floor":6,"key":"Omamori"},{"floor":9,"key":"Dodecahedron"},{"floor":14,"key":"Charon\u0027s Ashes"},{"floor":26,"key":"Bottled Flame"},{"floor":43,"key":"Strawberry"},{"floor":47,"key":"Dream Catcher"}],"event_choices":[{"event_name":"Golden Wing","player_choice":"Card Removal","floor":3,"damage_taken":0},{"event_name":"Scrap Ooze","player_choice":"success","floor":11,"damage_taken":18},{"event_name":"Beggar","player_choice":"Gave Gold","floor":19,"damage_taken":0},{"event_name":"Back to Basics","player_choice":"Simplicity","floor":28,"damage_taken":0},{"event_name":"The Moai Head","player_choice":"Ignored","floor":37,"damage_taken":0},{"event_name":"Duplicator","player_choice":"One dupe","floor":48,"damage_taken":0}],"is_beta":false,"boss_relics":[{"not_picked":["Velvet Choker","Black Star"],"picked":"Philosopher\u0027s Stone"},{"not_picked":["Black Blood","Empty Cage"],"picked":"Busted Crown"}],"items_purged_floors":[],"is_endless":false,"potions_floor_spawned":[1,5,6,8,21,30,31,33,35,36,41,44],"killed_by":"Awakened One","ascension_level":5}