{"gold_per_floor":[115,40,59,59,59,118,136,150,150,150,168,14,14,44,44,44],"floor_reached":16,"playtime":351,"items_purged":["Defend_G","Strike_G"],"score":169,"play_id":"3bfc76e7-1f1c-465f-8888-c3d7b643f242","local_time":"20181106204135","is_ascension_mode":true,"campfire_choices":[{"data":"Dagger Spray","floor":10,"key":"SMITH"},{"data":"Neutralize","floor":13,"key":"SMITH"},{"data":"Choke","floor":15,"key":"SMITH"}],"neow_cost":"NONE","seed_source_timestamp":8013559745781,"circlet_count":0,"master_deck":["Defend_G","Defend_G","Defend_G","Defend_G","Strike_G","Strike_G","Strike_G","Survivor","Neutralize+1","Setup","Dagger Spray+1","Underhanded Strike","Escape Plan","Flechettes","Choke+1","Cloak And Dagger"],"relics":["Ring of the Snake","NeowsBlessing","Tiny Chest","Omamori","Singing Bowl"],"potions_floor_usage":[11,14],"damage_taken":[{"damage":0,"enemies":"Cultist","floor":1,"turns":1},{"damage":0,"enemies":"2 Louse","floor":3,"turns":1},{"damage":0,"enemies":"3 Sentries","floor":6,"turns":1},{"damage":0,"enemies":"Small Slimes","floor":7,"turns":3},{"damage":2,"enemies":"Blue Slaver","floor":8,"turns":5},{"damage":8,"enemies":"Exordium Thugs","floor":11,"turns":5},{"damage":19,"enemies":"Lagavulin","floor":14,"turns":6},{"damage":33,"enemies":"Hexaghost","floor":16,"turns":9}],"seed_played":"4491738462496939267","potions_obtained":[{"floor":6,"key":"SteroidPotion"},{"floor":8,"key":"Block Potion"}],"is_trial":false,"path_per_floor":["M","$","M","?","?","E","M","M","T","R","M","$","R","E","R","B"],"character_chosen":"THE_SILENT","items_purchased":["Cloak And Dagger"],"campfire_rested":0,"item_purchase_floors":[12],"current_hp_per_floor":[70,70,70,70,70,70,70,68,68,68,60,60,60,43,43,10],"gold":44,"neow_bonus":"THREE_ENEMY_KILL","is_prod":false,"is_daily":false,"chose_seed":false,"campfire_upgraded":3,"win_rate":0,"timestamp":1541536895,"path_taken":["M","$","M","?","?","E","M","?","T","R","M","$","R","E","R","BOSS"],"build_version":"2018-11-01","purchased_purges":2,"victory":false,"max_hp_per_floor":[70,70,70,70,70,70,70,70,70,70,70,70,70,72,72,72],"card_choices":[{"not_picked":["Acrobatics","Deadly Poison"],"picked":"Setup","floor":1},{"not_picked":["Sucker Punch","Flying Knee"],"picked":"Dagger Spray","floor":3},{"not_picked":["Quick Slash","Noxious Fumes"],"picked":"Underhanded Strike","floor":6},{"not_picked":["Bane","Flechettes"],"picked":"Escape Plan","floor":7},{"not_picked":["Quick Slash","PiercingWail"],"picked":"Flechettes","floor":8},{"not_picked":["Infinite Blades","Reflex"],"picked":"Choke","floor":11},{"not_picked":["Flying Knee","Tools of the Trade","PiercingWail"],"picked":"Singing Bowl","floor":14}],"player_experience":120802,"relics_obtained":[{"floor":6,"key":"Tiny Chest"},{"floor":9,"key":"Omamori"},{"floor":14,"key":"Singing Bowl"}],"event_choices":[{"damage_healed":0,"gold_gain":0,"player_choice":"Ignored","damage_taken":0,"max_hp_gain":0,"max_hp_loss":0,"event_name":"Liars Game","floor":4,"gold_loss":0},{"cards_removed":["Strike_G"],"damage_healed":0,"gold_gain":0,"player_choice":"Card Removal","damage_taken":0,"max_hp_gain":0,"max_hp_loss":0,"event_name":"Wheel of Change","floor":5,"gold_loss":0}],"is_beta":false,"boss_relics":[],"items_purged_floors":[2,12],"is_endless":false,"potions_floor_spawned":[6,8],"killed_by":"Hexaghost","ascension_level":5}