{"gold_per_floor":[113,124,139,139,152,177,33,50,50,50,50,84,99,133,133,228,228,239,255,355,355],"floor_reached":21,"playtime":1329,"items_purged":["Strike_B"],"score":296,"play_id":"8c418ec3-e664-474e-98df-44cdfc7ab9b3","local_time":"20190124224953","is_ascension_mode":true,"campfire_choices":[{"floor":10,"key":"REST"},{"data":"Mind Blast","floor":15,"key":"SMITH"}],"neow_cost":"NONE","seed_source_timestamp":191583784907355,"circlet_count":0,"master_deck":["Strike_B","Strike_B","Defend_B","Defend_B","Defend_B","Defend_B","Zap","Dualcast","Sweeping Beam","Gash","Streamline","Steam","Gash","Melter","Reinforced Body","Heatsinks","Mind Blast+1","Gash","Gash","Core Surge+1","All For One+1","Gash+1"],"relics":["Cracked Core","Bag of Preparation","Matryoshka","Singing Bowl","Molten Egg 2","Runic Pyramid"],"potions_floor_usage":[5,12,14,16,21],"damage_taken":[{"damage":0,"enemies":"2 Louse","floor":1,"turns":2},{"damage":5,"enemies":"Cultist","floor":2,"turns":5},{"damage":0,"enemies":"Small Slimes","floor":3,"turns":2},{"damage":6,"enemies":"Gremlin Gang","floor":5,"turns":2},{"damage":29,"enemies":"3 Sentries","floor":6,"turns":6},{"damage":0,"enemies":"Large Slime","floor":8,"turns":4},{"damage":24,"enemies":"Gremlin Nob","floor":12,"turns":4},{"damage":8,"enemies":"3 Louse","floor":13,"turns":2},{"damage":14,"enemies":"Lagavulin","floor":14,"turns":6},{"damage":9,"enemies":"Hexaghost","floor":16,"turns":8},{"damage":5,"enemies":"3 Byrds","floor":18,"turns":4},{"damage":18,"enemies":"Shell Parasite","floor":19,"turns":4},{"damage":51,"enemies":"Snecko","floor":21,"turns":5}],"seed_played":"8055799361826611774","potions_obtained":[{"floor":2,"key":"AttackPotion"},{"floor":3,"key":"SkillPotion"},{"floor":8,"key":"PowerPotion"},{"floor":13,"key":"FearPotion"},{"floor":16,"key":"AttackPotion"}],"is_trial":false,"path_per_floor":["M","M","M","?","M","E","$","M","T","R","?","E","M","E","R","B",null,"M","M","?","M"],"character_chosen":"DEFECT","items_purchased":["Melter"],"campfire_rested":1,"item_purchase_floors":[7],"current_hp_per_floor":[75,70,70,70,64,35,35,35,35,59,59,35,27,13,13,4,63,58,42,42,0],"gold":355,"neow_bonus":"TEN_PERCENT_HP_BONUS","is_prod":false,"is_daily":false,"chose_seed":false,"campfire_upgraded":1,"win_rate":0,"timestamp":1548391793,"path_taken":["M","M","M","?","?","E","$","M","T","R","?","E","M","E","R","BOSS","M","?","?","M"],"build_version":"2019-01-23","purchased_purges":1,"victory":false,"max_hp_per_floor":[82,82,82,82,82,82,82,82,82,82,82,82,82,82,82,82,82,82,84,84,84],"card_choices":[{"not_picked":["Leap","Chaos"],"picked":"Sweeping Beam","floor":1},{"not_picked":["Capacitor","Auto Shields"],"picked":"Gash","floor":2},{"not_picked":["Auto Shields","Redo"],"picked":"Streamline","floor":3},{"not_picked":["Chaos","Skim"],"picked":"Steam","floor":5},{"not_picked":["Leap","Fusion"],"picked":"Gash","floor":6},{"not_picked":["Stack","Steam Power"],"picked":"Reinforced Body","floor":8},{"not_picked":["Multi-Cast","Blizzard"],"picked":"Gash","floor":12},{"not_picked":["Rebound","Streamline"],"picked":"Gash","floor":13},{"not_picked":["Streamline","Barrage"],"picked":"Core Surge","floor":14},{"not_picked":["Seek","Fission"],"picked":"All For One+1","floor":16},{"not_picked":["Cold Snap+1","Storm"],"picked":"Gash+1","floor":18},{"not_picked":["Blizzard+1","Steam Power","Leap"],"picked":"Singing Bowl","floor":19}],"player_experience":551673,"relics_obtained":[{"floor":6,"key":"Bag of Preparation"},{"floor":9,"key":"Matryoshka"},{"floor":12,"key":"Singing Bowl"},{"floor":14,"key":"Molten Egg 2"}],"event_choices":[{"cards_removed":["Strike_B"],"damage_healed":0,"gold_gain":0,"player_choice":"Purged","damage_taken":0,"max_hp_gain":0,"max_hp_loss":0,"event_name":"Purifier","floor":4,"gold_loss":0},{"damage_healed":0,"gold_gain":0,"player_choice":"2 cards matched","damage_taken":0,"max_hp_gain":0,"max_hp_loss":0,"event_name":"Match and Keep!","floor":11,"gold_loss":0,"cards_obtained":["Heatsinks","Mind Blast"]},{"damage_healed":0,"gold_gain":100,"player_choice":"Pray","damage_taken":0,"max_hp_gain":0,"max_hp_loss":0,"event_name":"Golden Shrine","floor":20,"gold_loss":0}],"is_beta":false,"boss_relics":[{"not_picked":["Philosopher\u0027s Stone","Snecko Eye"],"picked":"Runic Pyramid"}],"items_purged_floors":[7],"is_endless":false,"potions_floor_spawned":[2,3,8,13,16],"killed_by":"Snecko","ascension_level":7}