{"gold_per_floor":[116,116,66,66,66,66,109,34,60,60,104,104,30,30,30,158,158,181,195,57,76,100,100,113,113,113,113,113,127,51,75,75,200,200,219,34,34,49,75,75,96,96],"floor_reached":42,"playtime":1740,"items_purged":["Strike_B","Strike_B"],"score":422,"play_id":"00e4e24a-754b-4554-8c95-40da9f63b61b","local_time":"20190202000340","is_ascension_mode":true,"campfire_choices":[{"data":"Dualcast","floor":6,"key":"SMITH"},{"data":"Hologram","floor":12,"key":"SMITH"},{"data":"Defragment","floor":15,"key":"SMITH"},{"data":"Thunder Strike","floor":23,"key":"SMITH"},{"floor":28,"key":"REST"},{"data":"Glacier","floor":32,"key":"SMITH"},{"data":"Enlightenment","floor":40,"key":"SMITH"}],"neow_cost":"NONE","seed_source_timestamp":474095141334635,"circlet_count":0,"master_deck":["Strike_B","Defend_B","Zap+1","Dualcast+1","Hologram+1","Ball Lightning","Thunder Strike+1","Defragment+1","Electrodynamics","Static Discharge","Leap+1","Go for the Eyes","Bandage Up","Coolheaded+1","Stack+1","Go for the Eyes+1","Glacier+1","Auto Shields","Sweeping Beam","Multi-Cast","Defragment+1","Loop","Redo","Enlightenment+1","Purity","Forethought","Conserve Battery+1","Tempest+1"],"relics":["Cracked Core","Golden Idol","Incense Burner","Strawberry","Nunchaku","Du-Vu Doll","Boot","Empty Cage","Ancient Tea Set","Inserter","Pen Nib"],"potions_floor_usage":[24,38,38,42],"damage_taken":[{"damage":7,"enemies":"2 Louse","floor":1,"turns":2},{"damage":8,"enemies":"Gremlin Nob","floor":7,"turns":3},{"damage":12,"enemies":"Lagavulin","floor":11,"turns":6},{"damage":14,"enemies":"Hexaghost","floor":16,"turns":5},{"damage":6,"enemies":"Shell Parasite","floor":18,"turns":3},{"damage":10,"enemies":"Chosen","floor":19,"turns":4},{"damage":24,"enemies":"Shelled Parasite and Fungi","floor":21,"turns":4},{"damage":0,"enemies":"Snecko","floor":22,"turns":4},{"damage":9,"enemies":"Cultist and Chosen","floor":24,"turns":4},{"damage":23,"enemies":"Colosseum Slavers","floor":27,"turns":3},{"damage":4,"enemies":"Snake Plant","floor":29,"turns":4},{"damage":2,"enemies":"Snecko","floor":31,"turns":3},{"damage":23,"enemies":"Collector","floor":33,"turns":8},{"damage":0,"enemies":"Orb Walker","floor":35,"turns":4},{"damage":3,"enemies":"3 Shapes","floor":38,"turns":4},{"damage":39,"enemies":"Spire Growth","floor":41,"turns":6},{"damage":42,"enemies":"Reptomancer","floor":42,"turns":3}],"seed_played":"5723298726985857128","potions_obtained":[{"floor":16,"key":"PowerPotion"},{"floor":18,"key":"Explosive Potion"},{"floor":22,"key":"FocusPotion"},{"floor":29,"key":"Fire Potion"}],"is_trial":false,"path_per_floor":["M","?","$","?","?","R","E","$","T","T","E","R","$","?","R","B",null,"M","M","$","M","M","R","M","?","T","?","R","M","$","M","R","B",null,"M","$","?","M","T","R","M","E"],"character_chosen":"DEFECT","items_purchased":["Ball Lightning","Defragment","Go for the Eyes","Bandage Up","Auto Shields","Loop","Redo"],"campfire_rested":1,"item_purchase_floors":[3,13,20,20,30,36,36],"current_hp_per_floor":[68,50,50,50,43,43,35,35,42,42,30,30,30,30,30,16,82,76,66,66,46,50,50,45,45,45,26,50,50,50,52,52,33,82,82,82,72,73,73,73,38,0],"gold":96,"neow_bonus":"UPGRADE_CARD","is_prod":false,"is_daily":false,"chose_seed":false,"campfire_upgraded":6,"win_rate":0,"timestamp":1549033420,"path_taken":["M","?","$","?","?","R","E","$","T","?","E","R","?","?","R","BOSS","M","M","$","M","M","R","M","?","T","?","R","M","?","M","R","BOSS","M","$","?","M","?","R","?","E"],"build_version":"2019-01-23","purchased_purges":2,"victory":false,"max_hp_per_floor":[75,75,75,75,75,75,75,75,82,82,82,82,82,82,82,82,82,82,82,82,82,82,82,82,82,82,82,82,82,82,82,82,82,82,82,82,82,82,82,82,82,82],"card_choices":[{"not_picked":["Compile Driver","Conserve Battery"],"picked":"Hologram","floor":1},{"not_picked":["Chill","Streamline"],"picked":"Glacier","floor":7},{"not_picked":["Sweeping Beam","Rebound","Heatsinks"],"picked":"SKIP","floor":11},{"not_picked":["Meteor Strike","Reboot"],"picked":"Electrodynamics","floor":16},{"not_picked":["Lockon","Turbo"],"picked":"Static Discharge","floor":18},{"not_picked":["Rip and Tear+1","Blizzard"],"picked":"Leap+1","floor":19},{"not_picked":["Sweeping Beam","Chill"],"picked":"Coolheaded+1","floor":21},{"not_picked":["Self Repair","Barrage"],"picked":"Stack+1","floor":22},{"not_picked":["Steam","Hologram"],"picked":"Go for the Eyes+1","floor":24},{"not_picked":["Ball Lightning","Stack+1"],"picked":"Glacier","floor":29},{"not_picked":["Sweeping Beam","Compile Driver","Hologram"],"picked":"SKIP","floor":31},{"not_picked":["Compile Driver","Hologram"],"picked":"Sweeping Beam","floor":31},{"not_picked":["Thunder Strike","Seek"],"picked":"Multi-Cast","floor":33},{"not_picked":["BootSequence+1","Turbo+1"],"picked":"Defragment+1","floor":35},{"not_picked":["Swift Strike","Bandage Up"],"picked":"Enlightenment","floor":37},{"not_picked":["Mayhem","Good Instincts"],"picked":"Purity","floor":37},{"not_picked":["Jack Of All Trades","Bandage Up"],"picked":"Forethought","floor":37},{"not_picked":["Rebound+1","Steam"],"picked":"Conserve Battery+1","floor":38},{"not_picked":["Heatsinks+1","Barrage"],"picked":"Tempest+1","floor":41}],"player_experience":54497,"relics_obtained":[{"floor":7,"key":"Incense Burner"},{"floor":9,"key":"Strawberry"},{"floor":10,"key":"Nunchaku"},{"floor":11,"key":"Du-Vu Doll"},{"floor":26,"key":"Ancient Tea Set"},{"floor":39,"key":"Pen Nib"}],"event_choices":[{"damage_healed":0,"gold_gain":0,"player_choice":"Take Damage","damage_taken":18,"relics_obtained":["Golden Idol"],"max_hp_gain":0,"max_hp_loss":0,"event_name":"Golden Idol","floor":2,"gold_loss":0},{"damage_healed":0,"gold_gain":0,"cards_transformed":["Strike_B"],"player_choice":"Change","damage_taken":0,"max_hp_gain":0,"max_hp_loss":0,"event_name":"Living Wall","floor":4,"gold_loss":0,"cards_obtained":["Thunder Strike"]},{"cards_removed":["Defend_B"],"damage_healed":0,"gold_gain":0,"player_choice":"Card Removal","damage_taken":7,"max_hp_gain":0,"max_hp_loss":0,"event_name":"Golden Wing","floor":5,"gold_loss":0},{"cards_removed":["Glacier"],"damage_healed":0,"gold_gain":0,"player_choice":"Gave Card","damage_taken":0,"relics_obtained":["Boot"],"max_hp_gain":0,"max_hp_loss":0,"event_name":"WeMeetAgain","floor":14,"gold_loss":0},{"damage_healed":0,"gold_gain":0,"player_choice":"Ignored","damage_taken":0,"max_hp_gain":0,"max_hp_loss":0,"event_name":"Vampires","floor":25,"gold_loss":0},{"damage_healed":0,"gold_gain":0,"player_choice":"Fight","damage_taken":0,"max_hp_gain":0,"max_hp_loss":0,"event_name":"Colosseum","floor":27,"gold_loss":0},{"damage_healed":0,"gold_gain":0,"player_choice":"Fled From Nobs","damage_taken":0,"max_hp_gain":0,"max_hp_loss":0,"event_name":"Colosseum","floor":27,"gold_loss":0},{"damage_healed":0,"gold_gain":0,"player_choice":"Memory 3","damage_taken":10,"max_hp_gain":0,"max_hp_loss":0,"event_name":"SensoryStone","floor":37,"gold_loss":0}],"is_beta":false,"boss_relics":[{"not_picked":["Cursed Key","Runic Pyramid"],"picked":"Empty Cage"},{"not_picked":["Calling Bell","Runic Dome"],"picked":"Inserter"}],"items_purged_floors":[8,36],"is_endless":false,"potions_floor_spawned":[16,18,22,27,29,35],"killed_by":"Reptomancer","ascension_level":1}