{"gold_per_floor":[117,169,169,244,244,269,231,245,269,301,301,311,311,347,347,473,473,461,461,484,500,518,518,552,552,552,552,552,552,568,29,29,149,149,173,173,192,192,21,21,41,41,41,81,81,5,23,58,58,58,58,58,58,96,96],"floor_reached":56,"playtime":6842,"items_purged":["Writhe","Injury"],"score":1896,"play_id":"bb2a66e2-5702-4f2d-9a10-e96f7c82990e","local_time":"20190118215346","is_ascension_mode":true,"campfire_choices":[{"data":"Noxious Fumes","floor":11,"key":"SMITH"},{"floor":15,"key":"REST"},{"data":"Noxious Fumes","floor":23,"key":"SMITH"},{"data":"Well Laid Plans","floor":25,"key":"SMITH"},{"data":"Neutralize","floor":27,"key":"SMITH"},{"data":"Blur","floor":32,"key":"SMITH"},{"data":"Backstab","floor":40,"key":"SMITH"},{"floor":42,"key":"RECALL"},{"data":"Backstab","floor":49,"key":"SMITH"},{"floor":52,"key":"REST"}],"neow_cost":"NONE","seed_source_timestamp":700557268217312,"circlet_count":0,"master_deck":["AscendersBane","Defend_G+1","Defend_G+1","Defend_G+1","Defend_G+1","Defend_G+1","Strike_G+1","Strike_G+1","Strike_G+1","Strike_G+1","Survivor+1","Neutralize+1","Backstab+1","Escape Plan+1","Cloak And Dagger+1","Noxious Fumes+1","Backstab+1","Blur+1","Noxious Fumes+1","Well Laid Plans+1","A Thousand Cuts+1","Backstab+1","PiercingWail+1","Backflip+1","Backflip+1","Leg Sweep+1","Deep Breath+1","After Image+1","Impatience+1","Footwork+1","Backstab+1","Backstab+1","Backflip+1","Bouncing Flask+1","Cloak And Dagger+1"],"relics":["Ring of the Snake","NeowsBlessing","Sundial","Bag of Marbles","FossilizedHelix","Golden Idol","Bottled Lightning","Cursed Key","Ornamental Fan","Toxic Egg 2","MutagenicStrength","Nilry\u0027s Codex","Mango","White Beast Statue","Mark of the Bloom","Torii","Gambling Chip","Bronze Scales"],"potions_floor_usage":[21,30,33,37,41,44,50,55],"damage_taken":[{"damage":0,"enemies":"2 Louse","floor":1,"turns":1},{"damage":0,"enemies":"Lagavulin","floor":6,"turns":1},{"damage":0,"enemies":"Jaw Worm","floor":8,"turns":1},{"damage":32,"enemies":"Gremlin Nob","floor":10,"turns":5},{"damage":0,"enemies":"Cultist","floor":12,"turns":1},{"damage":8,"enemies":"Lagavulin","floor":14,"turns":6},{"damage":8,"enemies":"Hexaghost","floor":16,"turns":11},{"damage":0,"enemies":"2 Thieves","floor":18,"turns":4},{"damage":0,"enemies":"Spheric Guardian","floor":20,"turns":3},{"damage":16,"enemies":"Centurion and Healer","floor":21,"turns":5},{"damage":12,"enemies":"Sentry and Sphere","floor":22,"turns":6},{"damage":16,"enemies":"Gremlin Leader","floor":24,"turns":8},{"damage":0,"enemies":"Snecko","floor":30,"turns":3},{"damage":0,"enemies":"Automaton","floor":33,"turns":10},{"damage":0,"enemies":"Orb Walker","floor":35,"turns":3},{"damage":9,"enemies":"3 Darklings","floor":37,"turns":6},{"damage":0,"enemies":"Transient","floor":41,"turns":5},{"damage":0,"enemies":"Giant Head","floor":44,"turns":11},{"damage":0,"enemies":"Sphere and 2 Shapes","floor":47,"turns":5},{"damage":0,"enemies":"Reptomancer","floor":48,"turns":7},{"damage":28,"enemies":"Time Eater","floor":50,"turns":10},{"damage":8,"enemies":"Shield and Spear","floor":54,"turns":8},{"damage":16,"enemies":"The Heart","floor":55,"turns":12}],"seed_played":"-5068910093530808625","potions_obtained":[{"floor":1,"key":"FairyPotion"},{"floor":16,"key":"Regen Potion"},{"floor":20,"key":"Dexterity Potion"},{"floor":24,"key":"Strength Potion"},{"floor":33,"key":"FearPotion"},{"floor":35,"key":"PowerPotion"},{"floor":37,"key":"Explosive Potion"},{"floor":41,"key":"Strength Potion"},{"floor":44,"key":"Explosive Potion"},{"floor":47,"key":"GhostInAJar"},{"floor":48,"key":"PowerPotion"},{"floor":54,"key":"Swift Potion"}],"is_trial":false,"path_per_floor":["M","?","$","?","?","E","$","M","T","E","R","M","?","E","R","B",null,"M","?","M","M","M","R","E","R","T","R","?","?","M","$","R","B",null,"M","?","M","?","$","R","M","R","T","E","?","$","M","E","R","B",null,"R","$","E","B",null],"character_chosen":"THE_SILENT","items_purchased":["Noxious Fumes","Leg Sweep+1","Mango","Deep Breath+1","Backstab","Backstab"],"campfire_rested":2,"item_purchase_floors":[7,31,31,31,39,46],"current_hp_per_floor":[63,63,63,52,52,52,52,52,52,20,20,20,20,12,33,25,59,59,59,59,58,46,46,30,30,30,30,30,14,14,28,28,28,70,70,70,61,61,61,61,61,61,61,61,61,61,61,61,61,33,33,33,33,25,9],"gold":96,"neow_bonus":"THREE_ENEMY_KILL","is_prod":false,"is_daily":false,"chose_seed":false,"campfire_upgraded":7,"win_rate":0,"timestamp":1547877226,"path_taken":["M","?","$","?","?","E","?","?","T","E","R","M","?","E","R","BOSS","M","?","?","M","M","R","E","R","T","R","?","?","M","$","R","BOSS","M","?","M","?","$","R","M","R","T","E","?","$","M","E","R","BOSS","R","$","E","BOSS"],"build_version":"2019-01-10","purchased_purges":2,"victory":true,"max_hp_per_floor":[70,70,70,70,70,70,70,70,70,70,70,70,70,70,70,70,70,70,70,70,70,70,70,70,70,70,70,70,70,70,84,84,84,84,84,84,84,84,84,84,84,84,84,84,84,84,84,84,84,84,84,84,84,84,84],"card_choices":[{"not_picked":["Crippling Poison","Sucker Punch"],"picked":"Backstab","floor":1},{"not_picked":["Quick Slash","Sucker Punch"],"picked":"Cloak And Dagger","floor":6},{"not_picked":["Predator","Acrobatics"],"picked":"Backstab","floor":8},{"not_picked":["Outmaneuver","Terror"],"picked":"Blur","floor":10},{"not_picked":["Cloak And Dagger","Distraction"],"picked":"Noxious Fumes","floor":12},{"not_picked":["Riddle With Holes","Dagger Spray"],"picked":"Well Laid Plans","floor":14},{"not_picked":["Die Die Die","Night Terror"],"picked":"A Thousand Cuts","floor":16},{"not_picked":["Distraction+1","Dodge and Roll+1"],"picked":"Backstab","floor":18},{"not_picked":["Finisher+1","Riddle With Holes+1"],"picked":"PiercingWail","floor":20},{"not_picked":["Riddle With Holes","Dagger Throw","Prepared"],"picked":"SKIP","floor":21},{"not_picked":["Dagger Spray+1","Well Laid Plans"],"picked":"Backflip","floor":22},{"not_picked":["Bane","Eviscerate","Flying Knee"],"picked":"SKIP","floor":24},{"not_picked":["Outmaneuver+1","PiercingWail+1"],"picked":"Backflip+1","floor":30},{"not_picked":["Envenom","Venomology+1"],"picked":"After Image","floor":33},{"not_picked":["Outmaneuver+1","Sucker Punch","Infinite Blades+1"],"picked":"SKIP","floor":35},{"not_picked":["Flash of Steel","Forethought+1"],"picked":"Impatience+1","floor":36},{"not_picked":["PiercingWail+1","Cloak And Dagger+1"],"picked":"Footwork+1","floor":37},{"not_picked":["Predator","Reflex+1","Heel Hook+1"],"picked":"SKIP","floor":41},{"not_picked":["Predator","Reflex+1","Heel Hook+1"],"picked":"SKIP","floor":41},{"not_picked":["Phantasmal Killer+1","Acrobatics+1","Poisoned Stab+1"],"picked":"SKIP","floor":44},{"not_picked":["Calculated Gamble+1","Predator"],"picked":"Backflip+1","floor":47},{"not_picked":["Backflip+1","Poisoned Stab"],"picked":"Bouncing Flask+1","floor":48},{"not_picked":["Tools of the Trade","Concentrate+1"],"picked":"Cloak And Dagger+1","floor":54}],"player_experience":384816,"relics_obtained":[{"floor":6,"key":"Sundial"},{"floor":9,"key":"Bag of Marbles"},{"floor":10,"key":"FossilizedHelix"},{"floor":14,"key":"Bottled Lightning"},{"floor":24,"key":"Ornamental Fan"},{"floor":26,"key":"Toxic Egg 2"},{"floor":29,"key":"Nilry\u0027s Codex"},{"floor":44,"key":"Torii"},{"floor":48,"key":"Gambling Chip"},{"floor":54,"key":"Bronze Scales"}],"event_choices":[{"damage_healed":0,"gold_gain":52,"player_choice":"Gained Gold","damage_taken":0,"max_hp_gain":0,"max_hp_loss":0,"event_name":"Golden Wing","floor":2,"gold_loss":0},{"damage_healed":0,"gold_gain":75,"player_choice":"Gather Gold","damage_taken":11,"max_hp_gain":0,"max_hp_loss":0,"event_name":"World of Goop","floor":4,"gold_loss":0},{"damage_healed":0,"gold_gain":0,"cards_transformed":["Strike_G"],"player_choice":"Change","damage_taken":0,"max_hp_gain":0,"max_hp_loss":0,"event_name":"Living Wall","floor":5,"gold_loss":0,"cards_obtained":["Escape Plan"]},{"damage_healed":0,"gold_gain":0,"player_choice":"Take Wound","damage_taken":0,"relics_obtained":["Golden Idol"],"max_hp_gain":0,"max_hp_loss":0,"event_name":"Golden Idol","floor":13,"gold_loss":0,"cards_obtained":["Injury"]},{"damage_healed":0,"gold_gain":0,"player_choice":"Upgraded","damage_taken":0,"max_hp_gain":0,"max_hp_loss":0,"event_name":"Upgrade Shrine","floor":19,"gold_loss":0,"cards_upgraded":["A Thousand Cuts"]},{"damage_healed":0,"gold_gain":0,"player_choice":"Inject Mutagens","damage_taken":0,"relics_obtained":["MutagenicStrength"],"max_hp_gain":0,"max_hp_loss":0,"event_name":"Drug Dealer","floor":28,"gold_loss":0},{"damage_healed":0,"gold_gain":0,"player_choice":"Obtained Book","damage_taken":16,"max_hp_gain":0,"max_hp_loss":0,"event_name":"Cursed Tome","floor":29,"gold_loss":0},{"damage_healed":0,"gold_gain":0,"player_choice":"Memory 1","damage_taken":0,"max_hp_gain":0,"max_hp_loss":0,"event_name":"SensoryStone","floor":36,"gold_loss":0},{"damage_healed":0,"gold_gain":0,"player_choice":"Upgrade","damage_taken":0,"relics_obtained":["Mark of the Bloom"],"max_hp_gain":0,"max_hp_loss":0,"event_name":"MindBloom","floor":38,"gold_loss":0,"cards_upgraded":["Defend_G","Defend_G","Defend_G","Defend_G","Defend_G","Strike_G","Strike_G","Strike_G","Strike_G","Survivor","Backstab","Escape Plan","Cloak And Dagger","Backstab","Backstab","PiercingWail","Backflip","After Image"]},{"cards_removed":["Injury"],"damage_healed":0,"gold_gain":0,"player_choice":"Card Removal","damage_taken":0,"max_hp_gain":0,"max_hp_loss":0,"event_name":"Wheel of Change","floor":45,"gold_loss":0}],"is_beta":false,"boss_relics":[{"not_picked":["Runic Pyramid","Black Star"],"picked":"Cursed Key"},{"not_picked":["Runic Dome","Lizard Tail"],"picked":"White Beast Statue"}],"items_purged_floors":[31,39],"is_endless":false,"potions_floor_spawned":[1,16,20,24,33,35,37,41,44,47,48,54],"ascension_level":10}