{"gold_per_floor":[110,127,17,17,37,37,62,22,104,129,129,155,227,243,243,343,343,328,328,427,427,24,24],"floor_reached":23,"playtime":813,"items_purged":["Strike_G","Strike_G"],"score":253,"play_id":"c9095b6c-5926-48f9-9a54-9dd9b332c199","local_time":"20181020074952","is_ascension_mode":true,"campfire_choices":[{"data":"Terror","floor":6,"key":"SMITH"},{"data":"Neutralize","floor":15,"key":"SMITH"}],"neow_cost":"NONE","seed_source_timestamp":2924775465638,"circlet_count":0,"master_deck":["Defend_G","Defend_G","Defend_G","Defend_G","Defend_G","Strike_G","Strike_G","Strike_G","Survivor","Neutralize+1","Footwork","Dagger Spray","Leg Sweep","Terror+1","Night Terror","Heel Hook","Backflip","Night Terror"],"relics":["Ring of the Snake","Oddly Smooth Stone","Art of War","Kunai","Bag of Preparation","Odd Mushroom","Runic Pyramid","Potion Belt","Gambling Chip"],"potions_floor_usage":[7,12,23],"damage_taken":[{"damage":0,"enemies":"Small Slimes","floor":1,"turns":6},{"damage":0,"enemies":"2 Louse","floor":2,"turns":4},{"damage":0,"enemies":"Jaw Worm","floor":5,"turns":6},{"damage":14,"enemies":"3 Sentries","floor":7,"turns":12},{"damage":0,"enemies":"Lagavulin","floor":10,"turns":10},{"damage":4,"enemies":"The Mushroom Lair","floor":12,"turns":4},{"damage":0,"enemies":"Red Slaver","floor":14,"turns":3},{"damage":18,"enemies":"Hexaghost","floor":16,"turns":14},{"damage":2,"enemies":"2 Thieves","floor":18,"turns":4},{"damage":65,"enemies":"Slavers","floor":23,"turns":10}],"seed_played":"3543519864878775334","potions_obtained":[{"floor":1,"key":"SpeedPotion"},{"floor":5,"key":"GhostInAJar"},{"floor":7,"key":"Swift Potion"},{"floor":10,"key":"AttackPotion"},{"floor":12,"key":"Strength Potion"}],"is_trial":false,"path_per_floor":["M","M","$","?","M","R","E","$","T","E","?","?","T","M","R","B",null,"M","?","?","?","$"],"character_chosen":"THE_SILENT","items_purchased":["Leg Sweep","Heel Hook","Gambling Chip"],"campfire_rested":0,"item_purchase_floors":[3,8,22],"current_hp_per_floor":[70,70,70,75,75,75,61,61,61,61,61,57,57,57,57,39,75,73,73,73,73,73,8],"gold":24,"neow_bonus":"RANDOM_COMMON_RELIC","is_prod":false,"is_daily":false,"chose_seed":false,"campfire_upgraded":2,"win_rate":0,"timestamp":1540018192,"path_taken":["M","M","$","?","?","R","E","$","T","E","?","?","?","M","R","BOSS","M","?","?","?","$","E"],"build_version":"2018-10-18","purchased_purges":2,"victory":false,"max_hp_per_floor":[70,70,70,75,75,75,75,75,75,75,75,75,75,75,75,75,75,75,75,75,75,75,75],"card_choices":[{"not_picked":["Deadly Poison","Dagger Throw"],"picked":"Footwork","floor":1},{"not_picked":["Quick Slash","Slice"],"picked":"Dagger Spray","floor":2},{"not_picked":["Acrobatics","Calculated Gamble"],"picked":"Terror","floor":5},{"not_picked":["Underhanded Strike","Reflex"],"picked":"Night Terror","floor":7},{"not_picked":["Reflex","Catalyst"],"picked":"Backflip","floor":10},{"not_picked":["Flechettes","Accuracy","Blade Dance"],"picked":"SKIP","floor":14},{"not_picked":["Envenom","A Thousand Cuts"],"picked":"Night Terror","floor":16},{"not_picked":["Well Laid Plans","Slice+1","Dagger Spray"],"picked":"SKIP","floor":18}],"player_experience":74212,"relics_obtained":[{"floor":7,"key":"Art of War"},{"floor":9,"key":"Kunai"},{"floor":10,"key":"Bag of Preparation"},{"floor":12,"key":"Odd Mushroom"}],"event_choices":[{"damage_healed":0,"gold_gain":0,"player_choice":"Donut","damage_taken":0,"max_hp_gain":5,"max_hp_loss":0,"event_name":"Big Fish","floor":4,"gold_loss":0},{"damage_healed":0,"gold_gain":0,"player_choice":"Got Potions","damage_taken":0,"max_hp_gain":0,"max_hp_loss":0,"event_name":"The Lab","floor":11,"gold_loss":0},{"damage_healed":0,"gold_gain":0,"player_choice":"Fought Mushrooms","damage_taken":0,"max_hp_gain":0,"max_hp_loss":0,"event_name":"Mushrooms","floor":12,"gold_loss":0},{"damage_healed":0,"gold_gain":0,"player_choice":"Ignored","damage_taken":0,"max_hp_gain":0,"max_hp_loss":0,"event_name":"Cursed Tome","floor":19,"gold_loss":0},{"damage_healed":0,"gold_gain":99,"player_choice":"Stole From Cult","damage_taken":0,"max_hp_gain":0,"max_hp_loss":0,"event_name":"Nest","floor":20,"gold_loss":0},{"damage_healed":0,"gold_gain":0,"player_choice":"Gave Potion","damage_taken":0,"relics_obtained":["Potion Belt"],"max_hp_gain":0,"max_hp_loss":0,"event_name":"WeMeetAgain","floor":21,"gold_loss":0}],"is_beta":false,"boss_relics":[{"not_picked":["Philosopher\u0027s Stone","Lizard Tail"],"picked":"Runic Pyramid"}],"items_purged_floors":[3,22],"is_endless":false,"potions_floor_spawned":[1,5,7,10,12],"killed_by":"Slavers","ascension_level":3}