{"gold_per_floor":[116,266,266,20,45,84,102,142,167,188,188,188,188,204,204,302,302,317,332,18,33,33,72,147,147,147,163,163,182,182,194,194,273,273,283,2,54,54,64,64,90,90,138,150,163,198,298,329,329,329],"floor_reached":51,"playtime":4743,"items_purged":["Doubt"],"score":1650,"play_id":"23474e51-4088-447d-9d44-acc2a69b8c34","local_time":"20190119235929","is_ascension_mode":true,"campfire_choices":[{"data":"Body Slam","floor":11,"key":"SMITH"},{"data":"Bash","floor":13,"key":"SMITH"},{"data":"Flame Barrier","floor":15,"key":"SMITH"},{"data":"Barricade","floor":25,"key":"SMITH"},{"data":"1","floor":28,"key":"LIFT"},{"data":"2","floor":32,"key":"LIFT"},{"data":"3","floor":40,"key":"LIFT"},{"data":"Uppercut","floor":42,"key":"SMITH"},{"data":"Metallicize","floor":49,"key":"SMITH"}],"neow_cost":"NONE","seed_source_timestamp":796659726636822,"circlet_count":0,"master_deck":["AscendersBane","Strike_R","Defend_R","Defend_R","Defend_R","Defend_R","Bash+1","Shrug It Off","Body Slam+1","Shrug It Off","Flame Barrier+1","Shrug It Off","Clothesline+1","Uppercut+1","Barricade+1","Metallicize+1","Shrug It Off+1","Double Tap+1","Rage+1","Perfected Strike+1","Whirlwind+1","True Grit+1","Inflame+1","Entrench+1","Metallicize"],"relics":["Burning Blood","NeowsBlessing","Bloody Idol","Lantern","Red Skull","Pen Nib","Bag of Preparation","Coffee Dripper","Girya","Toxic Egg 2","Matryoshka","Mummified Hand","Singing Bowl","Astrolabe","Kunai","Ice Cream","Regal Pillow","Vajra","Anchor","Charon\u0027s Ashes","Bird Faced Urn","Ancient Tea Set"],"potions_floor_usage":[10,14,16,27,33,37,41,45,47,50,50],"damage_taken":[{"damage":0,"enemies":"2 Louse","floor":1,"turns":1},{"damage":0,"enemies":"Cultist","floor":5,"turns":1},{"damage":0,"enemies":"3 Sentries","floor":6,"turns":1},{"damage":2,"enemies":"Jaw Worm","floor":7,"turns":5},{"damage":55,"enemies":"Lagavulin","floor":8,"turns":8},{"damage":3,"enemies":"Looter","floor":10,"turns":3},{"damage":0,"enemies":"3 Louse","floor":14,"turns":3},{"damage":3,"enemies":"The Guardian","floor":16,"turns":11},{"damage":0,"enemies":"Chosen","floor":18,"turns":3},{"damage":0,"enemies":"Shell Parasite","floor":19,"turns":2},{"damage":10,"enemies":"Centurion and Healer","floor":21,"turns":5},{"damage":43,"enemies":"Gremlin Leader","floor":23,"turns":6},{"damage":11,"enemies":"Chosen and Byrds","floor":27,"turns":6},{"damage":1,"enemies":"Cultist and Chosen","floor":29,"turns":5},{"damage":0,"enemies":"3 Cultists","floor":31,"turns":4},{"damage":0,"enemies":"Automaton","floor":33,"turns":12},{"damage":0,"enemies":"3 Shapes","floor":35,"turns":4},{"damage":24,"enemies":"2 Orb Walkers","floor":37,"turns":4},{"damage":13,"enemies":"Orb Walker","floor":39,"turns":3},{"damage":15,"enemies":"Reptomancer","floor":41,"turns":7},{"damage":18,"enemies":"3 Darklings","floor":44,"turns":3},{"damage":7,"enemies":"4 Shapes","floor":45,"turns":5},{"damage":0,"enemies":"Nemesis","floor":46,"turns":13},{"damage":5,"enemies":"Mind Bloom Boss Battle","floor":47,"turns":6},{"damage":0,"enemies":"Giant Head","floor":48,"turns":8},{"damage":52,"enemies":"Donu and Deca","floor":50,"turns":10}],"seed_played":"-3593094859323665146","potions_obtained":[{"floor":1,"key":"BloodPotion"},{"floor":7,"key":"Fire Potion"},{"floor":10,"key":"Swift Potion"},{"floor":14,"key":"Poison Potion"},{"floor":23,"key":"SkillPotion"},{"floor":27,"key":"Explosive Potion"},{"floor":33,"key":"SpeedPotion"},{"floor":39,"key":"Fire Potion"},{"floor":44,"key":"EssenceOfSteel"},{"floor":45,"key":"SkillPotion"},{"floor":47,"key":"Regen Potion"}],"is_trial":false,"path_per_floor":["M","?","?","$","M","E","M","E","T","M","R","?","R","M","R","B",null,"M","M","$","M","?","E","T","R","T","M","R","M","?","M","R","B",null,"M","$","?","?","M","R","E","R","T","M","M","E","?","E","R","B",null],"character_chosen":"IRONCLAD","items_purchased":["Lantern","Girya","Kunai"],"campfire_rested":0,"item_purchase_floors":[4,20,36],"current_hp_per_floor":[74,74,48,48,54,60,64,15,15,25,25,25,25,31,31,34,65,71,75,75,71,71,34,34,34,34,29,29,36,36,47,47,58,72,77,77,64,64,64,64,62,62,67,60,66,79,85,87,87,61],"gold":329,"neow_bonus":"THREE_ENEMY_KILL","is_prod":false,"is_daily":false,"chose_seed":false,"campfire_upgraded":6,"win_rate":0,"timestamp":1547971169,"path_taken":["M","?","?","$","M","E","M","E","T","M","R","?","R","M","R","BOSS","M","?","$","?","?","E","?","R","T","M","R","M","?","M","R","BOSS","M","$","?","?","M","R","E","R","T","?","M","E","?","E","R","BOSS"],"build_version":"2019-01-17v2","purchased_purges":1,"victory":true,"max_hp_per_floor":[75,75,75,75,75,75,75,75,75,75,75,75,75,75,75,75,75,75,75,75,75,75,75,75,75,75,75,75,77,77,77,77,77,77,77,77,77,77,79,79,81,81,81,81,83,85,85,87,87,87],"card_choices":[{"not_picked":["Fire Breathing","True Grit","Flex"],"picked":"SKIP","floor":1},{"not_picked":["Iron Wave","Evolve"],"picked":"Shrug It Off","floor":5},{"not_picked":["Rupture","Berserk"],"picked":"Body Slam","floor":6},{"not_picked":["True Grit","Iron Wave"],"picked":"Shrug It Off","floor":7},{"not_picked":["Perfected Strike","True Grit","Sword Boomerang"],"picked":"SKIP","floor":8},{"not_picked":["Anger","Perfected Strike"],"picked":"Flame Barrier","floor":10},{"not_picked":["Flex","Wild Strike","Corruption"],"picked":"SKIP","floor":14},{"not_picked":["Bludgeon","Berserk"],"picked":"Immolate","floor":16},{"not_picked":["Flex","Twin Strike"],"picked":"Shrug It Off","floor":18},{"not_picked":["Fire Breathing","Carnage"],"picked":"Clothesline+1","floor":19},{"not_picked":["Burning Pact","Blood for Blood"],"picked":"Uppercut","floor":21},{"not_picked":["Ghostly Armor","Warcry+1"],"picked":"Barricade","floor":23},{"not_picked":["Bloodletting+1","Heavy Blade"],"picked":"Metallicize","floor":27},{"not_picked":["Rupture","Headbutt","Sword Boomerang"],"picked":"Singing Bowl","floor":29},{"not_picked":["Heavy Blade","Anger"],"picked":"Shrug It Off+1","floor":31},{"not_picked":["Bludgeon","Berserk"],"picked":"Double Tap+1","floor":33},{"not_picked":["Iron Wave","Headbutt"],"picked":"True Grit+1","floor":35},{"not_picked":["Flex+1","Searing Blow"],"picked":"Inflame+1","floor":37},{"not_picked":["Sever Soul","Headbutt","Perfected Strike"],"picked":"Singing Bowl","floor":39},{"not_picked":["Exhume+1","Twin Strike","Carnage"],"picked":"Singing Bowl","floor":41},{"not_picked":["Carnage+1","Havoc+1"],"picked":"Entrench+1","floor":44},{"not_picked":["Armaments+1","Thunderclap","Reckless Charge"],"picked":"Singing Bowl","floor":45},{"not_picked":["Sword Boomerang","Power Through+1","Iron Wave"],"picked":"Singing Bowl","floor":46},{"not_picked":["Heavy Blade","Uppercut+1"],"picked":"Metallicize","floor":47},{"not_picked":["Cleave","Corruption","Exhume+1"],"picked":"Singing Bowl","floor":48}],"player_experience":405256,"relics_obtained":[{"floor":6,"key":"Red Skull"},{"floor":8,"key":"Pen Nib"},{"floor":9,"key":"Bag of Preparation"},{"floor":23,"key":"Toxic Egg 2"},{"floor":24,"key":"Matryoshka"},{"floor":26,"key":"Mummified Hand"},{"floor":26,"key":"Singing Bowl"},{"floor":37,"key":"Ice Cream"},{"floor":41,"key":"Regal Pillow"},{"floor":43,"key":"Vajra"},{"floor":43,"key":"Anchor"},{"floor":46,"key":"Charon\u0027s Ashes"},{"floor":47,"key":"Bird Faced Urn"},{"floor":48,"key":"Ancient Tea Set"}],"event_choices":[{"damage_healed":0,"gold_gain":150,"player_choice":"AGREE","damage_taken":0,"max_hp_gain":0,"max_hp_loss":0,"event_name":"Liars Game","floor":2,"gold_loss":0,"cards_obtained":["Doubt"]},{"damage_healed":0,"gold_gain":0,"player_choice":"Take Damage","damage_taken":26,"relics_obtained":["Golden Idol"],"max_hp_gain":0,"max_hp_loss":0,"event_name":"Golden Idol","floor":3,"gold_loss":0},{"cards_removed":["Strike_R"],"damage_healed":0,"gold_gain":0,"player_choice":"Purged","damage_taken":0,"max_hp_gain":0,"max_hp_loss":0,"event_name":"Purifier","floor":12,"gold_loss":0},{"damage_healed":0,"gold_gain":0,"player_choice":"Ignored","damage_taken":0,"max_hp_gain":0,"max_hp_loss":0,"event_name":"Beggar","floor":22,"gold_loss":0},{"damage_healed":0,"gold_gain":0,"player_choice":"Gave Idol","damage_taken":0,"relics_obtained":["Bloody Idol"],"max_hp_gain":0,"max_hp_loss":0,"event_name":"Forgotten Altar","floor":30,"relics_lost":["Golden Idol"],"gold_loss":0},{"damage_healed":0,"gold_gain":0,"player_choice":"Fight","damage_taken":0,"max_hp_gain":0,"max_hp_loss":0,"event_name":"Mysterious Sphere","floor":37,"gold_loss":0},{"cards_removed":["Immolate"],"damage_healed":0,"gold_gain":0,"player_choice":"Removed Attack","damage_taken":0,"max_hp_gain":0,"max_hp_loss":0,"event_name":"Falling","floor":38,"gold_loss":0},{"damage_healed":0,"gold_gain":0,"player_choice":"Fight","damage_taken":0,"max_hp_gain":0,"max_hp_loss":0,"event_name":"MindBloom","floor":47,"gold_loss":0}],"is_beta":false,"boss_relics":[{"not_picked":["Eternal Feather","Philosopher\u0027s Stone"],"picked":"Coffee Dripper"},{"not_picked":["Runic Dome","Runic Cube"],"picked":"Astrolabe"}],"items_purged_floors":[4],"is_endless":false,"potions_floor_spawned":[1,7,10,14,23,27,29,33,39,44,45,46,47],"ascension_level":17}