{"gold_per_floor":[119,119,44,44,44,44,55,87,114,126,26,26],"floor_reached":12,"playtime":227,"items_purged":["Strike_B","Strike_B"],"score":87,"play_id":"ec8da468-13fa-44ec-8704-4c99eaf30052","local_time":"20180924172452","is_ascension_mode":true,"campfire_choices":[{"data":"Zap","floor":6,"key":"SMITH"}],"neow_cost":"","seed_source_timestamp":9885787675206,"circlet_count":0,"master_deck":["Strike_B","Strike_B+1","Defend_B","Defend_B","Defend_B","Defend_B","Zap+1","Dualcast","Gash+1","Fission","Auto Shields"],"relics":["Cracked Core","Pen Nib","Vajra"],"potions_floor_usage":[7,8,8,8,8,12],"damage_taken":[{"damage":3,"enemies":"Small Slimes","floor":1,"turns":4},{"damage":1,"enemies":"2 Louse","floor":7,"turns":3},{"damage":45,"enemies":"3 Sentries","floor":8,"turns":8},{"damage":0,"enemies":"Jaw Worm","floor":10,"turns":2},{"damage":25,"enemies":"Gremlin Nob","floor":12,"turns":4}],"seed_played":"8531326224065727670","potions_obtained":[{"floor":5,"key":"EntropicBrew"},{"floor":5,"key":"SteroidPotion"},{"floor":5,"key":"Fruit Juice"},{"floor":7,"key":"GamblersBrew"}],"is_trial":false,"path_per_floor":["M","?","$","?","?","R","M","E","T","M","$"],"character_chosen":"DEFECT","items_purchased":[],"campfire_rested":0,"item_purchase_floors":[],"current_hp_per_floor":[72,77,77,61,61,61,65,20,20,20,20,0],"gold":26,"neow_bonus":"","is_prod":false,"is_daily":false,"chose_seed":false,"campfire_upgraded":1,"win_rate":0,"timestamp":1537806292,"path_taken":["M","?","$","?","?","R","M","E","T","?","$","E"],"build_version":"2018-09-20","purchased_purges":2,"victory":false,"max_hp_per_floor":[75,80,80,80,80,80,85,85,85,85,85,85],"card_choices":[{"not_picked":["Barrage","Skim"],"picked":"Gash","floor":1},{"not_picked":["Heatsinks","Sweeping Beam","Force Field"],"picked":"SKIP","floor":7},{"not_picked":["Heatsinks","Sweeping Beam","Force Field"],"picked":"SKIP","floor":7},{"not_picked":["Steam","Streamline"],"picked":"Fission","floor":8},{"not_picked":["Rebound","Hello World"],"picked":"Auto Shields","floor":10}],"player_experience":45567,"relics_obtained":[{"floor":8,"key":"Pen Nib"},{"floor":9,"key":"Vajra"}],"event_choices":[{"event_name":"Big Fish","player_choice":"Donut","floor":2,"damage_taken":0},{"event_name":"Shining Light","player_choice":"Entered Light","floor":4,"damage_taken":0},{"event_name":"The Lab","player_choice":"Got Potions","floor":5,"damage_taken":0}],"is_beta":false,"boss_relics":[],"items_purged_floors":[3,11],"is_endless":false,"potions_floor_spawned":[7],"killed_by":"Gremlin Nob","ascension_level":3}