{"gold_per_floor":[111,131,131,10,30,30,57,57,133,133,146,67,16,26,26,105,105,124,124,124,135,55,55,55,55,55,55,72,72,103,18,18,18],"floor_reached":33,"playtime":675,"items_purged":[],"score":470,"play_id":"b9c388a7-3cae-4980-8231-ce879ee79a43","local_time":"20181106201750","is_ascension_mode":true,"campfire_choices":[{"data":"Go for the Eyes","floor":6,"key":"SMITH"},{"data":"Storm","floor":8,"key":"SMITH"},{"floor":10,"key":"REST"},{"data":"Machine Learning","floor":15,"key":"SMITH"},{"data":"Zap","floor":23,"key":"SMITH"},{"data":"Heatsinks","floor":25,"key":"SMITH"},{"data":"Amplify","floor":29,"key":"SMITH"},{"floor":32,"key":"REST"}],"neow_cost":"NONE","seed_source_timestamp":6264265659783,"circlet_count":0,"master_deck":["AscendersBane","Strike_B","Strike_B","Strike_B","Strike_B","Defend_B","Defend_B","Defend_B","Defend_B+1","Zap+1","Dualcast+1","Go for the Eyes+1","Storm+1","Heatsinks+1","Sunder","Conserve Battery","Machine Learning+1","Hello World","Electrodynamics","Coolheaded","Heatsinks","Capacitor","Amplify+1","Echo Form"],"relics":["Nuclear Battery","War Paint","Symbiotic Virus","Eternal Feather","FaceOfCleric","Cables","Letter Opener","Bronze Scales"],"potions_floor_usage":[7,14,16,28,33],"damage_taken":[{"damage":5,"enemies":"Small Slimes","floor":1,"turns":4},{"damage":9,"enemies":"Cultist","floor":2,"turns":5},{"damage":7,"enemies":"2 Louse","floor":5,"turns":3},{"damage":24,"enemies":"Gremlin Nob","floor":7,"turns":4},{"damage":1,"enemies":"Looter","floor":11,"turns":3},{"damage":0,"enemies":"2 Fungi Beasts","floor":14,"turns":2},{"damage":12,"enemies":"Slime Boss","floor":16,"turns":8},{"damage":6,"enemies":"Spheric Guardian","floor":18,"turns":3},{"damage":13,"enemies":"Shell Parasite","floor":21,"turns":4},{"damage":33,"enemies":"Shelled Parasite and Fungi","floor":28,"turns":5},{"damage":41,"enemies":"Slavers","floor":30,"turns":3},{"damage":74,"enemies":"Champ","floor":33,"turns":7}],"seed_played":"-5195962141233858721","potions_obtained":[{"floor":2,"key":"PowerPotion"},{"floor":11,"key":"Explosive Potion"},{"floor":14,"key":"FearPotion"},{"floor":18,"key":"Weak Potion"},{"floor":30,"key":"Regen Potion"}],"is_trial":false,"path_per_floor":["M","M","?","$","M","R","E","R","T","R","M","$","?","M","R","B",null,"M","?","?","M","$","R","?","R","T","$","M","R","E","?","R","B"],"character_chosen":"DEFECT","items_purchased":["Heatsinks","Sunder","Hello World","Heatsinks"],"campfire_rested":2,"item_purchase_floors":[4,4,12,22],"current_hp_per_floor":[59,50,50,50,43,43,19,19,19,40,39,39,39,39,39,27,60,54,54,54,42,42,54,54,66,66,66,34,46,6,6,40,0],"gold":18,"neow_bonus":"BOSS_RELIC","is_prod":false,"is_daily":false,"chose_seed":false,"campfire_upgraded":6,"win_rate":0,"timestamp":1541535470,"path_taken":["M","M","?","$","M","R","E","R","T","R","M","$","?","M","R","BOSS","M","?","?","?","$","R","?","R","T","$","M","R","E","?","R","BOSS"],"build_version":"2018-11-01","purchased_purges":0,"victory":false,"max_hp_per_floor":[71,71,71,71,71,71,71,71,71,71,71,71,71,71,71,71,71,71,71,71,72,72,72,72,72,72,72,73,73,74,74,74,74],"card_choices":[{"not_picked":["Redo","Barrage"],"picked":"Go for the Eyes","floor":1},{"not_picked":["Double Energy","Hello World"],"picked":"Storm","floor":2},{"not_picked":["Compile Driver","Coolheaded"],"picked":"Conserve Battery","floor":5},{"not_picked":["Sweeping Beam","Auto Shields"],"picked":"Machine Learning","floor":7},{"not_picked":["Streamline","Undo","Turbo"],"picked":"SKIP","floor":11},{"not_picked":["Auto Shields","Undo","Turbo"],"picked":"SKIP","floor":14},{"not_picked":["Buffer","Machine Learning"],"picked":"Electrodynamics","floor":16},{"not_picked":["Conserve Battery","Turbo"],"picked":"Coolheaded","floor":18},{"not_picked":["Scrape+1","Turbo+1","Melter"],"picked":"SKIP","floor":21},{"not_picked":["Coolheaded","Conserve Battery"],"picked":"Amplify","floor":28},{"not_picked":["Leap","Steam"],"picked":"Echo Form","floor":30}],"player_experience":119089,"relics_obtained":[{"floor":7,"key":"War Paint"},{"floor":9,"key":"Symbiotic Virus"},{"floor":26,"key":"Cables"},{"floor":30,"key":"Letter Opener"}],"event_choices":[{"damage_healed":0,"gold_gain":0,"player_choice":"Ignored","damage_taken":0,"max_hp_gain":0,"max_hp_loss":0,"event_name":"Shining Light","floor":3,"gold_loss":0},{"damage_healed":0,"gold_gain":0,"player_choice":"Left Gold","damage_taken":0,"max_hp_gain":0,"max_hp_loss":0,"event_name":"World of Goop","floor":13,"gold_loss":51},{"damage_healed":0,"gold_gain":0,"player_choice":"Ignored","damage_taken":0,"max_hp_gain":0,"max_hp_loss":0,"event_name":"Cursed Tome","floor":19,"gold_loss":0},{"damage_healed":0,"gold_gain":0,"player_choice":"Trade","damage_taken":0,"relics_obtained":["FaceOfCleric"],"max_hp_gain":0,"max_hp_loss":0,"event_name":"FaceTrader","floor":20,"gold_loss":0},{"damage_healed":0,"gold_gain":0,"player_choice":"Read","damage_taken":0,"max_hp_gain":0,"max_hp_loss":0,"event_name":"The Library","floor":24,"gold_loss":0,"cards_obtained":["Capacitor"]},{"damage_healed":0,"gold_gain":0,"player_choice":"Obtained Relic","damage_taken":0,"relics_obtained":["Bronze Scales"],"max_hp_gain":0,"max_hp_loss":0,"event_name":"Addict","floor":31,"gold_loss":85}],"is_beta":false,"boss_relics":[{"not_picked":["White Beast Statue","Lizard Tail"],"picked":"Eternal Feather"}],"items_purged_floors":[],"is_endless":false,"potions_floor_spawned":[2,11,14,18,30],"killed_by":"Champ","ascension_level":16}