{"gold_per_floor":[14,29,0,0,60,60,95,115,115,115,160,171,171,184,184,288,288,304,229,229,248,248,248,58,58,58,75,108,108,124,140,140,239,239,257,267,315,19,70,70,70,70,124,124,152,22,38,52,52,52],"floor_reached":50,"playtime":3885,"items_purged":["Strike_G"],"score":662,"play_id":"57508caa-1df2-4edc-a61f-55f51bb7ec0e","local_time":"20180910212748","is_ascension_mode":true,"campfire_choices":[{"data":"Infinite Blades","floor":6,"key":"SMITH"},{"floor":10,"key":"REST"},{"floor":13,"key":"REST"},{"floor":15,"key":"REST"},{"floor":23,"key":"REST"},{"data":"Calculated Gamble","floor":25,"key":"SMITH"},{"floor":29,"key":"REST"},{"data":"Deadly Poison","floor":32,"key":"SMITH"},{"floor":40,"key":"REST"},{"floor":42,"key":"REST"},{"data":"Enlightenment","floor":44,"key":"SMITH"},{"floor":49,"key":"REST"}],"neow_cost":"NO_GOLD","seed_source_timestamp":1027573452225108,"circlet_count":0,"master_deck":["Defend_G","Defend_G","Defend_G","Defend_G","Defend_G","Strike_G+1","Strike_G","Strike_G","Survivor","Neutralize","Corpse Explosion","Predator+1","PiercingWail","Infinite Blades+1","Flying Knee","Flying Knee+1","Deadly Poison+1","Dash+1","PiercingWail","Die Die Die+1","Concentrate","Calculated Gamble+1","Accuracy","Backstab+1","Deflect","Bane+1","Deflect+1","Storm of Steel","PiercingWail","Concentrate+1","Night Terror","Enlightenment+1","Catalyst+1","Footwork","Cloak And Dagger+1","Blur+1"],"relics":["Ring of the Snake","Molten Egg 2","Ornamental Fan","Bag of Marbles","Runic Pyramid","Mummified Hand","Question Card","Smiling Mask","Sozu","The Specimen","Strange Spoon","Vajra","Bag of Preparation","Whetstone"],"potions_floor_usage":[7,16,16,28,33,33,37,41],"damage_taken":[{"damage":7,"enemies":"Small Slimes","floor":1,"turns":3},{"damage":6,"enemies":"Jaw Worm","floor":2,"turns":4},{"damage":24,"enemies":"Gremlin Nob","floor":7,"turns":4},{"damage":9,"enemies":"2 Louse","floor":8,"turns":3},{"damage":8,"enemies":"Blue Slaver","floor":12,"turns":3},{"damage":19,"enemies":"Exordium Thugs","floor":14,"turns":4},{"damage":32,"enemies":"The Guardian","floor":16,"turns":10},{"damage":16,"enemies":"Shell Parasite","floor":18,"turns":7},{"damage":7,"enemies":"Chosen","floor":21,"turns":4},{"damage":6,"enemies":"Snecko","floor":27,"turns":5},{"damage":27,"enemies":"Gremlin Leader","floor":28,"turns":8},{"damage":1,"enemies":"Shelled Parasite and Fungi","floor":30,"turns":2},{"damage":6,"enemies":"Centurion and Healer","floor":31,"turns":4},{"damage":20,"enemies":"Champ","floor":33,"turns":10},{"damage":0,"enemies":"Orb Walker","floor":35,"turns":2},{"damage":9,"enemies":"3 Darklings","floor":36,"turns":3},{"damage":60,"enemies":"Mysterious Sphere","floor":37,"turns":6},{"damage":0,"enemies":"Transient","floor":41,"turns":2},{"damage":18,"enemies":"Nemesis","floor":45,"turns":5},{"damage":3,"enemies":"Reptomancer","floor":47,"turns":4},{"damage":12,"enemies":"3 Darklings","floor":48,"turns":2},{"damage":35,"enemies":"Donu and Deca","floor":50,"turns":4}],"seed_played":"-7040002646388938942","potions_obtained":[{"floor":1,"key":"GamblersBrew"},{"floor":12,"key":"Energy Potion"},{"floor":14,"key":"Poison Potion"},{"floor":16,"key":"GhostInAJar"},{"floor":21,"key":"Regen Potion"},{"floor":27,"key":"SmokeBomb"},{"floor":30,"key":"Ancient Potion"},{"floor":33,"key":"Regen Potion"}],"is_trial":false,"path_per_floor":["M","M","?","?","?","R","E","M","T","R","T","M","R","M","R","B",null,"M","?","?","M","?","R","$","R","T","M","E","R","M","M","R","B",null,"M","M","?","$","T","R","M","R","T","R","E","$","M","M","R"],"character_chosen":"THE_SILENT","items_purchased":["Calculated Gamble","Accuracy","Backstab+1","Enlightenment","Strange Spoon","Footwork"],"campfire_rested":8,"item_purchase_floors":[24,24,24,38,38,46],"current_hp_per_floor":[56,50,50,50,50,50,26,17,17,38,38,30,51,32,53,21,58,42,42,42,35,35,56,56,56,56,50,32,53,52,46,46,26,59,59,50,4,4,4,25,25,46,46,46,28,28,25,13,34,0],"gold":52,"neow_bonus":"THREE_RARE_CARDS","is_prod":false,"is_daily":false,"chose_seed":false,"campfire_upgraded":4,"win_rate":0,"timestamp":1536632868,"path_taken":["M","M","?","?","?","R","E","M","T","R","?","M","R","M","R","BOSS","M","?","?","M","?","R","$","R","T","M","E","R","M","M","R","BOSS","M","M","?","$","?","R","M","R","T","R","E","?","M","M","R","BOSS"],"build_version":"2018-09-06","purchased_purges":1,"victory":false,"max_hp_per_floor":[70,70,70,70,70,70,70,70,70,70,70,70,70,70,70,70,70,70,70,70,70,70,70,70,70,70,70,70,70,70,70,70,70,70,70,70,70,70,70,70,70,70,70,70,70,70,70,70,70,70],"card_choices":[{"not_picked":["Phantasmal Killer","Doppelganger"],"picked":"Corpse Explosion","floor":0},{"not_picked":["Terror","Cloak And Dagger"],"picked":"Predator","floor":1},{"not_picked":["Slice","Outmaneuver"],"picked":"PiercingWail","floor":2},{"not_picked":["Outmaneuver","Acrobatics"],"picked":"Flying Knee","floor":7},{"not_picked":["Prepared","Predator+1"],"picked":"Deadly Poison","floor":8},{"not_picked":["Cloak And Dagger","Endless Agony+1"],"picked":"Dash+1","floor":12},{"not_picked":["Wraith Form v2","Setup"],"picked":"PiercingWail","floor":14},{"not_picked":["Bullet Time","Grand Finale+1"],"picked":"Die Die Die+1","floor":16},{"not_picked":["Dodge and Roll","Setup","Expertise"],"picked":"SKIP","floor":18},{"not_picked":["Dagger Spray+1","Dodge and Roll"],"picked":"Poisoned Stab+1","floor":21},{"not_picked":["Acrobatics","Flechettes+1","Heel Hook+1"],"picked":"Deflect","floor":27},{"not_picked":["Quick Slash+1","Prepared","Flying Knee+1","Doppelganger"],"picked":"SKIP","floor":28},{"not_picked":["Sucker Punch+1","Slice+1","Setup"],"picked":"Bane+1","floor":30},{"not_picked":["Dagger Throw+1","Poisoned Stab+1","Expertise"],"picked":"Deflect+1","floor":31},{"not_picked":["Adrenaline","Wraith Form v2","A Thousand Cuts"],"picked":"Storm of Steel","floor":33},{"not_picked":["Acrobatics","Escape Plan+1","Eviscerate+1"],"picked":"PiercingWail","floor":35},{"not_picked":["Dodge and Roll+1","Blade Dance+1","Quick Slash+1"],"picked":"Concentrate+1","floor":36},{"not_picked":["Dagger Spray+1","Backstab+1","Sucker Punch+1"],"picked":"Night Terror","floor":37},{"not_picked":["Crippling Poison+1","Cloak And Dagger+1","Flechettes+1"],"picked":"Catalyst+1","floor":45},{"not_picked":["Poisoned Stab+1","Dagger Throw+1","Finisher+1"],"picked":"Cloak And Dagger+1","floor":47},{"not_picked":["Dodge and Roll+1","Deflect","Unload+1"],"picked":"Blur+1","floor":48}],"player_experience":308481,"relics_obtained":[{"floor":7,"key":"Molten Egg 2"},{"floor":9,"key":"Ornamental Fan"},{"floor":11,"key":"Bag of Marbles"},{"floor":26,"key":"Question Card"},{"floor":28,"key":"Smiling Mask"},{"floor":37,"key":"The Specimen"},{"floor":39,"key":"Vajra"},{"floor":43,"key":"Bag of Preparation"},{"floor":45,"key":"Whetstone"}],"event_choices":[{"event_name":"World of Goop","player_choice":"Left","floor":3,"damage_taken":0},{"event_name":"Match and Keep!","player_choice":"2 cards matched","floor":4,"damage_taken":0},{"event_name":"Golden Wing","player_choice":"Gained Gold","floor":5,"damage_taken":0},{"event_name":"Beggar","player_choice":"Gave Gold","floor":19,"damage_taken":0},{"event_name":"The Library","player_choice":"Read","floor":20,"damage_taken":0},{"event_name":"WeMeetAgain","player_choice":"Card","floor":22,"damage_taken":0},{"event_name":"Mysterious Sphere","player_choice":"Fight","floor":37,"damage_taken":0}],"is_beta":false,"boss_relics":[{"not_picked":["HoveringKite","Black Star"],"picked":"Runic Pyramid"},{"not_picked":["Fusion Hammer","Calling Bell"],"picked":"Sozu"}],"items_purged_floors":[46],"is_endless":false,"potions_floor_spawned":[1,12,14,16,21,27,30,33,41,48],"killed_by":"Donu and Deca","ascension_level":6}