{"gold_per_floor":[211,4,21,21,39,66,131,130,185,197,274,274,309,75,75,153,153,169,219,236,286,54,54],"floor_reached":23,"playtime":824,"items_purged":["Defend_R","Strike_R","Demon Form"],"score":393,"play_id":"583bb2a6-cac2-446f-86a7-d63f1a22fe10","local_time":"20190112130633","is_ascension_mode":true,"campfire_choices":[{"data":"Body Slam","floor":12,"key":"SMITH"},{"data":"True Grit","floor":15,"key":"SMITH"}],"neow_cost":"NONE","seed_source_timestamp":47950102842947,"circlet_count":0,"master_deck":["AscendersBane","Bash","Shrug It Off","Headbutt","Metallicize","Body Slam+1","Metallicize","Feel No Pain","Pummel","Body Slam","True Grit+1","Offering","Rupture","Shrug It Off","Exhume","Searing Blow","Brutality","Combust","Shrug It Off","Armaments+1","Shrug It Off"],"relics":["Burning Blood","SsserpentHead","Pen Nib","Tiny Chest","Anchor","Potion Belt","Pandora\u0027s Box","Regal Pillow"],"potions_floor_usage":[6,13,16,20,20,23],"damage_taken":[{"damage":5,"enemies":"Small Slimes","floor":1,"turns":6},{"damage":3,"enemies":"Cultist","floor":3,"turns":4},{"damage":5,"enemies":"Jaw Worm","floor":5,"turns":4},{"damage":20,"enemies":"Lagavulin","floor":6,"turns":7},{"damage":2,"enemies":"Blue Slaver","floor":7,"turns":6},{"damage":0,"enemies":"Exordium Wildlife","floor":10,"turns":5},{"damage":20,"enemies":"Gremlin Nob","floor":13,"turns":5},{"damage":35,"enemies":"The Guardian","floor":16,"turns":17},{"damage":18,"enemies":"2 Thieves","floor":18,"turns":4},{"damage":21,"enemies":"Colosseum Slavers","floor":19,"turns":5},{"damage":16,"enemies":"Shell Parasite","floor":20,"turns":5},{"damage":49,"enemies":"Book of Stabbing","floor":23,"turns":4}],"seed_played":"-268715691108209038","potions_obtained":[{"floor":3,"key":"SpeedPotion"},{"floor":5,"key":"Poison Potion"},{"floor":6,"key":"Energy Potion"},{"floor":16,"key":"Poison Potion"}],"is_trial":false,"path_per_floor":["M","$","M","?","M","E","M","?","T","M","T","R","E","$","R","B",null,"M","?","M","T","$","E"],"character_chosen":"IRONCLAD","items_purchased":["Headbutt","Metallicize","True Grit","BloodPotion","Shrug It Off","Regen Potion"],"campfire_rested":0,"item_purchase_floors":[2,2,14,14,22,22],"current_hp_per_floor":[69,69,72,72,73,59,63,63,63,69,69,69,55,55,55,26,63,51,36,33,33,33,0],"gold":54,"neow_bonus":"HUNDRED_GOLD","is_prod":false,"is_daily":false,"chose_seed":false,"campfire_upgraded":2,"win_rate":0,"timestamp":1547298393,"path_taken":["M","$","M","?","M","E","?","?","T","M","?","R","E","$","R","BOSS","M","?","M","?","$","E"],"build_version":"2019-01-10","purchased_purges":3,"victory":false,"max_hp_per_floor":[75,75,75,75,75,75,75,75,75,75,75,75,75,75,75,75,75,75,75,75,75,75,75],"card_choices":[{"not_picked":["Thunderclap","Flex"],"picked":"Shrug It Off","floor":1},{"not_picked":["Rupture","Thunderclap"],"picked":"Body Slam","floor":3},{"not_picked":["Hemokinesis","Clothesline"],"picked":"Metallicize","floor":5},{"not_picked":["Warcry","Spot Weakness"],"picked":"Feel No Pain","floor":6},{"not_picked":["Spot Weakness","Heavy Blade"],"picked":"Pummel","floor":7},{"not_picked":["Second Wind","Clash","Dropkick"],"picked":"SKIP","floor":10},{"not_picked":["Bludgeon","Feed"],"picked":"Body Slam","floor":13},{"not_picked":["Double Tap","Immolate"],"picked":"Offering","floor":16},{"not_picked":["Sword Boomerang","Armaments"],"picked":"Shrug It Off","floor":18},{"not_picked":["Body Slam","Corruption"],"picked":"Armaments+1","floor":20}],"player_experience":370242,"relics_obtained":[{"floor":6,"key":"Pen Nib"},{"floor":9,"key":"Tiny Chest"},{"floor":11,"key":"Anchor"},{"floor":13,"key":"Potion Belt"},{"floor":21,"key":"Regal Pillow"}],"event_choices":[{"damage_healed":0,"gold_gain":0,"player_choice":"Trade","damage_taken":0,"relics_obtained":["SsserpentHead"],"max_hp_gain":0,"max_hp_loss":0,"event_name":"FaceTrader","floor":4,"gold_loss":0},{"damage_healed":0,"gold_gain":0,"player_choice":"Left Gold","damage_taken":0,"max_hp_gain":0,"max_hp_loss":0,"event_name":"World of Goop","floor":8,"gold_loss":51},{"damage_healed":0,"gold_gain":0,"player_choice":"Fight","damage_taken":0,"max_hp_gain":0,"max_hp_loss":0,"event_name":"Colosseum","floor":19,"gold_loss":0},{"damage_healed":0,"gold_gain":0,"player_choice":"Fled From Nobs","damage_taken":0,"max_hp_gain":0,"max_hp_loss":0,"event_name":"Colosseum","floor":19,"gold_loss":0}],"is_beta":false,"boss_relics":[{"not_picked":["Runic Dome","Sozu"],"picked":"Pandora\u0027s Box"}],"items_purged_floors":[2,14,22],"is_endless":false,"potions_floor_spawned":[3,5,6,16,19],"killed_by":"Book of Stabbing","ascension_level":17}