{"gold_per_floor":[113,113,138,164,196,208,247,259,296,367,379,422,434,458,470,584,596,622,87,87,100,118,118,178,178,201,201,226,226,141,172,172,273,273,283,296,313,413,19,44,44,44,121,121,136,152,152,164,164,164],"floor_reached":51,"playtime":6301,"items_purged":["Underhanded Strike","Calculated Gamble+1"],"score":793,"play_id":"4857c353-5a07-4ab7-b866-b98807db0c20","local_time":"20190122205932","is_ascension_mode":true,"campfire_choices":[{"data":"Cloak And Dagger","floor":6.0,"key":"SMITH"},{"data":"Neutralize","floor":8,"key":"SMITH"},{"data":"Caltrops","floor":11,"key":"SMITH"},{"data":"Terror","floor":15,"key":"SMITH"},{"data":"Noxious Fumes","floor":23,"key":"SMITH"},{"data":"Noxious Fumes","floor":25,"key":"SMITH"},{"data":"Infinite Blades","floor":27,"key":"SMITH"},{"data":"Die Die Die","floor":29,"key":"SMITH"},{"data":"Deflect","floor":32,"key":"SMITH"},{"data":"Dodge and Roll","floor":42,"key":"SMITH"},{"data":"Slice","floor":44,"key":"SMITH"},{"data":"Backflip","floor":47,"key":"SMITH"},{"data":"Footwork","floor":49,"key":"SMITH"}],"neow_cost":"NONE","seed_source_timestamp":0,"circlet_count":0,"master_deck":["Survivor","Neutralize+1","Cloak And Dagger+1","Dash","Dodge and Roll+1","Caltrops+1","Finisher","Terror+1","Die Die Die+1","Wraith Form v2","Underhanded Strike","PiercingWail+1","Calculated Gamble","Dash","Slice+1","Infinite Blades+1","Deflect+1","Dagger Spray","Noxious Fumes+1","Sucker Punch+1","Noxious Fumes+1","Dodge and Roll+1","Burst","Choke","Dodge and Roll+1","Distraction+1","Backflip+1","Footwork+1"],"special_seed":0,"relics":["Coffee Dripper","MawBank","Anchor","Art of War","Bottled Tornado","Pandora\u0027s Box","Kunai","Pen Nib","Tiny Chest","Happy Flower","Vajra","Omamori","War Paint","Black Star","Dead Branch","Bird Faced Urn","Question Card","Bag of Marbles","Blue Candle"],"potions_floor_usage":[7,7,16,31,33,35,37,46,50,50],"damage_taken":[{"damage":4.0,"enemies":"Small Slimes","floor":1.0,"turns":4.0},{"damage":2.0,"enemies":"Jaw Worm","floor":3.0,"turns":4.0},{"damage":0.0,"enemies":"2 Louse","floor":4.0,"turns":3.0},{"damage":0.0,"enemies":"Exordium Wildlife","floor":5.0,"turns":5.0},{"damage":12,"enemies":"Lagavulin","floor":7,"turns":7},{"damage":4,"enemies":"3 Sentries","floor":12,"turns":8},{"damage":0,"enemies":"2 Fungi Beasts","floor":14,"turns":3},{"damage":15,"enemies":"Slime Boss","floor":16,"turns":9},{"damage":0,"enemies":"3 Byrds","floor":18,"turns":2},{"damage":1,"enemies":"Colosseum Slavers","floor":20,"turns":4},{"damage":0,"enemies":"Spheric Guardian","floor":21,"turns":4},{"damage":11,"enemies":"Shelled Parasite and Fungi","floor":22,"turns":4},{"damage":0,"enemies":"Gremlin Leader","floor":24,"turns":5},{"damage":10,"enemies":"Slavers","floor":31,"turns":4},{"damage":5,"enemies":"Champ","floor":33,"turns":9},{"damage":4,"enemies":"3 Darklings","floor":35,"turns":4},{"damage":0,"enemies":"3 Shapes","floor":36,"turns":6},{"damage":16,"enemies":"Transient","floor":37,"turns":5},{"damage":6,"enemies":"Mind Bloom Boss Battle","floor":38,"turns":7},{"damage":16,"enemies":"Giant Head","floor":40,"turns":7},{"damage":10,"enemies":"Jaw Worm Horde","floor":45,"turns":3},{"damage":4,"enemies":"Writhing Mass","floor":46,"turns":7},{"damage":2,"enemies":"Maw","floor":48,"turns":6},{"damage":43,"enemies":"Time Eater","floor":50,"turns":12}],"seed_played":"-6072123848502750903","potions_obtained":[{"floor":3.0,"key":"AttackPotion"},{"floor":5.0,"key":"SkillPotion"},{"floor":12,"key":"EssenceOfSteel"},{"floor":14,"key":"LiquidBronze"},{"floor":16,"key":"GhostInAJar"},{"floor":18,"key":"Fire Potion"},{"floor":22,"key":"Regen Potion"},{"floor":35,"key":"Swift Potion"},{"floor":37,"key":"LiquidBronze"},{"floor":40,"key":"Poison Potion"},{"floor":46,"key":"Weak Potion"}],"is_trial":false,"path_per_floor":["M","?","M","M","M","R","E","R","T","?","R","E","?","M","R","B",null,"M","$","?","M","M","R","E","R","T","R","T","R","?","E","R","B",null,"M","M","M","?","$","E","?","R","T","R","M","M","R","M","R","B",null],"character_chosen":"THE_SILENT","items_purchased":["Kunai","Noxious Fumes","Pen Nib","Bird Faced Urn"],"campfire_rested":0,"item_purchase_floors":[19,19,19,39],"current_hp_per_floor":[66,59,57,57,57,57,45,45,45,45,45,41,41,41,41,26,70,70,70,69,69,58,58,58,58,58,58,58,58,58,48,48,58,70,66,66,50,44,44,38,38,38,38,38,34,40,40,50,50,21],"gold":164,"neow_bonus":"BOSS_RELIC","is_prod":false,"is_daily":false,"chose_seed":false,"campfire_upgraded":13,"win_rate":0,"timestamp":1548208772,"path_taken":["M","?","M","M","M","R","E","R","T","?","R","E","?","M","R","BOSS","M","$","?","M","M","R","E","R","T","R","?","R","?","E","R","BOSS","M","M","M","?","$","E","?","R","T","R","M","?","R","M","R","BOSS"],"build_version":"2019-01-17v2","purchased_purges":2,"victory":true,"max_hp_per_floor":[70,70,70,70,70,70,70,70,70,70,70,70,70,70,70,70,70,70,70,70,70,70,70,70,70,70,70,70,70,70,70,70,70,70,70,70,70,70,70,70,70,70,70,70,70,70,70,70,70,70],"card_choices":[{"not_picked":["Quick Slash","Blade Dance"],"picked":"Cloak And Dagger","floor":1.0},{"not_picked":["Backflip","Blade Dance"],"picked":"Dash","floor":3.0},{"not_picked":["Masterful Stab","Underhanded Strike","Deflect"],"picked":"SKIP","floor":4.0},{"not_picked":["Riddle With Holes","Outmaneuver"],"picked":"Dodge and Roll","floor":5.0},{"not_picked":["Quick Slash","Deflect"],"picked":"Caltrops","floor":7},{"not_picked":["Bouncing Flask","Sucker Punch"],"picked":"Finisher","floor":12},{"not_picked":["Masterful Stab","Expertise"],"picked":"Terror","floor":14},{"not_picked":["Glass Knife","Night Terror"],"picked":"Die Die Die","floor":16},{"not_picked":["Dagger Throw","PiercingWail"],"picked":"Dagger Spray","floor":18},{"not_picked":["Tactician","Blade Dance","Underhanded Strike+1"],"picked":"SKIP","floor":21},{"not_picked":["Well Laid Plans","Slice"],"picked":"Sucker Punch+1","floor":22},{"not_picked":["Skewer+1","Poisoned Stab"],"picked":"Noxious Fumes","floor":24},{"not_picked":["Doppelganger","Finisher"],"picked":"Dodge and Roll","floor":31},{"not_picked":["Phantasmal Killer","Glass Knife"],"picked":"Burst","floor":33},{"not_picked":["Deflect","Dagger Throw"],"picked":"Choke","floor":35},{"not_picked":["Tactician+1","Underhanded Strike","Deadly Poison"],"picked":"SKIP","floor":36},{"not_picked":["Flying Knee","Outmaneuver+1"],"picked":"Dodge and Roll+1","floor":37},{"not_picked":["Acrobatics+1","Outmaneuver+1"],"picked":"Distraction+1","floor":40},{"not_picked":["Burst","Sucker Punch","Skewer"],"picked":"Backflip","floor":45},{"not_picked":["Dagger Spray","Backstab","Cloak And Dagger+1","Tactician+1"],"picked":"SKIP","floor":46},{"not_picked":["Well Laid Plans+1","Tactician","Deflect+1"],"picked":"Footwork","floor":48}],"player_experience":56734,"relics_obtained":[{"floor":7,"key":"Anchor"},{"floor":9,"key":"Art of War"},{"floor":12,"key":"Bottled Tornado"},{"floor":24,"key":"Tiny Chest"},{"floor":26,"key":"Happy Flower"},{"floor":28,"key":"Vajra"},{"floor":31,"key":"War Paint"},{"floor":38,"key":"Dead Branch"},{"floor":40,"key":"Question Card"},{"floor":40,"key":"Bag of Marbles"},{"floor":43,"key":"Blue Candle"}],"event_choices":[{"damage_healed":0.0,"max_hp_gain":0.0,"max_hp_loss":0.0,"gold_gain":0.0,"event_name":"Scrap Ooze","player_choice":"Success","floor":2.0,"gold_loss":0.0,"damage_taken":7.0,"relics_obtained":["MawBank"]},{"damage_healed":0,"gold_gain":59,"player_choice":"Gained Gold","damage_taken":0,"max_hp_gain":0,"max_hp_loss":0,"event_name":"Golden Wing","floor":10,"gold_loss":0},{"damage_healed":0,"gold_gain":0,"player_choice":"Grow","damage_taken":0,"max_hp_gain":0,"max_hp_loss":0,"event_name":"Living Wall","floor":13,"gold_loss":0,"cards_upgraded":["Dodge and Roll"]},{"damage_healed":0,"gold_gain":0,"player_choice":"Fight","damage_taken":0,"max_hp_gain":0,"max_hp_loss":0,"event_name":"Colosseum","floor":20,"gold_loss":0},{"damage_healed":0,"gold_gain":0,"player_choice":"Fled From Nobs","damage_taken":0,"max_hp_gain":0,"max_hp_loss":0,"event_name":"Colosseum","floor":20,"gold_loss":0},{"damage_healed":0,"gold_gain":0,"player_choice":"Obtained Relic","damage_taken":0,"relics_obtained":["Omamori"],"max_hp_gain":0,"max_hp_loss":0,"event_name":"Addict","floor":30,"gold_loss":85},{"damage_healed":0,"gold_gain":0,"player_choice":"Fight","damage_taken":0,"max_hp_gain":0,"max_hp_loss":0,"event_name":"MindBloom","floor":38,"gold_loss":0},{"damage_healed":0,"gold_gain":0,"player_choice":"Ignored","damage_taken":0,"max_hp_gain":0,"max_hp_loss":0,"event_name":"SecretPortal","floor":41,"gold_loss":0}],"is_beta":false,"boss_relics":[{"not_picked":["Empty Cage","Runic Dome"],"picked":"Pandora\u0027s Box"},{"not_picked":["Cursed Key","Lizard Tail"],"picked":"Black Star"}],"items_purged_floors":[19,39],"is_endless":false,"potions_floor_spawned":[3,5,12,14,16,18,20,22,35,37,40,46],"ascension_level":2}