{"gold_per_floor":[114,114,127,127,139,170,170,170,196,260,279,279,279,78,78,178,178,196,196,66,166,185,185,185],"floor_reached":24,"playtime":2614,"items_purged":["Strike_R+1"],"score":323,"play_id":"dee10bb5-1c7a-47d2-aac8-5f84f86a123a","local_time":"20190114004902","is_ascension_mode":true,"campfire_choices":[{"data":"Feed","floor":7,"key":"SMITH"},{"data":"Carnage","floor":12,"key":"SMITH"},{"data":"Entrench","floor":15,"key":"SMITH"},{"floor":23,"key":"REST"}],"neow_cost":"NONE","seed_source_timestamp":283373587745309,"circlet_count":0,"master_deck":["AscendersBane","Strike_R+1","Strike_R+1","Defend_R+1","Defend_R+1","Defend_R+1","Defend_R+1","Bash+1","Carnage+1","Clothesline","Feed+1","Entrench+1","Metallicize","Impervious","Offering","Metallicize+1","Metallicize","Inflame"],"relics":["Burning Blood","Red Skull","Ginger","Smiling Mask","Letter Opener","Runic Cube","Peace Pipe","Darkstone Periapt"],"potions_floor_usage":[18,21,21],"damage_taken":[{"damage":2,"enemies":"Jaw Worm","floor":1,"turns":3},{"damage":1,"enemies":"2 Louse","floor":3,"turns":2},{"damage":0,"enemies":"Small Slimes","floor":5,"turns":2},{"damage":40,"enemies":"3 Sentries","floor":6,"turns":9},{"damage":30,"enemies":"3 Sentries","floor":10,"turns":7},{"damage":7,"enemies":"2 Fungi Beasts","floor":11,"turns":3},{"damage":41,"enemies":"The Guardian","floor":16,"turns":13},{"damage":30,"enemies":"Shell Parasite","floor":18,"turns":7},{"damage":16,"enemies":"Colosseum Slavers","floor":21,"turns":5},{"damage":25,"enemies":"Colosseum Nobs","floor":21,"turns":5},{"damage":15,"enemies":"2 Thieves","floor":22,"turns":4},{"damage":58,"enemies":"Book of Stabbing","floor":24,"turns":8}],"seed_played":"64405933515434094","potions_obtained":[{"floor":5,"key":"Ancient Potion"},{"floor":6,"key":"FairyPotion"},{"floor":16,"key":"SkillPotion"},{"floor":18,"key":"Strength Potion"}],"is_trial":false,"path_per_floor":["M","?","M","?","M","E","R","?","T","?","M","R","?","$","R","B",null,"M","?","$","?","M","R","E"],"character_chosen":"IRONCLAD","items_purchased":["Metallicize","Impervious","Metallicize"],"campfire_rested":1,"item_purchase_floors":[14,14,20],"current_hp_per_floor":[76,69,74,62,68,34,34,34,34,14,17,17,46,46,46,15,73,53,53,53,32,23,54,0],"gold":185,"neow_bonus":"UPGRADE_CARD","is_prod":false,"is_daily":false,"chose_seed":false,"campfire_upgraded":3,"win_rate":0,"timestamp":1547455742,"path_taken":["M","?","M","?","M","E","R","?","T","?","M","R","?","?","R","BOSS","M","?","?","?","M","R","E"],"build_version":"2019-01-10","purchased_purges":1,"victory":false,"max_hp_per_floor":[80,80,80,80,80,80,80,80,80,84,88,88,88,88,88,92,92,96,96,96,104,104,104,104],"card_choices":[{"not_picked":["Anger","Rampage"],"picked":"Carnage","floor":1},{"not_picked":["Rampage","Twin Strike","Thunderclap"],"picked":"SKIP","floor":3},{"not_picked":["Sentinel","Pommel Strike"],"picked":"Clothesline","floor":5},{"not_picked":["Rage","Burning Pact"],"picked":"Feed","floor":6},{"not_picked":["Clash","Armaments","Pommel Strike"],"picked":"SKIP","floor":11},{"not_picked":["Impervious","Reaper"],"picked":"Offering","floor":16},{"not_picked":["Intimidate","Armaments"],"picked":"Metallicize+1","floor":18},{"not_picked":["Cleave","Heavy Blade"],"picked":"Inflame","floor":21},{"not_picked":["Anger","Armaments","Perfected Strike"],"picked":"SKIP","floor":22}],"player_experience":306400,"relics_obtained":[{"floor":6,"key":"Ginger"},{"floor":9,"key":"Smiling Mask"},{"floor":21,"key":"Peace Pipe"},{"floor":21,"key":"Darkstone Periapt"}],"event_choices":[{"cards_removed":["Strike_R"],"damage_healed":0,"gold_gain":0,"player_choice":"Card Removal","damage_taken":7,"max_hp_gain":0,"max_hp_loss":0,"event_name":"Golden Wing","floor":2,"gold_loss":0},{"damage_healed":0,"gold_gain":0,"player_choice":"Success","damage_taken":12,"relics_obtained":["Red Skull"],"max_hp_gain":0,"max_hp_loss":0,"event_name":"Scrap Ooze","floor":4,"gold_loss":0},{"damage_healed":0,"gold_gain":0,"cards_transformed":["Strike_R"],"player_choice":"Change","damage_taken":0,"max_hp_gain":0,"max_hp_loss":0,"event_name":"Living Wall","floor":8,"gold_loss":0,"cards_obtained":["Entrench"]},{"damage_healed":0,"gold_gain":0,"player_choice":"Searched \u00272\u0027 times","damage_taken":0,"relics_obtained":["Letter Opener"],"max_hp_gain":0,"max_hp_loss":0,"event_name":"Dead Adventurer","floor":10,"gold_loss":0},{"damage_healed":29,"gold_gain":0,"player_choice":"Banana","damage_taken":0,"max_hp_gain":0,"max_hp_loss":0,"event_name":"Big Fish","floor":13,"gold_loss":0},{"damage_healed":0,"gold_gain":0,"player_choice":"Simplicity","damage_taken":0,"max_hp_gain":0,"max_hp_loss":0,"event_name":"Back to Basics","floor":19,"gold_loss":0,"cards_upgraded":["Strike_R","Strike_R","Strike_R","Defend_R","Defend_R","Defend_R","Defend_R"]},{"damage_healed":0,"gold_gain":0,"player_choice":"Fight","damage_taken":0,"max_hp_gain":0,"max_hp_loss":0,"event_name":"Colosseum","floor":21,"gold_loss":0},{"damage_healed":0,"gold_gain":0,"player_choice":"Fought Nobs","damage_taken":0,"max_hp_gain":0,"max_hp_loss":0,"event_name":"Colosseum","floor":21,"gold_loss":0}],"is_beta":false,"boss_relics":[{"not_picked":["Orrery","Eternal Feather"],"picked":"Runic Cube"}],"items_purged_floors":[20],"is_endless":false,"potions_floor_spawned":[5,6,16,18],"killed_by":"Book of Stabbing","ascension_level":11}