{"gold_per_floor":[109,34,49,68,78,78,105,105,128,188,188],"floor_reached":11,"playtime":307,"items_purged":["Strike_R"],"score":137,"play_id":"316cef2b-8f47-4ba8-909e-d41951ceb408","local_time":"20181205011601","is_ascension_mode":true,"campfire_choices":[{"data":"Reckless Charge","floor":6,"key":"SMITH"},{"data":"Blood for Blood","floor":8,"key":"SMITH"}],"neow_cost":"NONE","seed_source_timestamp":2377738643488,"circlet_count":0,"master_deck":["AscendersBane","Strike_R","Strike_R","Strike_R","Strike_R+1","Defend_R","Defend_R","Defend_R","Defend_R","Bash+1","Brutality","Reckless Charge+1","Disarm","Flex","Iron Wave","Blood for Blood+1","Dropkick"],"relics":["Burning Blood","Strawberry","Whetstone","Tiny Chest"],"potions_floor_usage":[5,11],"damage_taken":[{"damage":9,"enemies":"Cultist","floor":1,"turns":4},{"damage":1,"enemies":"Jaw Worm","floor":3,"turns":3},{"damage":12,"enemies":"Small Slimes","floor":4,"turns":3},{"damage":1,"enemies":"2 Fungi Beasts","floor":5,"turns":3},{"damage":46,"enemies":"3 Sentries","floor":7,"turns":12},{"damage":30,"enemies":"Gremlin Nob","floor":10,"turns":4},{"damage":21,"enemies":"Gremlin Gang","floor":11,"turns":3}],"seed_played":"-885104751616373433","potions_obtained":[{"floor":1,"key":"Fire Potion"},{"floor":10,"key":"SpeedPotion"}],"is_trial":false,"path_per_floor":["M","$","M","M","M","R","E","R","T","E","M"],"character_chosen":"IRONCLAD","items_purchased":[],"campfire_rested":0,"item_purchase_floors":[],"current_hp_per_floor":[69,69,74,68,73,73,40,40,40,16,0],"gold":188,"neow_bonus":"ONE_RANDOM_RARE_CARD","is_prod":false,"is_daily":false,"chose_seed":false,"campfire_upgraded":2,"win_rate":0,"timestamp":1543972561,"path_taken":["M","$","M","M","M","R","E","R","T","E","?"],"build_version":"2018-11-15","purchased_purges":1,"victory":false,"max_hp_per_floor":[80,80,80,80,80,80,87,87,87,87,87],"card_choices":[{"not_picked":["Flame Barrier","Iron Wave"],"picked":"Reckless Charge","floor":1},{"not_picked":["Thunderclap","Iron Wave"],"picked":"Disarm","floor":3},{"not_picked":["Pommel Strike","Reckless Charge"],"picked":"Flex","floor":4},{"not_picked":["Demon Form","Power Through"],"picked":"Iron Wave","floor":5},{"not_picked":["Sword Boomerang","Brutality"],"picked":"Blood for Blood","floor":7},{"not_picked":["Sword Boomerang","Combust"],"picked":"Dropkick","floor":10}],"player_experience":244928,"relics_obtained":[{"floor":7,"key":"Strawberry"},{"floor":9,"key":"Whetstone"},{"floor":10,"key":"Tiny Chest"}],"event_choices":[],"is_beta":false,"boss_relics":[],"items_purged_floors":[2],"is_endless":false,"potions_floor_spawned":[1,10],"killed_by":"Gremlin Gang","ascension_level":13}