{"gold_per_floor":[14,25,42,53,203,222,222,6,60,60,72,72,72,106,106,180,180,197,208,208,220,52,52,52,52,106,122,122,41,41,41,41,116,116,133,151,151,151,169,169,169,169,169,188,188,203,203,223,223,223],"floor_reached":51,"playtime":4648,"items_purged":["Doubt","Strike_G"],"score":1045,"play_id":"fdaa47df-e99a-43d8-a753-24d318ca2302","local_time":"20190129204901","is_ascension_mode":true,"campfire_choices":[{"data":"Envenom","floor":10,"key":"SMITH"},{"data":"Footwork","floor":12,"key":"SMITH"},{"data":"Footwork","floor":15,"key":"SMITH"},{"data":"Noxious Fumes","floor":23,"key":"SMITH"},{"data":"RitualDagger","floor":25,"key":"SMITH"},{"data":"Crippling Poison","floor":30,"key":"SMITH"},{"floor":32,"key":"REST"},{"floor":40,"key":"REST"},{"floor":42,"key":"REST"},{"floor":45,"key":"REST"},{"floor":47,"key":"REST"},{"floor":49,"key":"REST"}],"neow_cost":"NO_GOLD","seed_source_timestamp":1649291108072641,"circlet_count":0,"master_deck":["AscendersBane","Defend_G+1","Defend_G","Defend_G","Defend_G+1","Defend_G","Strike_G","Strike_G","Survivor","Neutralize","Backflip","Footwork+1","Envenom+1","Slice","Cloak And Dagger","Flying Knee","Footwork+1","Malaise","Noxious Fumes+1","Well Laid Plans","Caltrops","Cloak And Dagger","Caltrops","RitualDagger+1","Decay","Writhe","Crippling Poison+1","Adrenaline","Catalyst+1","Dagger Spray+1","Pain","Blur","Backstab"],"relics":["Ring of the Snake","Tiny Chest","Orichalcum","Blue Candle","Boot","Cursed Key","War Paint","Blood Vial","Fusion Hammer","Mummified Hand"],"potions_floor_usage":[14,18,31,33,44,50,50],"damage_taken":[{"damage":0,"enemies":"2 Louse","floor":1,"turns":4},{"damage":1,"enemies":"Small Slimes","floor":2,"turns":6},{"damage":0,"enemies":"Jaw Worm","floor":3,"turns":6},{"damage":20,"enemies":"Gremlin Gang","floor":4,"turns":10},{"damage":0,"enemies":"2 Fungi Beasts","floor":6,"turns":7},{"damage":20,"enemies":"Large Slime","floor":11,"turns":9},{"damage":6,"enemies":"3 Sentries","floor":14,"turns":10},{"damage":16,"enemies":"Hexaghost","floor":16,"turns":15},{"damage":0,"enemies":"Spheric Guardian","floor":18,"turns":11},{"damage":0,"enemies":"Chosen","floor":19,"turns":6},{"damage":1,"enemies":"Snecko","floor":21,"turns":8},{"damage":12,"enemies":"Centurion and Healer","floor":27,"turns":8},{"damage":16,"enemies":"Colosseum Slavers","floor":31,"turns":5},{"damage":36,"enemies":"Champ","floor":33,"turns":13},{"damage":4,"enemies":"Orb Walker","floor":35,"turns":5},{"damage":36,"enemies":"3 Darklings","floor":36,"turns":5},{"damage":2,"enemies":"Writhing Mass","floor":39,"turns":9},{"damage":28,"enemies":"Spire Growth","floor":44,"turns":4},{"damage":7,"enemies":"Maw","floor":46,"turns":7},{"damage":22,"enemies":"Sphere and 2 Shapes","floor":48,"turns":7},{"damage":56,"enemies":"Awakened One","floor":50,"turns":17}],"seed_played":"-1692519521263519955","potions_obtained":[{"floor":3,"key":"GhostInAJar"},{"floor":6,"key":"PowerPotion"},{"floor":11,"key":"Fire Potion"},{"floor":16,"key":"PowerPotion"},{"floor":27,"key":"Explosive Potion"},{"floor":33,"key":"Poison Potion"},{"floor":39,"key":"Regen Potion"},{"floor":46,"key":"Regen Potion"},{"floor":48,"key":"Poison Potion"}],"is_trial":false,"path_per_floor":["M","M","M","M","?","M","?","$","T","R","M","R","?","E","R","B",null,"M","M","?","M","$","R","?","R","T","M","?","$","R","?","R","B",null,"M","M","?","?","M","R","?","R","T","M","R","M","R","M","R","B",null],"character_chosen":"THE_SILENT","items_purchased":["Tiny Chest","Flying Knee","Caltrops","Crippling Poison"],"campfire_rested":6,"item_purchase_floors":[8,8,22,29],"current_hp_per_floor":[59,58,58,38,38,38,60,60,60,60,40,40,40,34,34,18,54,54,54,54,53,53,53,47,47,47,35,35,35,35,21,40,6,51,49,15,15,15,15,33,33,51,51,25,43,38,56,36,54,15],"gold":223,"neow_bonus":"REMOVE_TWO","is_prod":false,"is_daily":false,"chose_seed":false,"campfire_upgraded":6,"win_rate":0,"timestamp":1548823741,"path_taken":["M","M","M","M","?","M","?","?","T","R","?","R","?","E","R","BOSS","M","M","?","M","$","R","?","R","T","M","?","?","R","?","R","BOSS","M","M","?","?","M","R","?","R","T","M","R","M","R","M","R","BOSS"],"build_version":"2019-01-23","purchased_purges":2,"victory":true,"max_hp_per_floor":[66,66,66,66,66,66,66,66,66,66,66,66,66,66,66,66,66,66,66,66,66,66,66,66,66,66,66,66,66,66,66,66,66,66,66,66,63,63,63,63,63,63,63,63,63,63,63,63,63,63],"card_choices":[{"not_picked":["Calculated Gamble","Outmaneuver"],"picked":"Backflip","floor":1},{"not_picked":["Escape Plan","Flying Knee"],"picked":"Footwork","floor":2},{"not_picked":["Setup","Deflect"],"picked":"Envenom","floor":3},{"not_picked":["Acrobatics","Outmaneuver"],"picked":"Slice","floor":4},{"not_picked":["Skewer","Accuracy"],"picked":"Cloak And Dagger","floor":6},{"not_picked":["Reflex","Dodge and Roll","Quick Slash"],"picked":"SKIP","floor":11},{"not_picked":["Poisoned Stab","Prepared"],"picked":"Footwork","floor":14},{"not_picked":["Doppelganger","Burst"],"picked":"Malaise","floor":16},{"not_picked":["Dodge and Roll","Outmaneuver"],"picked":"Noxious Fumes","floor":18},{"not_picked":["Dagger Throw","Dagger Spray"],"picked":"Well Laid Plans","floor":19},{"not_picked":["Setup","Dodge and Roll"],"picked":"Cloak And Dagger","floor":21},{"not_picked":["Dagger Spray+1","Choke","Dagger Throw"],"picked":"SKIP","floor":27},{"not_picked":["Night Terror","Grand Finale"],"picked":"Adrenaline","floor":33},{"not_picked":["Finisher","Prepared"],"picked":"Catalyst","floor":35},{"not_picked":["Dodge and Roll","PiercingWail"],"picked":"Dagger Spray+1","floor":36},{"not_picked":["Sucker Punch","Heel Hook","Dodge and Roll"],"picked":"SKIP","floor":39},{"not_picked":["Sucker Punch+1","Finisher","Quick Slash+1"],"picked":"SKIP","floor":44},{"not_picked":["Venomology","Poisoned Stab+1"],"picked":"Blur","floor":46},{"not_picked":["Dodge and Roll","Quick Slash+1"],"picked":"Backstab","floor":48}],"player_experience":535387,"relics_obtained":[{"floor":9,"key":"Orichalcum"},{"floor":14,"key":"Boot"},{"floor":26,"key":"War Paint"},{"floor":43,"key":"Mummified Hand"}],"event_choices":[{"damage_healed":0,"gold_gain":150,"player_choice":"AGREE","damage_taken":0,"max_hp_gain":0,"max_hp_loss":0,"event_name":"Liars Game","floor":5,"gold_loss":0,"cards_obtained":["Doubt"]},{"damage_healed":22,"gold_gain":0,"player_choice":"Banana","damage_taken":0,"max_hp_gain":0,"max_hp_loss":0,"event_name":"Big Fish","floor":7,"gold_loss":0},{"damage_healed":0,"gold_gain":0,"player_choice":"Searched \u00272\u0027 times","damage_taken":0,"relics_obtained":["Blue Candle"],"max_hp_gain":0,"max_hp_loss":0,"event_name":"Dead Adventurer","floor":13,"gold_loss":0},{"damage_healed":0,"gold_gain":0,"player_choice":"Read","damage_taken":0,"max_hp_gain":0,"max_hp_loss":0,"event_name":"The Library","floor":20,"gold_loss":0,"cards_obtained":["Caltrops"]},{"damage_healed":0,"gold_gain":0,"player_choice":"Joined the Cult","damage_taken":6,"max_hp_gain":0,"max_hp_loss":0,"event_name":"Nest","floor":24,"gold_loss":0,"cards_obtained":["RitualDagger"]},{"damage_healed":0,"gold_gain":0,"player_choice":"Opened","damage_taken":0,"relics_obtained":["Blood Vial"],"max_hp_gain":0,"max_hp_loss":0,"event_name":"The Mausoleum","floor":28,"gold_loss":0,"cards_obtained":["Writhe"]},{"damage_healed":0,"gold_gain":0,"player_choice":"Fight","damage_taken":0,"max_hp_gain":0,"max_hp_loss":0,"event_name":"Colosseum","floor":31,"gold_loss":0},{"damage_healed":0,"gold_gain":0,"player_choice":"Fled From Nobs","damage_taken":0,"max_hp_gain":0,"max_hp_loss":0,"event_name":"Colosseum","floor":31,"gold_loss":0},{"damage_healed":0,"gold_gain":0,"player_choice":"Max HP","damage_taken":0,"max_hp_gain":0,"max_hp_loss":3,"event_name":"Winding Halls","floor":37,"gold_loss":0},{"damage_healed":0,"gold_gain":0,"player_choice":"Ignored","damage_taken":0,"max_hp_gain":0,"max_hp_loss":0,"event_name":"Mysterious Sphere","floor":38,"gold_loss":0},{"damage_healed":0,"gold_gain":0,"player_choice":"Upgraded","damage_taken":0,"max_hp_gain":0,"max_hp_loss":0,"event_name":"Upgrade Shrine","floor":41,"gold_loss":0,"cards_upgraded":["Catalyst"]}],"is_beta":false,"boss_relics":[{"not_picked":["Coffee Dripper","Snecko Eye"],"picked":"Cursed Key"},{"not_picked":["Calling Bell","Runic Pyramid"],"picked":"Fusion Hammer"}],"items_purged_floors":[8,22],"is_endless":false,"potions_floor_spawned":[3,6,11,16,27,31,33,39,46,48],"ascension_level":15}