{"gold_per_floor":[14,34,46,56,56,56,76,95,125,151,165,165,185,215,215,215],"floor_reached":16,"playtime":685,"items_purged":[],"score":211,"play_id":"c79cab5c-64e6-432d-b1d6-4e26e72a7138","local_time":"20180915162947","is_ascension_mode":true,"campfire_choices":[{"data":"Sword Boomerang","floor":6,"key":"SMITH"},{"data":"Shrug It Off","floor":12,"key":"SMITH"},{"data":"Perfected Strike","floor":15,"key":"SMITH"}],"neow_cost":"NO_GOLD","seed_source_timestamp":1444886824044972,"circlet_count":0,"master_deck":["Strike_R","Strike_R","Strike_R","Strike_R","Strike_R","Defend_R","Defend_R+1","Defend_R","Defend_R","Bash","AscendersBane","Heavy Blade","Iron Wave+1","Sword Boomerang","Sword Boomerang+1","Perfected Strike+1","Shrug It Off+1","Entrench","Shockwave","Immolate"],"relics":["Burning Blood","Tiny Chest","Regal Pillow","Centennial Puzzle"],"potions_floor_usage":[10,14,16],"damage_taken":[{"damage":1,"enemies":"Cultist","floor":1,"turns":3},{"damage":9,"enemies":"2 Louse","floor":2,"turns":3},{"damage":2,"enemies":"Jaw Worm","floor":3,"turns":4},{"damage":14,"enemies":"Blue Slaver","floor":4,"turns":6},{"damage":1,"enemies":"Exordium Wildlife","floor":7,"turns":4},{"damage":10,"enemies":"Red Slaver","floor":8,"turns":3},{"damage":11,"enemies":"Gremlin Nob","floor":10,"turns":4},{"damage":7,"enemies":"Looter","floor":11,"turns":3},{"damage":13,"enemies":"2 Fungi Beasts","floor":13,"turns":4},{"damage":28,"enemies":"3 Sentries","floor":14,"turns":6},{"damage":36,"enemies":"Hexaghost","floor":16,"turns":7}],"seed_played":"-6477354713277657094","potions_obtained":[{"floor":2,"key":"Strength Potion"},{"floor":4,"key":"FearPotion"},{"floor":10,"key":"LiquidBronze"}],"is_trial":false,"path_per_floor":["M","M","M","M","?","R","M","M","T","E","M","R","M","E","R"],"character_chosen":"IRONCLAD","items_purchased":[],"campfire_rested":0,"item_purchase_floors":[],"current_hp_per_floor":[93,90,94,86,67,67,72,68,68,63,62,62,55,33,33,0],"gold":215,"neow_bonus":"TWENTY_PERCENT_HP_BONUS","is_prod":false,"is_daily":false,"chose_seed":false,"campfire_upgraded":3,"win_rate":0,"timestamp":1537046987,"path_taken":["M","?","?","M","?","R","M","M","T","E","M","R","M","E","R","BOSS"],"build_version":"2018-09-06","purchased_purges":0,"victory":false,"max_hp_per_floor":[96,96,96,96,96,96,96,96,96,96,96,96,96,96,96,96],"card_choices":[{"not_picked":["Armaments","Havoc"],"picked":"Heavy Blade","floor":1},{"not_picked":["Thunderclap","Second Wind"],"picked":"Iron Wave","floor":2},{"not_picked":["Dual Wield","Evolve"],"picked":"Sword Boomerang","floor":3},{"not_picked":["Body Slam","Flex"],"picked":"Sword Boomerang","floor":4},{"not_picked":["Metallicize","Offering"],"picked":"Perfected Strike","floor":7},{"not_picked":["Pommel Strike","Anger"],"picked":"Shrug It Off","floor":8},{"not_picked":["True Grit","Havoc"],"picked":"Entrench","floor":10},{"not_picked":["Warcry","Metallicize"],"picked":"Shockwave","floor":11},{"not_picked":["Clash","Evolve","Anger"],"picked":"SKIP","floor":13},{"not_picked":["Clothesline","Clash"],"picked":"Immolate","floor":14}],"player_experience":345012,"relics_obtained":[{"floor":9,"key":"Tiny Chest"},{"floor":10,"key":"Regal Pillow"},{"floor":14,"key":"Centennial Puzzle"}],"event_choices":[{"event_name":"Shining Light","player_choice":"Entered Light","floor":5,"damage_taken":0}],"is_beta":false,"boss_relics":[],"items_purged_floors":[],"is_endless":false,"potions_floor_spawned":[2,4,10,11],"killed_by":"Hexaghost","ascension_level":12}