{"gold_per_floor":[115,115,133,56,56,91,91,91],"floor_reached":8,"playtime":319,"items_purged":[],"score":130,"play_id":"b3d331db-d335-421f-88ab-d2ee353e926c","local_time":"20190127191124","is_ascension_mode":true,"campfire_choices":[{"data":"Distraction","floor":7,"key":"SMITH"}],"neow_cost":"NONE","seed_source_timestamp":1475008468724039,"circlet_count":0,"master_deck":["AscendersBane","Defend_G","Defend_G","Defend_G","Defend_G","Strike_G","Strike_G","Strike_G","Strike_G","Survivor","Neutralize","Deflect","Distraction+1","Well Laid Plans","Endless Agony","Caltrops"],"relics":["Ring of the Snake","NeowsBlessing","Regal Pillow"],"potions_floor_usage":[],"damage_taken":[{"damage":0,"enemies":"Small Slimes","floor":1,"turns":1},{"damage":0,"enemies":"Cultist","floor":3,"turns":1},{"damage":0,"enemies":"3 Sentries","floor":6,"turns":1},{"damage":66,"enemies":"Lagavulin","floor":8,"turns":10}],"seed_played":"7786941729730802457","potions_obtained":[{"floor":1,"key":"GamblersBrew"},{"floor":3,"key":"SpeedPotion"}],"is_trial":false,"path_per_floor":["M","?","M","$","?","E","R","E"],"character_chosen":"THE_SILENT","items_purchased":["Well Laid Plans"],"campfire_rested":0,"item_purchase_floors":[4],"current_hp_per_floor":[63,63,63,63,63,63,63,0],"gold":91,"neow_bonus":"THREE_ENEMY_KILL","is_prod":false,"is_daily":false,"chose_seed":false,"campfire_upgraded":1,"win_rate":0,"timestamp":1548645084,"path_taken":["M","?","M","$","?","E","R","E"],"build_version":"2019-01-23","purchased_purges":0,"victory":false,"max_hp_per_floor":[70,70,70,70,70,70,70,70],"card_choices":[{"not_picked":["Distraction","Dagger Spray","Deadly Poison"],"picked":"SKIP","floor":1},{"not_picked":["Sucker Punch","Blade Dance"],"picked":"Distraction","floor":3},{"not_picked":["Skewer","Well Laid Plans"],"picked":"Caltrops","floor":6}],"player_experience":509702,"relics_obtained":[{"floor":6,"key":"Regal Pillow"}],"event_choices":[{"damage_healed":0,"gold_gain":0,"cards_transformed":["Strike_G"],"player_choice":"Change","damage_taken":0,"max_hp_gain":0,"max_hp_loss":0,"event_name":"Living Wall","floor":2,"gold_loss":0,"cards_obtained":["Deflect"]},{"damage_healed":0,"gold_gain":0,"cards_transformed":["Defend_G"],"player_choice":"Transformed","damage_taken":0,"max_hp_gain":0,"max_hp_loss":0,"event_name":"Transmorgrifier","floor":5,"gold_loss":0,"cards_obtained":["Endless Agony"]}],"is_beta":false,"boss_relics":[],"items_purged_floors":[],"is_endless":false,"potions_floor_spawned":[1,3],"killed_by":"Lagavulin","ascension_level":13}