{"gold_per_floor":[117,117,130,148,148,148,164,164,189,189,203,203,58,74,74,176,176,196,20,20,20,35,35,60,60,60,60,74,100,119,119,119,119],"floor_reached":33,"playtime":1197,"items_purged":["Strike_R","Strike_R"],"score":396,"play_id":"52379610-5092-43fd-9410-75fec4cfc4e0","local_time":"20181101194209","is_ascension_mode":true,"campfire_choices":[{"data":"True Grit","floor":6,"key":"SMITH"},{"data":"Wild Strike","floor":8,"key":"SMITH"},{"data":"Bash","floor":10,"key":"SMITH"},{"data":"Spot Weakness","floor":12,"key":"SMITH"},{"data":"Immolate","floor":15,"key":"SMITH"},{"data":"Limit Break","floor":23,"key":"SMITH"},{"floor":27,"key":"REST"},{"data":"Evolve","floor":32,"key":"SMITH"}],"neow_cost":"NONE","seed_source_timestamp":2010882042476,"circlet_count":0,"master_deck":["Strike_R","Strike_R","Defend_R+1","Defend_R+1","Defend_R","Defend_R","Bash+1","Spot Weakness+1","True Grit+1","Battle Trance","Wild Strike+1","Ghostly Armor","Immolate+1","Limit Break+1","Uppercut+1","Evolve+1","Metallicize+1","Double Tap","Ghostly","Ghostly","Ghostly","Ghostly","Ghostly","Battle Trance+1"],"relics":["Burning Blood","War Paint","Runic Dome","Boot","Gremlin Horn","Champion Belt","MutagenicStrength"],"potions_floor_usage":[24,24,24,24,24],"damage_taken":[{"damage":6,"enemies":"Cultist","floor":1,"turns":3},{"damage":7,"enemies":"Jaw Worm","floor":3,"turns":4},{"damage":2,"enemies":"2 Louse","floor":4,"turns":4},{"damage":6,"enemies":"Blue Slaver","floor":7,"turns":6},{"damage":1,"enemies":"Large Slime","floor":11,"turns":6},{"damage":14,"enemies":"Exordium Thugs","floor":14,"turns":3},{"damage":48,"enemies":"The Guardian","floor":16,"turns":9},{"damage":4,"enemies":"Shell Parasite","floor":18,"turns":4},{"damage":42,"enemies":"3 Byrds","floor":22,"turns":6},{"damage":41,"enemies":"Slavers","floor":24,"turns":4},{"damage":0,"enemies":"Snecko","floor":28,"turns":5},{"damage":5,"enemies":"Gremlin Leader","floor":29,"turns":5},{"damage":9,"enemies":"Shelled Parasite and Fungi","floor":30,"turns":6},{"damage":48,"enemies":"Champ","floor":33,"turns":10}],"seed_played":"-6611503753617213702","potions_obtained":[{"floor":1,"key":"FearPotion"},{"floor":3,"key":"SteroidPotion"},{"floor":11,"key":"EntropicBrew"},{"floor":24,"key":"SteroidPotion"},{"floor":29,"key":"Swift Potion"}],"is_trial":false,"path_per_floor":["M","?","M","M","?","R","M","R","T","R","M","R","$","M","R","B",null,"M","$","?","$","M","R","E","?","T","R","M","E","M","?","R"],"character_chosen":"IRONCLAD","items_purchased":["Immolate","Evolve"],"campfire_rested":1,"item_purchase_floors":[13,19],"current_hp_per_floor":[80,80,79,83,83,83,83,83,83,83,88,88,88,80,80,38,76,78,78,78,78,42,42,19,19,19,32,38,39,36,36,36,0],"gold":119,"neow_bonus":"TEN_PERCENT_HP_BONUS","is_prod":false,"is_daily":false,"chose_seed":false,"campfire_upgraded":7,"win_rate":0,"timestamp":1541101329,"path_taken":["M","?","?","M","?","R","M","R","T","R","M","R","$","M","R","BOSS","M","$","?","?","M","R","E","?","T","R","?","E","M","?","R","BOSS"],"build_version":"2018-10-25v2","purchased_purges":2,"victory":false,"max_hp_per_floor":[88,88,88,88,88,88,88,88,88,88,88,88,88,88,88,88,88,88,88,88,88,88,88,88,44,44,44,44,44,44,44,44,44],"card_choices":[{"not_picked":["Rupture","Pommel Strike"],"picked":"Spot Weakness","floor":1},{"not_picked":["Heavy Blade","Perfected Strike"],"picked":"True Grit","floor":3},{"not_picked":["Corruption","Body Slam"],"picked":"Battle Trance","floor":4},{"not_picked":["Wild Strike","Corruption","Dual Wield"],"picked":"SKIP","floor":7},{"not_picked":["Havoc","Twin Strike"],"picked":"Ghostly Armor","floor":11},{"not_picked":["Perfected Strike","Cleave","Entrench"],"picked":"SKIP","floor":14},{"not_picked":["Demon Form","Offering"],"picked":"Limit Break","floor":16},{"not_picked":["Rampage","Rage"],"picked":"Uppercut+1","floor":18},{"not_picked":["Heavy Blade+1","Body Slam"],"picked":"Metallicize+1","floor":22},{"not_picked":["Iron Wave","Reckless Charge"],"picked":"Double Tap","floor":24},{"not_picked":["Clash","Sentinel","Second Wind"],"picked":"SKIP","floor":28},{"not_picked":["Power Through","Rampage+1"],"picked":"Battle Trance+1","floor":29},{"not_picked":["Sever Soul","Spot Weakness","Headbutt+1"],"picked":"SKIP","floor":30}],"player_experience":95622,"relics_obtained":[{"floor":9,"key":"War Paint"},{"floor":24,"key":"Boot"},{"floor":26,"key":"Gremlin Horn"},{"floor":29,"key":"Champion Belt"}],"event_choices":[{"damage_healed":0,"gold_gain":0,"player_choice":"0 cards matched","damage_taken":0,"max_hp_gain":0,"max_hp_loss":0,"event_name":"Match and Keep!","floor":2,"gold_loss":0,"cards_obtained":[]},{"damage_healed":0,"gold_gain":0,"cards_transformed":["Strike_R"],"player_choice":"Transformed","damage_taken":0,"max_hp_gain":0,"max_hp_loss":0,"event_name":"Transmorgrifier","floor":5,"gold_loss":0,"cards_obtained":["Wild Strike"]},{"damage_healed":0,"gold_gain":0,"player_choice":"Ignored","damage_taken":0,"max_hp_gain":0,"max_hp_loss":0,"event_name":"Beggar","floor":20,"gold_loss":0},{"damage_healed":0,"gold_gain":0,"player_choice":"Became a Ghost","damage_taken":0,"max_hp_gain":0,"max_hp_loss":44,"event_name":"Ghosts","floor":25,"gold_loss":0,"cards_obtained":["Ghostly","Ghostly","Ghostly","Ghostly","Ghostly"]},{"damage_healed":0,"gold_gain":0,"player_choice":"Inject Mutagens","damage_taken":0,"relics_obtained":["MutagenicStrength"],"max_hp_gain":0,"max_hp_loss":0,"event_name":"Drug Dealer","floor":31,"gold_loss":0}],"is_beta":false,"boss_relics":[{"not_picked":["Black Star","Ectoplasm"],"picked":"Runic Dome"}],"items_purged_floors":[13,19],"is_endless":false,"potions_floor_spawned":[1,3,11,18,24,29,30],"killed_by":"Champ","ascension_level":7}