{"gold_per_floor":[362,362,51,68,83,83,98,98,145,175,195,195,207,239,239,339,339,353,353,42,57,57,57,89,109,135,135,150,150,150,183,183,281,281,299,1298,1298,1312,944,944,23,49,74,104,118,118,147,147,147,147,147,147,95,129,129],"floor_reached":56,"playtime":8465,"items_purged":["Normality","Normality"],"score":1640,"play_id":"6bde3dc8-37ed-4d9f-ba1f-092bc3b95b61","local_time":"20190109161755","is_ascension_mode":true,"campfire_choices":[{"data":"Shockwave","floor":6,"key":"SMITH"},{"data":"Whirlwind","floor":12,"key":"SMITH"},{"data":"Metallicize","floor":15,"key":"SMITH"},{"data":"Barricade","floor":23,"key":"SMITH"},{"data":"RitualDagger","floor":29,"key":"SMITH"},{"data":"True Grit","floor":32,"key":"SMITH"},{"data":"Demon Form","floor":40,"key":"SMITH"},{"data":"Exhume","floor":46,"key":"SMITH"},{"floor":49,"key":"RECALL"},{"data":"Impervious","floor":52,"key":"SMITH"}],"neow_cost":"CURSE","seed_source_timestamp":3796374810371195,"circlet_count":0,"master_deck":["Strike_R","Strike_R","Defend_R","Defend_R","Defend_R","Defend_R","Bash","Flame Barrier","Carnage","Shockwave+1","Whirlwind+1","Reaper","Metallicize+1","Barricade+1","Twin Strike+1","Wild Strike+1","Anger+1","True Grit+1","Metallicize+1","Shrug It Off","Metallicize+1","RitualDagger+1","Demon Form+1","Evolve+1","Iron Wave+1","Impervious+1","Inflame","Exhume+1","Shockwave+1"],"relics":["Burning Blood","Thread and Needle","Lantern","Bronze Scales","Mercury Hourglass","Astrolabe","Champion Belt","Girya","Oddly Smooth Stone","Question Card","Bag of Preparation","Coffee Dripper","Ancient Tea Set","Pen Nib","Happy Flower","Strange Spoon","Calipers","Vajra","Self Forming Clay","Charon\u0027s Ashes","Centennial Puzzle","Incense Burner"],"potions_floor_usage":[10,14,24,24,33,47,50,54,55,55],"damage_taken":[{"damage":16,"enemies":"Jaw Worm","floor":1,"turns":4},{"damage":1,"enemies":"2 Louse","floor":4,"turns":3},{"damage":0,"enemies":"Cultist","floor":5,"turns":3},{"damage":2,"enemies":"3 Louse","floor":7,"turns":3},{"damage":38,"enemies":"Lagavulin","floor":10,"turns":10},{"damage":0,"enemies":"2 Fungi Beasts","floor":11,"turns":3},{"damage":1,"enemies":"Exordium Thugs","floor":13,"turns":2},{"damage":2,"enemies":"Gremlin Nob","floor":14,"turns":3},{"damage":21,"enemies":"The Guardian","floor":16,"turns":12},{"damage":0,"enemies":"3 Byrds","floor":18,"turns":3},{"damage":9,"enemies":"Shell Parasite","floor":21,"turns":4},{"damage":16,"enemies":"Slavers","floor":24,"turns":3},{"damage":0,"enemies":"Cultist and Chosen","floor":25,"turns":8},{"damage":0,"enemies":"Chosen and Byrds","floor":28,"turns":6},{"damage":10,"enemies":"Gremlin Leader","floor":31,"turns":9},{"damage":7,"enemies":"Champ","floor":33,"turns":16},{"damage":0,"enemies":"3 Shapes","floor":35,"turns":6},{"damage":2,"enemies":"Orb Walker","floor":38,"turns":5},{"damage":0,"enemies":"Giant Head","floor":42,"turns":8},{"damage":0,"enemies":"Reptomancer","floor":44,"turns":9},{"damage":0,"enemies":"Spire Growth","floor":45,"turns":4},{"damage":14,"enemies":"Giant Head","floor":47,"turns":8},{"damage":3,"enemies":"Time Eater","floor":50,"turns":8},{"damage":49,"enemies":"Shield and Spear","floor":54,"turns":9},{"damage":57,"enemies":"The Heart","floor":55,"turns":12}],"seed_played":"-7967683503704872044","potions_obtained":[{"floor":5,"key":"SteroidPotion"},{"floor":10,"key":"GamblersBrew"},{"floor":11,"key":"Dexterity Potion"},{"floor":16,"key":"Poison Potion"},{"floor":24,"key":"Energy Potion"},{"floor":25,"key":"GamblersBrew"},{"floor":31,"key":"PowerPotion"},{"floor":35,"key":"Poison Potion"},{"floor":38,"key":"SkillPotion"},{"floor":45,"key":"Fruit Juice"},{"floor":47,"key":"Block Potion"}],"is_trial":false,"path_per_floor":["M","?","$","M","M","R","M","$","T","E","M","R","M","E","R","B",null,"M","?","$","M","?","R","E","M","T","?","M","R","?","E","R","B",null,"M","?","?","M","$","R","$","E","T","E","M","R","E","T","R","B",null,"R","$","E","B",null],"character_chosen":"IRONCLAD","items_purchased":["Thread and Needle","Champion Belt","Ancient Tea Set","Pen Nib","Happy Flower","Impervious","Strange Spoon","Calipers","Inflame","PowerPotion"],"campfire_rested":0,"item_purchase_floors":[3,20,39,39,41,41,41,41,41,53],"current_hp_per_floor":[62,55,55,60,66,66,70,70,70,38,44,44,49,53,53,44,71,80,80,80,77,77,77,67,80,80,74,80,80,80,80,80,79,80,80,80,80,80,80,80,80,80,80,80,80,80,85,85,85,85,85,85,85,56,47],"gold":129,"neow_bonus":"TWO_FIFTY_GOLD","is_prod":false,"is_daily":false,"chose_seed":false,"campfire_upgraded":9,"win_rate":0,"timestamp":1547079475,"path_taken":["M","?","$","M","M","R","M","$","T","E","M","R","M","E","R","BOSS","M","?","$","?","?","R","E","M","T","?","M","R","?","E","R","BOSS","M","?","?","M","$","R","$","E","T","E","M","R","E","?","R","BOSS","R","$","E","BOSS"],"build_version":"2019-01-03v4","purchased_purges":2,"victory":true,"max_hp_per_floor":[80,80,80,80,80,80,80,80,80,80,80,80,80,80,80,80,80,80,80,80,80,80,80,80,80,80,80,80,80,80,80,80,80,80,80,80,80,80,80,80,80,80,80,80,80,80,85,85,85,85,85,85,85,85,85],"card_choices":[{"not_picked":["Havoc","Heavy Blade"],"picked":"Flame Barrier","floor":1},{"not_picked":["Armaments","Bloodletting"],"picked":"Carnage","floor":4},{"not_picked":["Body Slam","Spot Weakness"],"picked":"Shockwave","floor":5},{"not_picked":["Armaments","Warcry"],"picked":"Whirlwind","floor":7},{"not_picked":["Anger","Rage","Cleave"],"picked":"SKIP","floor":10},{"not_picked":["Headbutt","Thunderclap","Clash"],"picked":"SKIP","floor":11},{"not_picked":["Blood for Blood","Heavy Blade"],"picked":"Reaper","floor":13},{"not_picked":["Havoc","Iron Wave"],"picked":"Metallicize","floor":14},{"not_picked":["Exhume","Dark Embrace"],"picked":"Barricade","floor":16},{"not_picked":["Heavy Blade","Feel No Pain","Cleave+1"],"picked":"SKIP","floor":18},{"not_picked":["Rampage+1","Armaments"],"picked":"Metallicize+1","floor":21},{"not_picked":["Reaper","Headbutt"],"picked":"Metallicize+1","floor":24},{"not_picked":["True Grit","Sentinel","Clash"],"picked":"SKIP","floor":25},{"not_picked":["Iron Wave","Headbutt","Combust"],"picked":"SKIP","floor":28},{"not_picked":["Hemokinesis","Cleave","Corruption","Sentinel"],"picked":"SKIP","floor":31},{"not_picked":["Berserk","Exhume","Limit Break"],"picked":"Demon Form","floor":33},{"not_picked":["Searing Blow","Sword Boomerang","Uppercut+1"],"picked":"Evolve+1","floor":35},{"not_picked":["Whirlwind","Sword Boomerang+1","Cleave+1"],"picked":"Iron Wave+1","floor":38},{"not_picked":["Iron Wave","Anger","Shrug It Off"],"picked":"Exhume","floor":42},{"not_picked":["Pommel Strike","Burning Pact+1","Havoc+1"],"picked":"Shockwave+1","floor":44},{"not_picked":["Second Wind+1","Feel No Pain","Wild Strike+1","Intimidate"],"picked":"SKIP","floor":45},{"not_picked":["Clash+1","Iron Wave","Sentinel","Thunderclap"],"picked":"SKIP","floor":47},{"not_picked":["Feel No Pain","Infernal Blade","Combust+1","Rampage+1"],"picked":"SKIP","floor":54}],"player_experience":251661,"relics_obtained":[{"floor":9,"key":"Lantern"},{"floor":10,"key":"Bronze Scales"},{"floor":14,"key":"Mercury Hourglass"},{"floor":24,"key":"Girya"},{"floor":26,"key":"Oddly Smooth Stone"},{"floor":30,"key":"Question Card"},{"floor":31,"key":"Bag of Preparation"},{"floor":42,"key":"Vajra"},{"floor":44,"key":"Self Forming Clay"},{"floor":47,"key":"Charon\u0027s Ashes"},{"floor":48,"key":"Centennial Puzzle"},{"floor":54,"key":"Incense Burner"}],"event_choices":[{"cards_removed":["Regret"],"damage_healed":0,"gold_gain":0,"player_choice":"Card Removal","damage_taken":7,"max_hp_gain":0,"max_hp_loss":0,"event_name":"Golden Wing","floor":2,"gold_loss":0},{"damage_healed":0,"gold_gain":0,"player_choice":"1 cards matched","damage_taken":0,"max_hp_gain":0,"max_hp_loss":0,"event_name":"Match and Keep!","floor":19,"gold_loss":0,"cards_obtained":["True Grit"]},{"damage_healed":0,"gold_gain":0,"player_choice":"Read","damage_taken":0,"max_hp_gain":0,"max_hp_loss":0,"event_name":"The Library","floor":22,"gold_loss":0,"cards_obtained":["Shrug It Off"]},{"damage_healed":0,"gold_gain":0,"player_choice":"Joined the Cult","damage_taken":6,"max_hp_gain":0,"max_hp_loss":0,"event_name":"Nest","floor":27,"gold_loss":0,"cards_obtained":["RitualDagger"]},{"damage_healed":0,"gold_gain":0,"player_choice":"Relic","damage_taken":0,"max_hp_gain":0,"max_hp_loss":0,"event_name":"Wheel of Change","floor":30,"gold_loss":0},{"damage_healed":0,"gold_gain":999,"player_choice":"Gold","damage_taken":0,"max_hp_gain":0,"max_hp_loss":0,"event_name":"MindBloom","floor":36,"gold_loss":0,"cards_obtained":["Normality","Normality"]},{"damage_healed":0,"gold_gain":0,"player_choice":"Ignored","damage_taken":0,"max_hp_gain":0,"max_hp_loss":0,"event_name":"Tomb of Lord Red Mask","floor":37,"gold_loss":0}],"is_beta":false,"boss_relics":[{"not_picked":["Runic Dome","Runic Pyramid"],"picked":"Astrolabe"},{"not_picked":["Orrery","Busted Crown"],"picked":"Coffee Dripper"}],"items_purged_floors":[39,41],"is_endless":false,"potions_floor_spawned":[5,10,11,16,24,25,31,35,38,45,47],"ascension_level":6}