{"gold_per_floor":[112,112,37,54,74,107,126,126,152,162,174,184,184,284,284,384,384,403,422,272,285,303,303,303,314,314,326,344,344,360,372,372,475,525,538,551,651,651,24,24,40,40,63,76,76,88,105,105,105,105],"floor_reached":50,"playtime":2790,"items_purged":["Defend_R","Defend_R","Defend_R"],"score":479,"play_id":"e516a42f-c5c4-430a-82eb-7c7531e7dcab","local_time":"20190129023315","is_ascension_mode":false,"campfire_choices":[{"data":"Bash","floor":8,"key":"SMITH"},{"data":"Flex","floor":13,"key":"SMITH"},{"floor":15,"key":"REST"},{"floor":23,"key":"REST"},{"floor":29,"key":"REST"},{"data":"Perfected Strike","floor":32,"key":"SMITH"},{"floor":40,"key":"REST"},{"floor":42,"key":"REST"},{"floor":49,"key":"REST"}],"neow_cost":"NONE","seed_source_timestamp":28678308604934,"circlet_count":0,"master_deck":["Strike_R","Strike_R","Strike_R","Strike_R","Strike_R","Bash+1","Clash","Clash","Iron Wave","Flex+1","Clothesline","Cleave","Perfected Strike+1","Armaments+1","Flex","Armaments+1","Strike_B","Clash","Wild Strike+1","Twin Strike+1","Twin Strike","Perfected Strike","Perfected Strike+1","Perfected Strike","Flex+1","True Grit+1","Perfected Strike"],"relics":["Burning Blood","NeowsBlessing","Strawberry","Ancient Tea Set","Sozu","Dream Catcher","Tiny House","Charon\u0027s Ashes","Orichalcum","Torii","Regal Pillow"],"potions_floor_usage":[6,27,27,33],"damage_taken":[{"damage":0,"enemies":"Jaw Worm","floor":1,"turns":1},{"damage":0,"enemies":"Small Slimes","floor":4,"turns":1},{"damage":0,"enemies":"Cultist","floor":5,"turns":1},{"damage":36,"enemies":"Lagavulin","floor":6,"turns":4},{"damage":12,"enemies":"Blue Slaver","floor":7,"turns":3},{"damage":7,"enemies":"Gremlin Gang","floor":10,"turns":3},{"damage":17,"enemies":"3 Louse","floor":11,"turns":3},{"damage":2,"enemies":"Blue Slaver","floor":12,"turns":2},{"damage":44,"enemies":"The Guardian","floor":16,"turns":8},{"damage":10,"enemies":"Chosen","floor":18,"turns":3},{"damage":10,"enemies":"3 Byrds","floor":19,"turns":5},{"damage":16,"enemies":"3 Cultists","floor":21,"turns":5},{"damage":21,"enemies":"Cultist and Chosen","floor":22,"turns":5},{"damage":18,"enemies":"Snake Plant","floor":25,"turns":3},{"damage":22,"enemies":"Shelled Parasite and Fungi","floor":27,"turns":4},{"damage":6,"enemies":"Snecko","floor":28,"turns":4},{"damage":1,"enemies":"Chosen and Byrds","floor":30,"turns":3},{"damage":1,"enemies":"3 Cultists","floor":31,"turns":4},{"damage":41,"enemies":"Collector","floor":33,"turns":8},{"damage":15,"enemies":"3 Shapes","floor":35,"turns":3},{"damage":41,"enemies":"3 Darklings","floor":36,"turns":6},{"damage":0,"enemies":"Mind Bloom Boss Battle","floor":37,"turns":3},{"damage":21,"enemies":"Maw","floor":41,"turns":6},{"damage":0,"enemies":"Transient","floor":44,"turns":5},{"damage":22,"enemies":"Jaw Worm Horde","floor":46,"turns":2},{"damage":46,"enemies":"Maw","floor":47,"turns":7},{"damage":90,"enemies":"Time Eater","floor":50,"turns":6}],"seed_played":"-6496991109356141368","potions_obtained":[{"floor":5,"key":"Fire Potion"},{"floor":6,"key":"Swift Potion"},{"floor":11,"key":"SkillPotion"},{"floor":16,"key":"Swift Potion"}],"is_trial":false,"path_per_floor":["M","?","$","M","M","E","M","R","T","M","M","M","R","?","R","B",null,"M","M","$","M","M","R","?","M","T","M","M","R","M","M","R","B",null,"M","M","?","?","$","R","M","R","T","M","?","M","M","$","R","B"],"character_chosen":"IRONCLAD","items_purchased":["Flex","Perfected Strike","Orichalcum","Torii"],"campfire_rested":6,"item_purchase_floors":[20,39,39,39],"current_hp_per_floor":[80,80,80,80,80,57,51,51,51,50,39,43,43,43,69,31,87,83,79,79,69,54,80,80,68,68,52,52,78,83,87,87,52,92,83,48,54,54,54,81,66,92,92,92,92,76,36,36,78,0],"gold":105,"neow_bonus":"THREE_ENEMY_KILL","is_prod":false,"is_daily":false,"chose_seed":false,"campfire_upgraded":3,"win_rate":0,"timestamp":1548757995,"path_taken":["M","?","$","M","M","E","M","R","T","M","M","M","R","?","R","BOSS","M","?","$","M","M","R","?","M","T","M","M","R","M","M","R","BOSS","M","?","?","?","$","R","M","R","T","M","?","M","M","$","R","BOSS"],"build_version":"2019-01-23","purchased_purges":3,"victory":false,"max_hp_per_floor":[80,80,80,80,80,87,87,87,87,87,87,87,87,87,87,87,87,87,87,87,87,87,87,87,87,87,87,87,87,87,87,87,87,92,92,92,92,92,92,92,92,92,92,92,92,92,92,92,92,92],"card_choices":[{"not_picked":["Heavy Blade","Anger"],"picked":"Clash","floor":1},{"not_picked":["Rupture","Sever Soul"],"picked":"Clash","floor":4},{"not_picked":["Offering","Anger"],"picked":"Iron Wave","floor":5},{"not_picked":["Pummel","Hemokinesis"],"picked":"Flex","floor":6},{"not_picked":["Flame Barrier","Body Slam"],"picked":"Clothesline","floor":7},{"not_picked":["Sentinel","Second Wind"],"picked":"Shrug It Off","floor":10},{"not_picked":["Seeing Red","Clothesline","Corruption"],"picked":"SKIP","floor":11},{"not_picked":["Body Slam","Reaper"],"picked":"Cleave","floor":12},{"not_picked":["Ghostly Armor","Clash+1"],"picked":"Perfected Strike","floor":18},{"not_picked":["Thunderclap","Headbutt+1"],"picked":"Armaments","floor":19},{"not_picked":["Corruption+1","Anger","Battle Trance+1"],"picked":"SKIP","floor":21},{"not_picked":["Entrench","Rampage"],"picked":"Armaments+1","floor":22},{"not_picked":["Pummel","Infernal Blade","Feel No Pain+1"],"picked":"SKIP","floor":25},{"not_picked":["Sever Soul","Uppercut","Bloodletting"],"picked":"SKIP","floor":27},{"not_picked":["Shockwave","Disarm"],"picked":"Clash","floor":28},{"not_picked":["Entrench+1","Exhume"],"picked":"Wild Strike","floor":30},{"not_picked":["Heavy Blade","Havoc"],"picked":"Wild Strike+1","floor":31},{"not_picked":["Combust+1","Battle Trance","Rampage+1"],"picked":"SKIP","floor":35},{"not_picked":["Anger","Metallicize"],"picked":"Twin Strike+1","floor":36},{"not_picked":["Clothesline","Dark Embrace"],"picked":"Twin Strike","floor":37},{"not_picked":["Clothesline","True Grit+1"],"picked":"Perfected Strike+1","floor":41},{"not_picked":["Sever Soul+1","Intimidate"],"picked":"Perfected Strike","floor":42},{"not_picked":["Ghostly Armor+1","Dropkick+1"],"picked":"Flex+1","floor":44},{"not_picked":["Reaper","Clash"],"picked":"True Grit+1","floor":46},{"not_picked":["Disarm","Evolve","Wild Strike"],"picked":"SKIP","floor":47},{"not_picked":["Dropkick+1","Uppercut"],"picked":"Perfected Strike","floor":49}],"player_experience":358623,"relics_obtained":[{"floor":6,"key":"Strawberry"},{"floor":9,"key":"Ancient Tea Set"},{"floor":26,"key":"Dream Catcher"},{"floor":37,"key":"Charon\u0027s Ashes"},{"floor":43,"key":"Regal Pillow"}],"event_choices":[{"damage_healed":0,"gold_gain":0,"player_choice":"Ignored","damage_taken":0,"max_hp_gain":0,"max_hp_loss":0,"event_name":"Liars Game","floor":2,"gold_loss":0},{"damage_healed":0,"gold_gain":100,"player_choice":"Pray","damage_taken":0,"max_hp_gain":0,"max_hp_loss":0,"event_name":"Golden Shrine","floor":14,"gold_loss":0},{"cards_removed":["Defend_R"],"damage_healed":0,"gold_gain":0,"player_choice":"Took Card","damage_taken":0,"max_hp_gain":0,"max_hp_loss":0,"event_name":"NoteForYourself","floor":24,"gold_loss":0,"cards_obtained":["Strike_B"]},{"damage_healed":0,"gold_gain":0,"player_choice":"Fight","damage_taken":0,"max_hp_gain":0,"max_hp_loss":0,"event_name":"MindBloom","floor":37,"gold_loss":0},{"cards_removed":["Shrug It Off"],"damage_healed":0,"gold_gain":0,"player_choice":"Removed Skill","damage_taken":0,"max_hp_gain":0,"max_hp_loss":0,"event_name":"Falling","floor":38,"gold_loss":0},{"cards_removed":["Wild Strike"],"damage_healed":5,"gold_gain":0,"player_choice":"Offered Common","damage_taken":0,"max_hp_gain":0,"max_hp_loss":0,"event_name":"Bonfire Elementals","floor":45,"gold_loss":0},{"cards_removed":["Wild Strike"],"damage_healed":5,"gold_gain":0,"player_choice":"Offered Special","damage_taken":0,"max_hp_gain":0,"max_hp_loss":0,"event_name":"Bonfire Elementals","floor":45,"gold_loss":0}],"is_beta":false,"boss_relics":[{"not_picked":["Astrolabe","White Beast Statue"],"picked":"Sozu"},{"not_picked":["Runic Cube","Runic Dome"],"picked":"Tiny House"}],"items_purged_floors":[3,20,39],"is_endless":false,"potions_floor_spawned":[5,6,11,16,18,25,30,31,33,35,37,44,47],"killed_by":"Time Eater","ascension_level":0}