{"gold_per_floor":[111,125,140,158,171,171,191,191,271,301,376,402,402,402,402,498,498,514,514,541,186,200,231,231,249,249,41,41,41,3,3,3,104,104,114,1113,779,798,365,365,397,397,448,465,66,82,93,107,107,107],"floor_reached":51,"playtime":3801,"items_purged":["Dualcast","Normality","Normality","Zap"],"score":1176,"play_id":"7344bb98-6886-421e-8b3d-992bddea6e66","local_time":"20190122172839","is_ascension_mode":true,"campfire_choices":[{"data":"Hyperbeam","floor":6,"key":"SMITH"},{"data":"Conserve Battery","floor":8,"key":"SMITH"},{"data":"Leap","floor":13,"key":"SMITH"},{"data":"Dramatic Entrance","floor":15,"key":"SMITH"},{"data":"Self Repair","floor":24,"key":"SMITH"},{"data":"Melter","floor":28,"key":"SMITH"},{"floor":32,"key":"REST"},{"data":"Rip and Tear","floor":40,"key":"SMITH"},{"data":"Gash","floor":42,"key":"SMITH"},{"data":"Defend_B","floor":49,"key":"SMITH"}],"neow_cost":"NONE","seed_source_timestamp":1033355824297157,"circlet_count":0,"master_deck":["Strike_B","Strike_B","Strike_B","Strike_B","Defend_B","Defend_B","Defend_B","Defend_B+1","Dramatic Entrance+1","Leap+1","Conserve Battery+1","Rip and Tear+1","Hyperbeam+1","Gash+1","Hologram+1","White Noise+1","Steam+1","Self Repair+1","Panacea+1","Genetic Algorithm+1","Conserve Battery+1","Melter+1","Genetic Algorithm+1","Necronomicurse","Reinforced Body+1","Seek+1","PanicButton+1","Seek+1","Stack+1","Finesse+1","Steam Power+1"],"relics":["Cracked Core","Toxic Egg 2","Odd Mushroom","Dodecahedron","Thread and Needle","Busted Crown","MawBank","Membership Card","Lantern","Incense Burner","Kunai","Bottled Flame","Necronomicon","Boot","Nuclear Battery","Calipers","Strange Spoon","ClockworkSouvenir","Matryoshka","Centennial Puzzle","Vajra","Bag of Marbles","Blood Vial","Letter Opener","Mango"],"potions_floor_usage":[5,16,16,20,23,27,41,48],"damage_taken":[{"damage":1,"enemies":"Cultist","floor":1,"turns":3},{"damage":7,"enemies":"Jaw Worm","floor":2,"turns":3},{"damage":9,"enemies":"2 Louse","floor":3,"turns":3},{"damage":0,"enemies":"Blue Slaver","floor":4,"turns":3},{"damage":4,"enemies":"Red Slaver","floor":5,"turns":3},{"damage":0,"enemies":"Lots of Slimes","floor":7,"turns":3},{"damage":0,"enemies":"The Mushroom Lair","floor":10,"turns":1},{"damage":0,"enemies":"3 Sentries","floor":12,"turns":3},{"damage":0,"enemies":"The Guardian","floor":16,"turns":11},{"damage":0,"enemies":"Shell Parasite","floor":18,"turns":4},{"damage":0,"enemies":"3 Byrds","floor":20,"turns":1},{"damage":30,"enemies":"Snake Plant","floor":22,"turns":4},{"damage":10,"enemies":"Slavers","floor":23,"turns":2},{"damage":0,"enemies":"Cultist and Chosen","floor":25,"turns":4},{"damage":20,"enemies":"Automaton","floor":33,"turns":9},{"damage":0,"enemies":"3 Shapes","floor":35,"turns":1},{"damage":0,"enemies":"3 Darklings","floor":38,"turns":1},{"damage":0,"enemies":"Giant Head","floor":41,"turns":8},{"damage":0,"enemies":"Maw","floor":44,"turns":7},{"damage":8,"enemies":"Sphere and 2 Shapes","floor":46,"turns":1},{"damage":0,"enemies":"Jaw Worm Horde","floor":47,"turns":1},{"damage":0,"enemies":"Maw","floor":48,"turns":7},{"damage":0,"enemies":"Donu and Deca","floor":50,"turns":9}],"seed_played":"-346162380661807187","potions_obtained":[{"floor":1,"key":"Dexterity Potion"},{"floor":2,"key":"SkillPotion"},{"floor":4,"key":"AttackPotion"},{"floor":7,"key":"Dexterity Potion"},{"floor":12,"key":"SkillPotion"},{"floor":18,"key":"Explosive Potion"},{"floor":20,"key":"Energy Potion"},{"floor":23,"key":"Fire Potion"},{"floor":33,"key":"GamblersBrew"},{"floor":41,"key":"AttackPotion"},{"floor":48,"key":"Poison Potion"}],"is_trial":false,"path_per_floor":["M","M","M","M","M","R","M","R","T","?","?","E","R","T","R","B",null,"M","T","M","$","M","E","R","M","T","$","R","?","$","?","R","B",null,"M","?","$","M","$","R","E","R","T","M","$","M","M","M","R","B",null],"character_chosen":"DEFECT","items_purchased":["Membership Card","Self Repair","Panacea+1","Lantern","Genetic Algorithm+1","Bottled Flame","Fruit Juice","Reinforced Body+1","Calipers","Strange Spoon","PanicButton+1","ClockworkSouvenir","Matryoshka","Centennial Puzzle","Seek+1","Letter Opener","Mango","Finesse+1"],"campfire_rested":1,"item_purchase_floors":[21,21,21,21,21,27,27,30,37,37,37,39,39,39,39,45,45,45],"current_hp_per_floor":[67,60,51,51,47,47,47,47,47,47,36,36,36,36,36,36,65,65,65,65,65,42,39,39,39,39,44,44,28,28,28,52,42,71,71,71,71,71,71,71,80,80,80,80,94,86,88,94,94,94],"gold":107,"neow_bonus":"RANDOM_COLORLESS","is_prod":false,"is_daily":false,"chose_seed":false,"campfire_upgraded":9,"win_rate":0,"timestamp":1548206919,"path_taken":["M","M","M","M","M","R","?","R","T","?","?","E","R","?","R","BOSS","M","?","M","$","?","E","R","M","T","$","R","?","$","?","R","BOSS","M","?","$","M","$","R","E","R","T","M","?","M","?","M","R","BOSS"],"build_version":"2019-01-17v2","purchased_purges":4,"victory":true,"max_hp_per_floor":[75,75,75,75,75,75,75,75,75,75,75,75,75,75,75,75,75,75,75,75,75,75,75,75,75,75,80,80,80,80,80,80,80,80,80,80,80,80,80,80,80,80,80,80,94,94,94,94,94,94],"card_choices":[{"not_picked":["Lockon","Fusion"],"picked":"Leap","floor":1},{"not_picked":["Streamline","Leap"],"picked":"Conserve Battery","floor":2},{"not_picked":["Sweeping Beam","Stack"],"picked":"Rip and Tear","floor":3},{"not_picked":["Darkness","Sweeping Beam"],"picked":"Hyperbeam","floor":4},{"not_picked":["Ball Lightning","Doom and Gloom"],"picked":"Gash","floor":5},{"not_picked":["Aggregate","Barrage","Compile Driver"],"picked":"SKIP","floor":7},{"not_picked":["Go for the Eyes","Streamline"],"picked":"Hologram+1","floor":10},{"not_picked":["Stack+1","Fusion+1"],"picked":"White Noise+1","floor":12},{"not_picked":[],"picked":"Steam+1","floor":18},{"not_picked":["Static Discharge"],"picked":"SKIP","floor":20},{"not_picked":[],"picked":"Conserve Battery+1","floor":22},{"not_picked":[],"picked":"Melter","floor":23},{"not_picked":[],"picked":"Genetic Algorithm+1","floor":25},{"not_picked":[],"picked":"Seek+1","floor":33},{"not_picked":["Aggregate+1"],"picked":"SKIP","floor":35},{"not_picked":["Conserve Battery+1"],"picked":"SKIP","floor":38},{"not_picked":[],"picked":"Stack+1","floor":41},{"not_picked":["Blizzard"],"picked":"SKIP","floor":44},{"not_picked":[],"picked":"Steam Power+1","floor":46},{"not_picked":["Turbo+1"],"picked":"SKIP","floor":47},{"not_picked":["Go for the Eyes+1"],"picked":"SKIP","floor":48}],"player_experience":471944,"relics_obtained":[{"floor":9,"key":"Toxic Egg 2"},{"floor":10,"key":"Odd Mushroom"},{"floor":12,"key":"Dodecahedron"},{"floor":14,"key":"Thread and Needle"},{"floor":19,"key":"MawBank"},{"floor":23,"key":"Incense Burner"},{"floor":26,"key":"Kunai"},{"floor":29,"key":"Necronomicon"},{"floor":41,"key":"Vajra"},{"floor":43,"key":"Bag of Marbles"},{"floor":43,"key":"Blood Vial"}],"event_choices":[{"damage_healed":0,"gold_gain":0,"player_choice":"Fought Mushrooms","damage_taken":0,"max_hp_gain":0,"max_hp_loss":0,"event_name":"Mushrooms","floor":10,"gold_loss":0},{"damage_healed":0,"gold_gain":75,"player_choice":"Gather Gold","damage_taken":11,"max_hp_gain":0,"max_hp_loss":0,"event_name":"World of Goop","floor":11,"gold_loss":0},{"damage_healed":0,"gold_gain":0,"player_choice":"Obtained Book","damage_taken":16,"max_hp_gain":0,"max_hp_loss":0,"event_name":"Cursed Tome","floor":29,"gold_loss":0},{"damage_healed":0,"gold_gain":0,"player_choice":"Opened","damage_taken":0,"relics_obtained":["Boot"],"max_hp_gain":0,"max_hp_loss":0,"event_name":"The Mausoleum","floor":31,"gold_loss":0},{"damage_healed":0,"gold_gain":999,"player_choice":"Gold","damage_taken":0,"max_hp_gain":0,"max_hp_loss":0,"event_name":"MindBloom","floor":36,"gold_loss":0,"cards_obtained":["Normality","Normality"]}],"is_beta":false,"boss_relics":[{"not_picked":["Black Star","Velvet Choker"],"picked":"Busted Crown"},{"not_picked":["Lizard Tail","Eternal Feather"],"picked":"Nuclear Battery"}],"items_purged_floors":[27,37,39,45],"is_endless":false,"potions_floor_spawned":[1,2,4,7,12,18,20,23,33,41,44,48],"ascension_level":7}