{"gold_per_floor":[115,34,34,34,111,145,145,145,199,199,217,227,260,279,279,353,353,368,26,26,43,63,63,73,73,73,98,98,115,30,30,30,107,107,118,118,134,152,42,42,52,52,78,97,97],"floor_reached":45,"playtime":1769,"items_purged":["Strike_G"],"score":913,"play_id":"8020e563-5c06-4eae-881b-25ece00e48df","local_time":"20190205021758","is_ascension_mode":true,"campfire_choices":[{"data":"Neutralize","floor":7.0,"key":"SMITH"},{"data":"Noxious Fumes","floor":15.0,"key":"SMITH"},{"floor":23.0,"key":"REST"},{"floor":25.0,"key":"REST"},{"floor":28.0,"key":"REST"},{"data":"Footwork","floor":32.0,"key":"SMITH"},{"floor":40.0,"key":"REST"},{"floor":42,"key":"REST"}],"neow_cost":"NONE","seed_source_timestamp":32196017409300,"circlet_count":0,"master_deck":["AscendersBane","Defend_G","Defend_G","Defend_G","Defend_G","Defend_G","Strike_G","Strike_G","Survivor","Neutralize+1","Backstab","Well Laid Plans","Dagger Spray","Noxious Fumes+1","Envenom","Footwork","Footwork+1","Cloak And Dagger","Backstab+1","Malaise","Backflip+1","Secret Technique","Cloak And Dagger","Accuracy","Cloak And Dagger","Infinite Blades","PiercingWail"],"special_seed":0,"relics":["Ring of the Snake","NeowsBlessing","Ninja Scroll","Shuriken","Vajra","Orichalcum","Happy Flower","Lizard Tail","Lee\u0027s Waffle","Blood Vial","Tingsha","Bag of Preparation","WristBlade","Strawberry"],"potions_floor_usage":[45,45],"damage_taken":[{"damage":0.0,"enemies":"Jaw Worm","floor":1.0,"turns":1.0},{"damage":0.0,"enemies":"Lagavulin","floor":6.0,"turns":1.0},{"damage":0.0,"enemies":"Cultist","floor":11.0,"turns":1.0},{"damage":0.0,"enemies":"Small Slimes","floor":12.0,"turns":1.0},{"damage":2.0,"enemies":"3 Sentries","floor":13.0,"turns":6.0},{"damage":0.0,"enemies":"Looter","floor":14.0,"turns":1.0},{"damage":8.0,"enemies":"The Guardian","floor":16.0,"turns":11.0},{"damage":14.0,"enemies":"3 Byrds","floor":18.0,"turns":5.0},{"damage":14.0,"enemies":"Spheric Guardian","floor":21.0,"turns":6.0},{"damage":31.0,"enemies":"Shelled Parasite and Fungi","floor":22.0,"turns":5.0},{"damage":10.0,"enemies":"Chosen and Byrds","floor":24.0,"turns":8.0},{"damage":46.0,"enemies":"Book of Stabbing","floor":27.0,"turns":7.0},{"damage":3.0,"enemies":"3 Cultists","floor":29.0,"turns":5.0},{"damage":45.0,"enemies":"Automaton","floor":33.0,"turns":13.0},{"damage":32.0,"enemies":"3 Darklings","floor":35.0,"turns":8.0},{"damage":0.0,"enemies":"Orb Walker","floor":37.0,"turns":3.0},{"damage":32.0,"enemies":"Sphere and 2 Shapes","floor":38.0,"turns":7.0},{"damage":3,"enemies":"Writhing Mass","floor":41,"turns":9},{"damage":51,"enemies":"Maw","floor":44,"turns":8},{"damage":12,"enemies":"Spire Growth","floor":45,"turns":3}],"seed_played":"4645931463867703256","potions_obtained":[{"floor":11.0,"key":"GamblersBrew"},{"floor":12.0,"key":"Energy Potion"},{"floor":16.0,"key":"Dexterity Potion"},{"floor":18.0,"key":"AttackPotion"},{"floor":27.0,"key":"Poison Potion"},{"floor":33.0,"key":"Energy Potion"},{"floor":35.0,"key":"Swift Potion"},{"floor":41,"key":"Strength Potion"}],"is_trial":false,"path_per_floor":["M","$","?","$","T","E","R","?","T","?","M","M","E","M","R","B",null,"M","$","?","M","M","R","M","R","T","E","R","M","?","$","R","B",null,"M","?","M","M","$","R","M","R","T","M","M"],"character_chosen":"THE_SILENT","items_purchased":["Well Laid Plans","Footwork","Lee\u0027s Waffle","Accuracy","Cloak And Dagger"],"campfire_rested":5,"item_purchase_floors":[2,19,19,39,39],"current_hp_per_floor":[59,59,59,59,59,59,59,24,24,24,24,24,22,22,22,14,53,39,73,73,59,28,49,39,60,60,16,37,36,36,36,36,36,64,34,34,36,6,6,27,26,47,54,5,0],"gold":97,"neow_bonus":"THREE_ENEMY_KILL","is_prod":false,"is_daily":false,"chose_seed":false,"campfire_upgraded":3,"win_rate":0,"timestamp":1549325878,"path_taken":["M","$","?","$","?","E","R","?","T","?","M","M","E","?","R","BOSS","M","$","?","M","?","R","M","R","T","E","R","M","?","$","R","BOSS","M","?","M","M","$","R","M","R","T","M","M"],"build_version":"2019-01-23","purchased_purges":1,"victory":false,"max_hp_per_floor":[66,66,66,66,66,66,66,66,66,66,66,66,66,66,66,66,66,66,73,73,73,73,73,73,73,73,73,73,73,73,73,73,73,73,73,73,73,73,73,73,73,73,80,80,80],"card_choices":[{"not_picked":["Cloak And Dagger","Prepared"],"picked":"Backstab","floor":1.0},{"not_picked":["Choke","Sucker Punch","Prepared"],"picked":"SKIP","floor":6.0},{"not_picked":["Prepared","Deadly Poison"],"picked":"Dagger Spray","floor":11.0},{"not_picked":["Blade Dance","Sucker Punch"],"picked":"Noxious Fumes","floor":12.0},{"not_picked":["Catalyst","Dodge and Roll","Flying Knee"],"picked":"SKIP","floor":13.0},{"not_picked":["Dagger Throw","Underhanded Strike","Reflex"],"picked":"SKIP","floor":14.0},{"not_picked":["Burst","Die Die Die"],"picked":"Envenom","floor":16.0},{"not_picked":["Quick Slash","Poisoned Stab"],"picked":"Footwork","floor":18.0},{"not_picked":["Flying Knee","Prepared"],"picked":"Cloak And Dagger","floor":21.0},{"not_picked":["Storm of Steel","Bouncing Flask","Outmaneuver"],"picked":"SKIP","floor":22.0},{"not_picked":["Blur","Catalyst","Acrobatics"],"picked":"SKIP","floor":24.0},{"not_picked":["Deadly Poison+1","Backflip"],"picked":"Backstab+1","floor":27.0},{"not_picked":["Choke","Quick Slash","Sucker Punch"],"picked":"SKIP","floor":29.0},{"not_picked":["Unload","Night Terror"],"picked":"Malaise","floor":33.0},{"not_picked":["PiercingWail","Choke"],"picked":"Backflip+1","floor":35.0},{"not_picked":["PanicButton","Mind Blast"],"picked":"Secret Technique","floor":36.0},{"not_picked":["Sucker Punch","Acrobatics","Distraction+1"],"picked":"SKIP","floor":37.0},{"not_picked":["Escape Plan","PiercingWail"],"picked":"Cloak And Dagger","floor":38.0},{"not_picked":["Dash","Bouncing Flask"],"picked":"Infinite Blades","floor":41},{"not_picked":["Expertise+1","Endless Agony"],"picked":"PiercingWail","floor":44}],"player_experience":613416,"relics_obtained":[{"floor":5.0,"key":"Ninja Scroll"},{"floor":6.0,"key":"Shuriken"},{"floor":9.0,"key":"Orichalcum"},{"floor":13.0,"key":"Happy Flower"},{"floor":26.0,"key":"Blood Vial"},{"floor":27.0,"key":"Tingsha"},{"floor":43,"key":"Strawberry"}],"event_choices":[{"cards_removed":["Strike_G"],"damage_healed":0.0,"max_hp_gain":0.0,"max_hp_loss":0.0,"gold_gain":0.0,"event_name":"Bonfire Elementals","player_choice":"Offered Basic","floor":3.0,"gold_loss":0.0,"damage_taken":0.0},{"damage_healed":0.0,"max_hp_gain":0.0,"max_hp_loss":0.0,"gold_gain":0.0,"event_name":"Scrap Ooze","player_choice":"Success","floor":8.0,"gold_loss":0.0,"damage_taken":35.0,"relics_obtained":["Vajra"]},{"damage_healed":0.0,"max_hp_gain":0.0,"max_hp_loss":0.0,"gold_gain":0.0,"event_name":"Liars Game","player_choice":"Ignored","floor":10.0,"gold_loss":0.0,"damage_taken":0.0},{"cards_removed":["Strike_G"],"damage_healed":0.0,"max_hp_gain":0.0,"max_hp_loss":0.0,"gold_gain":0.0,"event_name":"Purifier","player_choice":"Purged","floor":20.0,"gold_loss":0.0,"damage_taken":0.0},{"damage_healed":0.0,"max_hp_gain":0.0,"max_hp_loss":0.0,"gold_gain":0.0,"event_name":"Addict","player_choice":"Obtained Relic","floor":30.0,"gold_loss":85.0,"damage_taken":0.0,"relics_obtained":["Bag of Preparation"]},{"damage_healed":0.0,"max_hp_gain":0.0,"max_hp_loss":0.0,"gold_gain":0.0,"event_name":"SensoryStone","player_choice":"Memory 1","floor":36.0,"gold_loss":0.0,"damage_taken":0.0}],"is_beta":false,"boss_relics":[{"not_picked":["Ring of the Serpent","Busted Crown"],"picked":"Lizard Tail"},{"not_picked":["Astrolabe","Runic Pyramid"],"picked":"WristBlade"}],"items_purged_floors":[19],"is_endless":false,"potions_floor_spawned":[11,12,16,18,21,27,33,35,41,44],"killed_by":"Spire Growth","ascension_level":19}