{"gold_per_floor":[111,127,138,157,177,177,204,217,217,252,266,283,283,300,300,300],"floor_reached":16,"playtime":3042,"items_purged":[],"score":159,"play_id":"af5375d4-828e-4ef1-afc8-780d3ac39168","local_time":"20190128112820","is_ascension_mode":true,"campfire_choices":[{"data":"Bash","floor":6,"key":"SMITH"},{"data":"Metallicize","floor":13,"key":"SMITH"},{"data":"Clothesline","floor":15,"key":"SMITH"}],"neow_cost":"NONE","seed_source_timestamp":32355409550961,"circlet_count":0,"master_deck":["Strike_R","Strike_R","Strike_R","Strike_R","Strike_R","Defend_R","Defend_R","Defend_R","Defend_R","Bash+1","Iron Wave","Cleave","Clothesline+1","Reaper","Flame Barrier","Intimidate","True Grit","Metallicize+1"],"relics":["Burning Blood","NeowsBlessing","Pear","FossilizedHelix","Darkstone Periapt"],"potions_floor_usage":[7,12,12,16],"damage_taken":[{"damage":0,"enemies":"2 Louse","floor":1,"turns":1},{"damage":0,"enemies":"Small Slimes","floor":2,"turns":1},{"damage":0,"enemies":"Cultist","floor":3,"turns":1},{"damage":9,"enemies":"Blue Slaver","floor":4,"turns":4},{"damage":2,"enemies":"Exordium Wildlife","floor":5,"turns":4},{"damage":50,"enemies":"3 Sentries","floor":7,"turns":9},{"damage":0,"enemies":"Large Slime","floor":8,"turns":5},{"damage":24,"enemies":"Gremlin Nob","floor":10,"turns":5},{"damage":0,"enemies":"Looter","floor":11,"turns":3},{"damage":3,"enemies":"Gremlin Gang","floor":12,"turns":4},{"damage":0,"enemies":"Large Slime","floor":14,"turns":4},{"damage":90,"enemies":"Hexaghost","floor":16,"turns":16}],"seed_played":"1255260817894982412","potions_obtained":[{"floor":2,"key":"SteroidPotion"},{"floor":3,"key":"Dexterity Potion"},{"floor":10,"key":"Swift Potion"},{"floor":11,"key":"Block Potion"},{"floor":12,"key":"FearPotion"}],"is_trial":false,"path_per_floor":["M","M","M","M","M","R","E","M","T","E","M","M","R","M","R","B"],"character_chosen":"IRONCLAD","items_purchased":[],"campfire_rested":0,"item_purchase_floors":[],"current_hp_per_floor":[78,80,80,77,80,80,46,60,60,46,52,66,66,80,80,0],"gold":300,"neow_bonus":"THREE_ENEMY_KILL","is_prod":false,"is_daily":false,"chose_seed":false,"campfire_upgraded":3,"win_rate":0,"timestamp":1548692900,"path_taken":["M","M","M","M","M","R","E","M","T","E","M","M","R","M","R","BOSS"],"build_version":"2019-01-23","purchased_purges":0,"victory":false,"max_hp_per_floor":[80,80,80,80,80,80,90,90,90,90,90,90,90,90,90,90],"card_choices":[{"not_picked":["Rampage","Rupture"],"picked":"Iron Wave","floor":1},{"not_picked":["Shockwave","Hemokinesis"],"picked":"Cleave","floor":2},{"not_picked":["Ghostly Armor","Body Slam"],"picked":"Clothesline","floor":3},{"not_picked":["Havoc","Bloodletting","Body Slam"],"picked":"SKIP","floor":4},{"not_picked":["Warcry","Havoc","Blood for Blood"],"picked":"SKIP","floor":5},{"not_picked":["Infernal Blade","True Grit"],"picked":"Reaper","floor":7},{"not_picked":["Carnage","Uppercut"],"picked":"Flame Barrier","floor":8},{"not_picked":["Dual Wield","Body Slam"],"picked":"Intimidate","floor":10},{"not_picked":["Body Slam","Juggernaut"],"picked":"True Grit","floor":11},{"not_picked":["True Grit","Reckless Charge"],"picked":"Metallicize","floor":12},{"not_picked":["Thunderclap","Sever Soul","Warcry"],"picked":"SKIP","floor":14}],"player_experience":366778,"relics_obtained":[{"floor":7,"key":"Pear"},{"floor":9,"key":"FossilizedHelix"},{"floor":10,"key":"Darkstone Periapt"}],"event_choices":[],"is_beta":false,"boss_relics":[],"items_purged_floors":[],"is_endless":false,"potions_floor_spawned":[2,3,10,11,12],"killed_by":"Hexaghost","ascension_level":7}