{"gold_per_floor":[113,113,113,131,145,145,160,160,184,184,220,220,42,42,42,42],"floor_reached":16,"playtime":1533,"items_purged":[],"score":108,"play_id":"5aace008-5276-485b-8fa9-f761178b5ee9","local_time":"20190203044930","is_ascension_mode":true,"campfire_choices":[{"data":"Neutralize","floor":6,"key":"SMITH"},{"data":"Footwork","floor":8,"key":"SMITH"},{"data":"Footwork","floor":12,"key":"SMITH"},{"floor":15,"key":"REST"}],"neow_cost":"NONE","seed_source_timestamp":227826264007544,"circlet_count":0,"master_deck":["Defend_G","Defend_G","Defend_G","Defend_G","Defend_G","Strike_G","Strike_G","Strike_G","Strike_G","Strike_G","Survivor","Neutralize+1","Wraith Form v2","Footwork+1","Outmaneuver","Well Laid Plans","Footwork+1","Slice","Cloak And Dagger","Slice","Panacea"],"special_seed":0,"relics":["Ring of the Snake","Anchor","Golden Idol","Regal Pillow"],"potions_floor_usage":[11,11],"damage_taken":[{"damage":7,"enemies":"Small Slimes","floor":1,"turns":5},{"damage":0,"enemies":"2 Louse","floor":4,"turns":4},{"damage":1,"enemies":"Jaw Worm","floor":5,"turns":6},{"damage":13,"enemies":"2 Fungi Beasts","floor":7,"turns":6},{"damage":10,"enemies":"Gremlin Nob","floor":11,"turns":7},{"damage":60,"enemies":"Slime Boss","floor":16,"turns":14}],"seed_played":"6274583483224963151","potions_obtained":[{"floor":4,"key":"Block Potion"},{"floor":5,"key":"Fire Potion"},{"floor":7,"key":"SmokeBomb"}],"is_trial":false,"path_per_floor":["?","?","?","?"],"character_chosen":"THE_SILENT","items_purchased":["Cloak And Dagger","Slice","Panacea"],"campfire_rested":1,"item_purchase_floors":[13,13,13],"current_hp_per_floor":[63,63,68,68,67,67,54,54,54,54,44,44,44,44,69,9],"gold":42,"neow_bonus":"ONE_RANDOM_RARE_CARD","is_prod":false,"is_daily":false,"chose_seed":false,"campfire_upgraded":3,"win_rate":0,"timestamp":1549165770,"path_taken":["M","?","?","M","M","R","M","R","T","?","E","R","$","?","R","BOSS"],"build_version":"2019-01-23","purchased_purges":0,"victory":false,"max_hp_per_floor":[70,70,75,75,75,75,75,75,75,69,69,69,69,69,69,69],"card_choices":[{"not_picked":["Acrobatics","Terror"],"picked":"Footwork","floor":1},{"not_picked":["Blade Dance","Sucker Punch"],"picked":"Outmaneuver","floor":4},{"not_picked":["Slice","Deadly Poison"],"picked":"Well Laid Plans","floor":5},{"not_picked":["Leg Sweep","Eviscerate"],"picked":"Footwork","floor":7},{"not_picked":["Dagger Spray","Acrobatics"],"picked":"Slice","floor":11}],"player_experience":166458,"relics_obtained":[{"floor":9,"key":"Anchor"},{"floor":11,"key":"Regal Pillow"}],"event_choices":[{"damage_healed":0,"gold_gain":0,"player_choice":"Ignored","damage_taken":0,"max_hp_gain":0,"max_hp_loss":0,"event_name":"Liars Game","floor":2,"gold_loss":0},{"damage_healed":0,"gold_gain":0,"player_choice":"Donut","damage_taken":0,"max_hp_gain":5,"max_hp_loss":0,"event_name":"Big Fish","floor":3,"gold_loss":0},{"damage_healed":0,"gold_gain":0,"player_choice":"Lose Max HP","damage_taken":0,"relics_obtained":["Golden Idol"],"max_hp_gain":0,"max_hp_loss":6,"event_name":"Golden Idol","floor":10,"gold_loss":0},{"damage_healed":0,"gold_gain":0,"player_choice":"Ignored","damage_taken":0,"max_hp_gain":0,"max_hp_loss":0,"event_name":"Golden Wing","floor":14,"gold_loss":0}],"is_beta":false,"boss_relics":[],"items_purged_floors":[],"is_endless":false,"potions_floor_spawned":[4,5,7],"killed_by":"Slime Boss","ascension_level":2}