{"gold_per_floor":[112,187,187,200,212,212,237,237,307,51,51,88,88,117,117,274,274,312,386,89,128,165,197,197,107,107,107,141,41,221,40,40,40],"floor_reached":33,"playtime":1092,"items_purged":["Strike_G","Strike_G"],"score":273,"play_id":"aa4b3ffe-0137-4832-aacb-ba6c9f317883","local_time":"20180903011628","is_ascension_mode":false,"campfire_choices":[{"data":"Neutralize","floor":6,"key":"SMITH"},{"data":"Riddle With Holes","floor":8,"key":"SMITH"},{"data":"HandOfGreed","floor":11,"key":"SMITH"},{"data":"Dash","floor":15,"key":"SMITH"},{"floor":24,"key":"REST"},{"floor":32,"key":"REST"}],"neow_cost":"NONE","seed_source_timestamp":38264431855956,"circlet_count":0,"master_deck":["Defend_G","Defend_G","Defend_G","Defend_G","Defend_G","Strike_G","Survivor","Neutralize+1","Flying Knee","Riddle With Holes+1","Heel Hook","Flying Knee","HandOfGreed+1","Escape Plan+1","Dash+1","Adrenaline","Backflip+1","Dagger Throw","Dash","Panache"],"relics":["Ring of the Snake","Omamori","Orichalcum","Darkstone Periapt","Lantern","Velvet Choker","Tingsha","Snake Skull","Happy Flower","MutagenicStrength","Bird Faced Urn","Pantograph"],"potions_floor_usage":[7,16,21,23,33,33],"damage_taken":[{"damage":3,"enemies":"Cultist","floor":1,"turns":5},{"damage":0,"enemies":"2 Louse","floor":4,"turns":3},{"damage":0,"enemies":"Small Slimes","floor":5,"turns":4},{"damage":4,"enemies":"Gremlin Nob","floor":7,"turns":3},{"damage":6,"enemies":"Looter","floor":12,"turns":4},{"damage":13,"enemies":"Lagavulin","floor":14,"turns":5},{"damage":28,"enemies":"Slime Boss","floor":16,"turns":18},{"damage":14,"enemies":"2 Thieves","floor":18,"turns":5},{"damage":3,"enemies":"3 Byrds","floor":19,"turns":10},{"damage":1,"enemies":"3 Cultists","floor":21,"turns":5},{"damage":0,"enemies":"Snake Plant","floor":22,"turns":4},{"damage":20,"enemies":"Book of Stabbing","floor":23,"turns":7},{"damage":0,"enemies":"Cultist and Chosen","floor":28,"turns":4},{"damage":8,"enemies":"Colosseum Slavers","floor":30,"turns":4},{"damage":11,"enemies":"Colosseum Nobs","floor":30,"turns":4},{"damage":90,"enemies":"Champ","floor":33,"turns":14}],"seed_played":"-1539185422249207548","potions_obtained":[{"floor":5,"key":"SteroidPotion"},{"floor":7,"key":"Dexterity Potion"},{"floor":14,"key":"Weak Potion"},{"floor":19,"key":"GamblersBrew"},{"floor":21,"key":"LiquidBronze"},{"floor":22,"key":"Energy Potion"}],"is_trial":false,"path_per_floor":["M","?","?","M","M","R","E","R","T","$","R","M","$","E","R","B",null,"M","M","$","M","M","E","R","?","T","?","M","$","?","$","R"],"character_chosen":"THE_SILENT","items_purchased":["HandOfGreed","Tingsha","Panache"],"campfire_rested":2,"item_purchase_floors":[10,20,31],"current_hp_per_floor":[67,56,56,56,56,56,52,52,52,52,52,46,46,33,33,5,70,56,53,53,52,52,32,53,53,53,53,53,53,34,34,55,0],"gold":40,"neow_bonus":"RANDOM_COMMON_RELIC","is_prod":false,"is_daily":false,"chose_seed":false,"campfire_upgraded":4,"win_rate":0,"timestamp":1535933788,"path_taken":["M","?","?","?","M","R","E","R","T","$","R","M","?","E","R","BOSS","M","M","$","M","M","E","R","?","T","?","?","$","?","?","R","BOSS"],"build_version":"2018-08-30","purchased_purges":2,"victory":false,"max_hp_per_floor":[70,70,70,70,70,70,70,70,70,70,70,70,70,70,70,70,70,70,70,70,70,70,70,70,70,70,70,70,70,70,70,70,70],"card_choices":[{"not_picked":["Acrobatics","Bane"],"picked":"Flying Knee","floor":1},{"not_picked":["Slice","Catalyst"],"picked":"Riddle With Holes","floor":4},{"not_picked":["Blur","Blade Dance"],"picked":"Heel Hook","floor":5},{"not_picked":["Bouncing Flask","Blade Dance"],"picked":"Flying Knee","floor":7},{"not_picked":["Skewer","Dash"],"picked":"Escape Plan","floor":12},{"not_picked":["Dagger Spray","Blade Dance"],"picked":"Dash","floor":14},{"not_picked":["Unload","A Thousand Cuts"],"picked":"Adrenaline","floor":16},{"not_picked":["Infinite Blades","Catalyst"],"picked":"Backflip+1","floor":18},{"not_picked":["Well Laid Plans","Outmaneuver","Slice"],"picked":"SKIP","floor":19},{"not_picked":["Noxious Fumes","Underhanded Strike"],"picked":"Dagger Throw","floor":21},{"not_picked":["Expertise","Dodge and Roll","Distraction"],"picked":"SKIP","floor":22},{"not_picked":["Outmaneuver","Crippling Poison","Poisoned Stab"],"picked":"SKIP","floor":23},{"not_picked":["Quick Slash","Glass Knife","Dagger Throw+1"],"picked":"SKIP","floor":28},{"not_picked":["Slice+1","Escape Plan"],"picked":"Dash","floor":30}],"player_experience":11599,"relics_obtained":[{"floor":7,"key":"Orichalcum"},{"floor":9,"key":"Darkstone Periapt"},{"floor":14,"key":"Lantern"},{"floor":23,"key":"Snake Skull"},{"floor":26,"key":"Happy Flower"},{"floor":30,"key":"Bird Faced Urn"},{"floor":30,"key":"Pantograph"}],"event_choices":[{"event_name":"World of Goop","player_choice":"Gather Gold","floor":2,"damage_taken":0},{"event_name":"Purifier","player_choice":"One Purge","floor":3,"damage_taken":0},{"event_name":"Designer","player_choice":"Full Service","floor":25,"damage_taken":0},{"event_name":"Drug Dealer","player_choice":"Inject Mutagens","floor":27,"damage_taken":0},{"event_name":"Colosseum","player_choice":"Fight","floor":30,"damage_taken":0},{"event_name":"Colosseum","player_choice":"Fought Nobs","floor":30,"damage_taken":0}],"is_beta":false,"boss_relics":[{"not_picked":["Coffee Dripper","Runic Pyramid"],"picked":"Velvet Choker"}],"items_purged_floors":[10,29],"is_endless":false,"potions_floor_spawned":[5,7,14,19,21,22],"killed_by":"Champ","ascension_level":0}