{"gold_per_floor":[119,119,135,147,158,158,191,366,392,392],"floor_reached":10,"playtime":1474,"items_purged":[],"score":116,"play_id":"044f85ba-f49a-4df5-ae43-f7b254a263d3","local_time":"20190129133403","is_ascension_mode":true,"campfire_choices":[{"floor":6,"key":"REST"}],"neow_cost":"NONE","seed_source_timestamp":1626407547225812,"circlet_count":0,"master_deck":["AscendersBane","Survivor","Neutralize","All Out Attack","Envenom","Night Terror","Flechettes+1","Eviscerate+1","Wraith Form v2","Cloak And Dagger","Caltrops","Unload","Dodge and Roll","Dodge and Roll","Blur","PiercingWail","Footwork","Cloak And Dagger","Doubt"],"relics":["Pandora\u0027s Box","Ancient Tea Set","Regal Pillow"],"potions_floor_usage":[5,7,10],"damage_taken":[{"damage":15,"enemies":"Jaw Worm","floor":1,"turns":4},{"damage":0,"enemies":"Small Slimes","floor":3,"turns":3},{"damage":0,"enemies":"2 Louse","floor":4,"turns":2},{"damage":3,"enemies":"Looter","floor":5,"turns":5},{"damage":8,"enemies":"Lagavulin","floor":7,"turns":7},{"damage":39,"enemies":"Gremlin Nob","floor":10,"turns":4}],"seed_played":"1006759024442238902","potions_obtained":[{"floor":3,"key":"SpeedPotion"},{"floor":4,"key":"Poison Potion"},{"floor":5,"key":"AttackPotion"},{"floor":7,"key":"Block Potion"}],"is_trial":false,"path_per_floor":["M","?","M","M","M","R","E","?","T","E"],"character_chosen":"THE_SILENT","items_purchased":[],"campfire_rested":1,"item_purchase_floors":[],"current_hp_per_floor":[44,31,31,31,28,47,39,39,39,0],"gold":392,"neow_bonus":"BOSS_RELIC","is_prod":false,"is_daily":false,"chose_seed":false,"campfire_upgraded":0,"win_rate":0,"timestamp":1548797643,"path_taken":["M","?","M","M","M","R","E","?","T","E"],"build_version":"2019-01-23","purchased_purges":0,"victory":false,"max_hp_per_floor":[66,66,66,66,66,66,66,66,66,66],"card_choices":[{"not_picked":["Catalyst","Bane"],"picked":"Dodge and Roll","floor":1},{"not_picked":["Reflex","Acrobatics"],"picked":"Blur","floor":3},{"not_picked":["Bane","Prepared"],"picked":"PiercingWail","floor":4},{"not_picked":["Poisoned Stab","Dagger Throw"],"picked":"Footwork","floor":5},{"not_picked":["Slice","Sucker Punch"],"picked":"Cloak And Dagger","floor":7}],"player_experience":525383,"relics_obtained":[{"floor":7,"key":"Ancient Tea Set"},{"floor":9,"key":"Regal Pillow"}],"event_choices":[{"damage_healed":0,"gold_gain":0,"player_choice":"Entered Light","damage_taken":13,"max_hp_gain":0,"max_hp_loss":0,"event_name":"Shining Light","floor":2,"gold_loss":0,"cards_upgraded":["Flechettes","Eviscerate"]},{"damage_healed":0,"gold_gain":175,"player_choice":"AGREE","damage_taken":0,"max_hp_gain":0,"max_hp_loss":0,"event_name":"Liars Game","floor":8,"gold_loss":0,"cards_obtained":["Doubt"]}],"is_beta":false,"boss_relics":[],"items_purged_floors":[],"is_endless":false,"potions_floor_spawned":[3,4,5,7],"killed_by":"Gremlin Nob","ascension_level":14}