{"gold_per_floor":[111,128,145,158,172,172,205,205,205,205,220,237,7,33,33,110,110,124,49,49,67,67,67,94,94,94,124,124,124,140,140,140,213,213,223,223,223,223,236,236,266,284,311,311,57,82,82,115,115,115,115,115,35,65,65],"floor_reached":55,"playtime":3668,"items_purged":["Strike_R"],"score":1383,"play_id":"67444bf6-89ca-44f4-bd43-69e0f7673f99","local_time":"20190122195751","is_ascension_mode":true,"campfire_choices":[{"data":"Iron Wave","floor":6,"key":"SMITH"},{"data":"Shockwave","floor":8,"key":"SMITH"},{"data":"Thunderclap","floor":10,"key":"SMITH"},{"data":"Rampage","floor":15,"key":"SMITH"},{"floor":23,"key":"REST"},{"floor":25,"key":"REST"},{"data":"Metallicize","floor":29,"key":"SMITH"},{"floor":32,"key":"REST"},{"data":"Inflame","floor":40,"key":"SMITH"},{"floor":47,"key":"REST"},{"floor":49,"key":"RECALL"},{"data":"True Grit","floor":52,"key":"SMITH"}],"neow_cost":"NONE","seed_source_timestamp":30016018724334,"circlet_count":0,"master_deck":["AscendersBane","Strike_R+1","Defend_R+1","Defend_R+1","Defend_R+1","Defend_R+1","Bash","Shockwave+1","Iron Wave+1","Clothesline","Thunderclap+1","Impervious","Rampage+1","Feel No Pain","Offering","True Grit+1","Necronomicurse","Cleave","Metallicize+1","Corruption","Reaper","Carnage+1","Bloodletting+1","Battle Trance+1","Inflame+1","Headbutt","Metallicize","Disarm","Shrug It Off+1"],"relics":["Burning Blood","Lantern","Strawberry","Orichalcum","Juzu Bracelet","Velvet Choker","Necronomicon","Singing Bowl","Regal Pillow","Boot","Astrolabe","Oddly Smooth Stone","Meat on the Bone","Pear","Bag of Marbles","Pen Nib"],"potions_floor_usage":[11,16,21,27,42,50,55,55],"damage_taken":[{"damage":4,"enemies":"Cultist","floor":1,"turns":3},{"damage":14,"enemies":"Jaw Worm","floor":2,"turns":4},{"damage":5,"enemies":"Small Slimes","floor":3,"turns":4},{"damage":5,"enemies":"2 Fungi Beasts","floor":4,"turns":3},{"damage":27,"enemies":"Large Slime","floor":5,"turns":7},{"damage":8,"enemies":"Gremlin Nob","floor":7,"turns":4},{"damage":1,"enemies":"Gremlin Gang","floor":11,"turns":4},{"damage":1,"enemies":"Looter","floor":12,"turns":3},{"damage":4,"enemies":"3 Sentries","floor":14,"turns":8},{"damage":46,"enemies":"The Guardian","floor":16,"turns":14},{"damage":20,"enemies":"Spheric Guardian","floor":18,"turns":6},{"damage":15,"enemies":"2 Thieves","floor":21,"turns":5},{"damage":31,"enemies":"Book of Stabbing","floor":24,"turns":7},{"damage":6,"enemies":"Slavers","floor":27,"turns":4},{"damage":22,"enemies":"3 Cultists","floor":30,"turns":6},{"damage":61,"enemies":"Collector","floor":33,"turns":13},{"damage":6,"enemies":"3 Shapes","floor":35,"turns":5},{"damage":6,"enemies":"3 Darklings","floor":39,"turns":5},{"damage":66,"enemies":"Nemesis","floor":41,"turns":11},{"damage":22,"enemies":"Spire Growth","floor":42,"turns":7},{"damage":57,"enemies":"Reptomancer","floor":46,"turns":8},{"damage":54,"enemies":"Nemesis","floor":48,"turns":7},{"damage":85,"enemies":"Awakened One","floor":50,"turns":16},{"damage":51,"enemies":"Shield and Spear","floor":54,"turns":8},{"damage":84,"enemies":"The Heart","floor":55,"turns":5}],"seed_played":"-8715557001483319795","potions_obtained":[{"floor":3,"key":"Block Potion"},{"floor":4,"key":"SteroidPotion"},{"floor":14,"key":"GamblersBrew"},{"floor":18,"key":"SkillPotion"},{"floor":24,"key":"SpeedPotion"},{"floor":41,"key":"Ancient Potion"},{"floor":42,"key":"Strength Potion"},{"floor":54,"key":"BloodPotion"}],"is_trial":false,"path_per_floor":["M","M","M","M","M","R","E","R","T","R","M","M","$","E","R","B",null,"M","$","?","M","?","R","E","R","T","E","?","R","M","?","R","B",null,"M","?","?","?","M","R","E","M","T","?","$","E","R","E","R","B",null,"R","$","E","B"],"character_chosen":"IRONCLAD","items_purchased":["Feel No Pain","Orichalcum","Meat on the Bone","Disarm"],"campfire_rested":4,"item_purchase_floors":[13,13,45,53],"current_hp_per_floor":[70,62,63,64,43,43,41,41,48,48,53,58,58,60,60,20,67,53,53,32,23,23,47,24,49,49,49,49,49,35,35,75,20,70,86,86,82,82,92,92,32,38,38,38,38,41,87,53,53,41,91,91,91,72,0],"gold":65,"neow_bonus":"THREE_CARDS","is_prod":false,"is_daily":false,"chose_seed":false,"campfire_upgraded":7,"win_rate":0,"timestamp":1548205071,"path_taken":["M","M","?","M","M","R","E","R","T","R","M","M","$","E","R","BOSS","M","$","?","M","?","R","E","R","T","E","?","R","M","?","R","BOSS","M","?","?","?","M","R","E","M","T","?","$","E","R","E","R","BOSS","R","$","E","BOSS"],"build_version":"2019-01-17v2","purchased_purges":1,"victory":false,"max_hp_per_floor":[75,75,75,75,75,75,75,75,82,82,82,82,82,82,82,82,82,82,82,82,82,82,82,84,84,84,84,84,84,86,86,86,86,86,86,86,92,92,92,92,92,94,94,94,94,106,106,108,108,108,108,108,108,108,108],"card_choices":[{"not_picked":["Infernal Blade","Warcry"],"picked":"Shockwave","floor":0},{"not_picked":["Clothesline","Sword Boomerang"],"picked":"Iron Wave","floor":1},{"not_picked":["Shockwave","Dropkick"],"picked":"Clothesline","floor":2},{"not_picked":["Anger","Bloodletting","Power Through"],"picked":"SKIP","floor":3},{"not_picked":["Shockwave","Entrench","Pommel Strike"],"picked":"SKIP","floor":4},{"not_picked":["Havoc","Rupture"],"picked":"Thunderclap","floor":5},{"not_picked":["Bloodletting","Thunderclap"],"picked":"Impervious","floor":7},{"not_picked":["Entrench","Armaments"],"picked":"Rampage","floor":11},{"not_picked":["Dual Wield","Thunderclap","Clothesline"],"picked":"SKIP","floor":12},{"not_picked":["Burning Pact","Pummel","Havoc"],"picked":"SKIP","floor":14},{"not_picked":["Demon Form","Brutality"],"picked":"Offering","floor":16},{"not_picked":["Iron Wave","Warcry"],"picked":"True Grit","floor":18},{"not_picked":["Infernal Blade","Armaments"],"picked":"Cleave","floor":21},{"not_picked":["Reckless Charge","Rampage+1","Pommel Strike"],"picked":"Singing Bowl","floor":24},{"not_picked":["Heavy Blade","Exhume"],"picked":"Metallicize","floor":27},{"not_picked":["Thunderclap","Clothesline","Twin Strike"],"picked":"Singing Bowl","floor":30},{"not_picked":["Offering","Double Tap"],"picked":"Reaper","floor":33},{"not_picked":["Rage","Combust"],"picked":"Inflame","floor":35},{"not_picked":["Violence","Flash of Steel","Forethought"],"picked":"Singing Bowl","floor":37},{"not_picked":["Transmutation","Good Instincts","Blind"],"picked":"Singing Bowl","floor":37},{"not_picked":["Enlightenment","Mind Blast","Finesse"],"picked":"Singing Bowl","floor":37},{"not_picked":["Ghostly Armor+1","True Grit+1"],"picked":"Headbutt","floor":39},{"not_picked":["Blood for Blood","Clothesline"],"picked":"Metallicize","floor":41},{"not_picked":["Perfected Strike+1","Dropkick","Shrug It Off"],"picked":"Singing Bowl","floor":42},{"not_picked":["Bloodletting","Heavy Blade+1","Fire Breathing"],"picked":"Singing Bowl","floor":46},{"not_picked":["Havoc","Rage","Cleave"],"picked":"Singing Bowl","floor":48},{"not_picked":["Uppercut","True Grit"],"picked":"Shrug It Off+1","floor":54}],"player_experience":502182,"relics_obtained":[{"floor":7,"key":"Lantern"},{"floor":9,"key":"Strawberry"},{"floor":14,"key":"Juzu Bracelet"},{"floor":20,"key":"Necronomicon"},{"floor":24,"key":"Singing Bowl"},{"floor":26,"key":"Regal Pillow"},{"floor":27,"key":"Boot"},{"floor":41,"key":"Oddly Smooth Stone"},{"floor":46,"key":"Pear"},{"floor":48,"key":"Bag of Marbles"},{"floor":54,"key":"Pen Nib"}],"event_choices":[{"damage_healed":0,"gold_gain":0,"player_choice":"Obtained Book","damage_taken":21,"max_hp_gain":0,"max_hp_loss":0,"event_name":"Cursed Tome","floor":20,"gold_loss":0},{"damage_healed":0,"gold_gain":0,"player_choice":"Simplicity","damage_taken":0,"max_hp_gain":0,"max_hp_loss":0,"event_name":"Back to Basics","floor":22,"gold_loss":0,"cards_upgraded":["Strike_R","Strike_R","Strike_R","Strike_R","Defend_R","Defend_R","Defend_R","Defend_R"]},{"damage_healed":0,"gold_gain":0,"player_choice":"Read","damage_taken":0,"max_hp_gain":0,"max_hp_loss":0,"event_name":"The Library","floor":28,"gold_loss":0,"cards_obtained":["Corruption"]},{"damage_healed":0,"gold_gain":0,"player_choice":"Ignored","damage_taken":0,"max_hp_gain":0,"max_hp_loss":0,"event_name":"N\u0027loth","floor":31,"gold_loss":0},{"damage_healed":0,"gold_gain":0,"player_choice":"Ignored","damage_taken":0,"max_hp_gain":0,"max_hp_loss":0,"event_name":"Mysterious Sphere","floor":36,"gold_loss":0},{"damage_healed":0,"gold_gain":0,"player_choice":"Memory 3","damage_taken":10,"max_hp_gain":0,"max_hp_loss":0,"event_name":"SensoryStone","floor":37,"gold_loss":0},{"damage_healed":0,"gold_gain":0,"player_choice":"Ignored","damage_taken":0,"max_hp_gain":0,"max_hp_loss":0,"event_name":"Tomb of Lord Red Mask","floor":38,"gold_loss":0},{"damage_healed":0,"gold_gain":0,"player_choice":"Leave","damage_taken":0,"max_hp_gain":0,"max_hp_loss":0,"event_name":"FaceTrader","floor":44,"gold_loss":0}],"is_beta":false,"boss_relics":[{"not_picked":["Calling Bell","Cursed Key"],"picked":"Velvet Choker"},{"not_picked":["Lizard Tail","Philosopher\u0027s Stone"],"picked":"Astrolabe"}],"items_purged_floors":[19],"is_endless":false,"potions_floor_spawned":[3,4,7,14,18,24,41,42,54],"killed_by":"The Heart","ascension_level":15}