{"gold_per_floor":[114,129,140,140,227,239,262,274,309,331,343,382,394,418,430,442],"floor_reached":16,"playtime":681,"items_purged":[],"score":158,"play_id":"7371d228-d63a-4a17-a3b1-4fbb79562f2f","local_time":"20180915151548","is_ascension_mode":true,"campfire_choices":[{"floor":6,"key":"REST"},{"floor":11,"key":"DIG"},{"floor":13,"key":"DIG"},{"data":"Armaments","floor":15,"key":"SMITH"}],"neow_cost":"PERCENT_DAMAGE","seed_source_timestamp":1440451670933304,"circlet_count":0,"master_deck":["Strike_R","Strike_R","Strike_R","Strike_R","Strike_R","Defend_R","Defend_R","Defend_R","Defend_R","Bash","AscendersBane","Spot Weakness","Reckless Charge","Armaments+1","Pommel Strike","Iron Wave","Armaments"],"relics":["Burning Blood","Shovel","MawBank","Smiling Mask","Strawberry","Centennial Puzzle","Anchor"],"potions_floor_usage":[7,12,12,16],"damage_taken":[{"damage":6,"enemies":"Cultist","floor":1,"turns":4},{"damage":0,"enemies":"2 Louse","floor":2,"turns":4},{"damage":10,"enemies":"Small Slimes","floor":3,"turns":3},{"damage":8,"enemies":"3 Louse","floor":7,"turns":4},{"damage":28,"enemies":"Gremlin Gang","floor":10,"turns":6},{"damage":19,"enemies":"Lagavulin","floor":12,"turns":6},{"damage":3,"enemies":"Blue Slaver","floor":14,"turns":4},{"damage":35,"enemies":"Hexaghost","floor":16,"turns":9}],"seed_played":"-803605128135327165","potions_obtained":[{"floor":3,"key":"BloodPotion"},{"floor":7,"key":"Poison Potion"},{"floor":10,"key":"SpeedPotion"},{"floor":14,"key":"Strength Potion"}],"is_trial":false,"path_per_floor":["M","M","M","?","?","R","M","$","T","M","R","E","R","M","R"],"character_chosen":"IRONCLAD","items_purchased":[],"campfire_rested":1,"item_purchase_floors":[],"current_hp_per_floor":[51,57,53,41,30,54,60,60,60,38,45,32,32,35,35,0],"gold":442,"neow_bonus":"ONE_RARE_RELIC","is_prod":false,"is_daily":false,"chose_seed":false,"campfire_upgraded":1,"win_rate":0,"timestamp":1537042548,"path_taken":["M","M","?","?","?","R","M","?","T","M","R","E","R","M","R","BOSS"],"build_version":"2018-09-06","purchased_purges":0,"victory":false,"max_hp_per_floor":[80,80,80,80,80,80,80,80,80,80,87,87,87,87,87,87],"card_choices":[{"not_picked":["Thunderclap","Intimidate"],"picked":"Spot Weakness","floor":1},{"not_picked":["Wild Strike","Fire Breathing"],"picked":"Reckless Charge","floor":2},{"not_picked":["Entrench","Clash"],"picked":"Armaments","floor":3},{"not_picked":["Rupture","Clash"],"picked":"Pommel Strike","floor":7},{"not_picked":["Thunderclap","Clash"],"picked":"Iron Wave","floor":10},{"not_picked":["Power Through","Clash"],"picked":"Armaments","floor":12},{"not_picked":["Anger","Cleave","Bloodletting"],"picked":"SKIP","floor":14}],"player_experience":340889,"relics_obtained":[{"floor":9,"key":"Smiling Mask"},{"floor":11,"key":"Strawberry"},{"floor":12,"key":"Centennial Puzzle"},{"floor":13,"key":"Anchor"}],"event_choices":[{"event_name":"Scrap Ooze","player_choice":"success","floor":4,"damage_taken":12},{"event_name":"World of Goop","player_choice":"Gather Gold","floor":5,"damage_taken":0}],"is_beta":false,"boss_relics":[],"items_purged_floors":[],"is_endless":false,"potions_floor_spawned":[3,7,10,14],"killed_by":"Hexaghost","ascension_level":11}