{"gold_per_floor":[116,41,41,61,79,79,79,94,94,94,16,16,46,58,58,129,129,143,20,30,44,55,55],"floor_reached":23,"playtime":643,"items_purged":["Defend_R","Strike_R"],"score":318,"play_id":"18f76081-0816-4e3d-977e-cc639c94aff1","local_time":"20181201183330","is_ascension_mode":true,"campfire_choices":[{"data":"Immolate","floor":6,"key":"SMITH"},{"data":"Finesse","floor":10,"key":"SMITH"},{"data":"Bash","floor":12,"key":"SMITH"},{"data":"Thunderclap","floor":15,"key":"SMITH"}],"neow_cost":"NONE","seed_source_timestamp":2340193363190,"circlet_count":0,"master_deck":["AscendersBane","Strike_R","Strike_R","Strike_R","Strike_R","Defend_R","Defend_R","Defend_R","Bash+1","Finesse+1","Thunderclap+1","Shrug It Off","Immolate+1","Feel No Pain","Dark Embrace","True Grit","Havoc+1"],"relics":["Burning Blood","Darkstone Periapt","Pantograph","Runic Dome"],"potions_floor_usage":[13,16],"damage_taken":[{"damage":0,"enemies":"Small Slimes","floor":1,"turns":3},{"damage":4,"enemies":"Jaw Worm","floor":4,"turns":4},{"damage":0,"enemies":"Cultist","floor":5,"turns":3},{"damage":6,"enemies":"Blue Slaver","floor":8,"turns":2},{"damage":8,"enemies":"Gremlin Nob","floor":13,"turns":3},{"damage":9,"enemies":"3 Louse","floor":14,"turns":2},{"damage":78,"enemies":"The Guardian","floor":16,"turns":10},{"damage":24,"enemies":"Spheric Guardian","floor":18,"turns":4},{"damage":17,"enemies":"2 Thieves","floor":20,"turns":4},{"damage":7,"enemies":"Centurion and Healer","floor":21,"turns":6},{"damage":26,"enemies":"Chosen and Byrds","floor":22,"turns":7},{"damage":19,"enemies":"Gremlin Leader","floor":23,"turns":1}],"seed_played":"-1234562338089182647","potions_obtained":[{"floor":1,"key":"LiquidBronze"},{"floor":5,"key":"SpeedPotion"},{"floor":14,"key":"AttackPotion"},{"floor":21,"key":"Block Potion"}],"is_trial":false,"path_per_floor":["M","$","?","M","M","R","?","M","T","R","$","R","E","M","R","B",null,"M","$","M","M","M","E"],"character_chosen":"IRONCLAD","items_purchased":["Feel No Pain","True Grit"],"campfire_rested":0,"item_purchase_floors":[11,19],"current_hp_per_floor":[78,78,83,85,85,85,85,85,85,85,85,85,83,80,80,13,67,49,49,38,37,17,0],"gold":55,"neow_bonus":"RANDOM_COLORLESS","is_prod":false,"is_daily":false,"chose_seed":false,"campfire_upgraded":4,"win_rate":0,"timestamp":1543689210,"path_taken":["M","$","?","M","M","R","?","M","T","R","$","R","E","M","R","BOSS","M","$","?","M","M","E"],"build_version":"2018-11-15","purchased_purges":2,"victory":false,"max_hp_per_floor":[80,80,85,85,85,85,85,85,85,85,85,85,85,85,85,85,85,85,85,85,85,85,85],"card_choices":[{"not_picked":["Heavy Blade","Iron Wave"],"picked":"Thunderclap","floor":1},{"not_picked":["Headbutt","Wild Strike"],"picked":"Shrug It Off","floor":4},{"not_picked":["Heavy Blade","Clothesline"],"picked":"Immolate","floor":5},{"not_picked":["Pommel Strike","Clothesline","Body Slam"],"picked":"SKIP","floor":8},{"not_picked":["Warcry","Searing Blow","Rampage"],"picked":"SKIP","floor":13},{"not_picked":["Havoc","Cleave","Dual Wield"],"picked":"SKIP","floor":14},{"not_picked":["Demon Form","Barricade"],"picked":"Dark Embrace","floor":16},{"not_picked":["Carnage","Iron Wave","Perfected Strike"],"picked":"SKIP","floor":18},{"not_picked":["Shrug It Off","Warcry"],"picked":"Havoc+1","floor":20},{"not_picked":["Pommel Strike","Anger","Juggernaut"],"picked":"SKIP","floor":21},{"not_picked":["Flex","Headbutt","Dual Wield"],"picked":"SKIP","floor":22}],"player_experience":233053,"relics_obtained":[{"floor":9,"key":"Darkstone Periapt"},{"floor":13,"key":"Pantograph"}],"event_choices":[{"damage_healed":0,"gold_gain":0,"player_choice":"Donut","damage_taken":0,"max_hp_gain":5,"max_hp_loss":0,"event_name":"Big Fish","floor":3,"gold_loss":0},{"damage_healed":0,"gold_gain":0,"player_choice":"0 cards matched","damage_taken":0,"max_hp_gain":0,"max_hp_loss":0,"event_name":"Match and Keep!","floor":7,"gold_loss":0,"cards_obtained":[]}],"is_beta":false,"boss_relics":[{"not_picked":["Ectoplasm","Mark of Pain"],"picked":"Runic Dome"}],"items_purged_floors":[2,19],"is_endless":false,"potions_floor_spawned":[1,5,14,21,22],"killed_by":"Gremlin Leader","ascension_level":13}