{"gold_per_floor":[111,126,1,13,13,47,47,47,100,115,115,141,141,169,169,169],"floor_reached":16,"playtime":724,"items_purged":["Strike_G"],"score":130,"play_id":"1a775411-415f-4e2c-91a3-6d2cc6b98326","local_time":"20190201001334","is_ascension_mode":true,"campfire_choices":[{"data":"Poisoned Stab","floor":8,"key":"SMITH"},{"data":"Bullet Time","floor":11,"key":"SMITH"},{"floor":15,"key":"REST"}],"neow_cost":"NONE","seed_source_timestamp":1025622682450700,"circlet_count":0,"master_deck":["Defend_G","Defend_G","Defend_G","Defend_G","Strike_G","Strike_G","Strike_G","Strike_G","Survivor","Neutralize","All Out Attack","Poisoned Stab+1","Blur","Bullet Time+1","Deflect","Dodge and Roll","Blur"],"relics":["Ring of the Snake","NeowsBlessing","Regal Pillow","Smiling Mask","Bronze Scales","Anchor"],"potions_floor_usage":[6,6,6,16],"damage_taken":[{"damage":0,"enemies":"2 Louse","floor":1,"turns":1},{"damage":0,"enemies":"Cultist","floor":2,"turns":1},{"damage":0,"enemies":"Small Slimes","floor":4,"turns":1},{"damage":3,"enemies":"3 Sentries","floor":6,"turns":6},{"damage":0,"enemies":"Looter","floor":10,"turns":3},{"damage":16,"enemies":"Gremlin Nob","floor":12,"turns":5},{"damage":36,"enemies":"3 Sentries","floor":14,"turns":10},{"damage":68,"enemies":"Slime Boss","floor":16,"turns":11}],"seed_played":"656934405008495916","potions_obtained":[{"floor":1,"key":"Explosive Potion"},{"floor":2,"key":"LiquidBronze"},{"floor":4,"key":"PowerPotion"},{"floor":14,"key":"Poison Potion"}],"is_trial":false,"path_per_floor":["M","M","$","M","?","E","$","R","T","M","R","E","?","E","R","B"],"character_chosen":"THE_SILENT","items_purchased":["Poisoned Stab"],"campfire_rested":1,"item_purchase_floors":[3],"current_hp_per_floor":[70,70,70,70,63,60,60,60,60,60,60,44,67,31,67,0],"gold":169,"neow_bonus":"THREE_ENEMY_KILL","is_prod":false,"is_daily":false,"chose_seed":false,"campfire_upgraded":2,"win_rate":0,"timestamp":1548998014,"path_taken":["M","M","$","M","?","E","$","R","T","M","R","E","?","E","R","BOSS"],"build_version":"2019-01-23","purchased_purges":1,"victory":false,"max_hp_per_floor":[70,70,70,70,70,70,70,70,70,70,70,70,70,70,70,70],"card_choices":[{"not_picked":["Outmaneuver","Cloak And Dagger"],"picked":"All Out Attack","floor":1},{"not_picked":["Underhanded Strike","Outmaneuver","Endless Agony"],"picked":"SKIP","floor":2},{"not_picked":["Masterful Stab","Sucker Punch"],"picked":"Blur","floor":4},{"not_picked":["Concentrate","Expertise"],"picked":"Bullet Time","floor":6},{"not_picked":["Quick Slash","Distraction"],"picked":"Deflect","floor":10},{"not_picked":["Underhanded Strike","Outmaneuver"],"picked":"Dodge and Roll","floor":12},{"not_picked":["Backflip","Distraction"],"picked":"Blur","floor":14}],"player_experience":123714,"relics_obtained":[{"floor":6,"key":"Regal Pillow"},{"floor":9,"key":"Smiling Mask"},{"floor":12,"key":"Bronze Scales"},{"floor":14,"key":"Anchor"}],"event_choices":[{"cards_removed":["Defend_G"],"damage_healed":0,"gold_gain":0,"player_choice":"Card Removal","damage_taken":7,"max_hp_gain":0,"max_hp_loss":0,"event_name":"Golden Wing","floor":5,"gold_loss":0},{"damage_healed":23,"gold_gain":0,"player_choice":"Banana","damage_taken":0,"max_hp_gain":0,"max_hp_loss":0,"event_name":"Big Fish","floor":13,"gold_loss":0}],"is_beta":false,"boss_relics":[],"items_purged_floors":[3],"is_endless":false,"potions_floor_spawned":[1,2,4,14],"killed_by":"Slime Boss","ascension_level":2}