{"gold_per_floor":[117,117,134,146,165,196,196,225,225,3,3,16,16,16,16,118,118,135,235,51,51,51],"floor_reached":22,"playtime":567,"items_purged":["Strike_G"],"score":240,"play_id":"8bc7e99f-5a0f-4334-ae09-bf6a8b9eb071","local_time":"20181104190444","is_ascension_mode":true,"campfire_choices":[{"data":"Adrenaline","floor":7,"key":"SMITH"},{"data":"Dagger Spray","floor":11,"key":"SMITH"},{"data":"All Out Attack","floor":13,"key":"SMITH"},{"floor":15,"key":"REST"}],"neow_cost":"NONE","seed_source_timestamp":21340766789242,"circlet_count":0,"master_deck":["Defend_G","Defend_G","Defend_G","Defend_G","Defend_G","Strike_G","Strike_G","Strike_G","Survivor","Neutralize","Footwork","Eviscerate","Skewer","Sucker Punch","Noxious Fumes","Adrenaline+1","Dagger Spray+1","Slice","Acrobatics+1","Cloak And Dagger+1","All Out Attack+1","Malaise+1","Leg Sweep+1","Backflip+1","Apotheosis+1"],"relics":["Ring of the Snake","NeowsBlessing","Bottled Flame","WingedGreaves","Toxic Egg 2","Sozu","Shovel","Mercury Hourglass"],"potions_floor_usage":[6,8,16],"damage_taken":[{"damage":0,"enemies":"2 Louse","floor":1,"turns":1},{"damage":0,"enemies":"Cultist","floor":3,"turns":1},{"damage":0,"enemies":"Jaw Worm","floor":4,"turns":1},{"damage":1,"enemies":"Looter","floor":5,"turns":4},{"damage":17,"enemies":"Gremlin Nob","floor":6,"turns":4},{"damage":35,"enemies":"3 Sentries","floor":8,"turns":10},{"damage":4,"enemies":"Red Slaver","floor":12,"turns":2},{"damage":17,"enemies":"Slime Boss","floor":16,"turns":7},{"damage":7,"enemies":"Shell Parasite","floor":18,"turns":6},{"damage":11,"enemies":"Colosseum Slavers","floor":19,"turns":4},{"damage":32,"enemies":"Colosseum Nobs","floor":19,"turns":5},{"damage":20,"enemies":"Chosen","floor":22,"turns":4}],"seed_played":"-4494620049970012905","potions_obtained":[{"floor":1,"key":"Poison Potion"},{"floor":4,"key":"GamblersBrew"},{"floor":5,"key":"Block Potion"}],"is_trial":false,"path_per_floor":["M","?","M","M","M","E","R","E","T","$","R","M","R","$","R","B",null,"M","?","$","?","M"],"character_chosen":"THE_SILENT","items_purchased":["Slice","Acrobatics+1","Cloak And Dagger+1","Apotheosis+1"],"campfire_rested":1,"item_purchase_floors":[10,10,10,20],"current_hp_per_floor":[70,70,70,70,69,52,52,17,17,17,17,13,13,13,34,17,57,50,7,7,7,0],"gold":51,"neow_bonus":"THREE_ENEMY_KILL","is_prod":false,"is_daily":false,"chose_seed":false,"campfire_upgraded":3,"win_rate":0,"timestamp":1541358284,"path_taken":["M","?","?","?","M","E","R","E","T","$","R","M","R","$","R","BOSS","M","?","$","?","M"],"build_version":"2018-11-01","purchased_purges":1,"victory":false,"max_hp_per_floor":[70,70,70,70,70,70,70,70,70,70,70,70,70,70,70,70,70,70,70,70,70,70],"card_choices":[{"not_picked":["Deflect","Flechettes"],"picked":"Footwork","floor":1},{"not_picked":["Flying Knee","Deflect"],"picked":"Skewer","floor":3},{"not_picked":["Deflect","PiercingWail"],"picked":"Sucker Punch","floor":4},{"not_picked":["Endless Agony","Predator"],"picked":"Noxious Fumes","floor":5},{"not_picked":["Choke","Poisoned Stab"],"picked":"Adrenaline","floor":6},{"not_picked":["Reflex","Caltrops"],"picked":"Dagger Spray","floor":8},{"not_picked":["Expertise+1","Blur+1"],"picked":"All Out Attack","floor":12},{"not_picked":["Die Die Die","After Image"],"picked":"Malaise+1","floor":16},{"not_picked":["Accuracy","Outmaneuver+1"],"picked":"Leg Sweep+1","floor":18},{"not_picked":["Poisoned Stab","Dagger Throw+1"],"picked":"Backflip+1","floor":19}],"player_experience":114634,"relics_obtained":[{"floor":6,"key":"Bottled Flame"},{"floor":8,"key":"WingedGreaves"},{"floor":9,"key":"Toxic Egg 2"},{"floor":19,"key":"Shovel"},{"floor":19,"key":"Mercury Hourglass"}],"event_choices":[{"damage_healed":0,"gold_gain":0,"cards_transformed":["Strike_G"],"player_choice":"Transformed","damage_taken":0,"max_hp_gain":0,"max_hp_loss":0,"event_name":"Transmorgrifier","floor":2,"gold_loss":0,"cards_obtained":["Eviscerate"]},{"damage_healed":0,"gold_gain":0,"player_choice":"Fight","damage_taken":0,"max_hp_gain":0,"max_hp_loss":0,"event_name":"Colosseum","floor":19,"gold_loss":0},{"damage_healed":0,"gold_gain":0,"player_choice":"Fought Nobs","damage_taken":0,"max_hp_gain":0,"max_hp_loss":0,"event_name":"Colosseum","floor":19,"gold_loss":0}],"is_beta":false,"boss_relics":[{"not_picked":["Tiny House","White Beast Statue"],"picked":"Sozu"}],"items_purged_floors":[10],"is_endless":false,"potions_floor_spawned":[1,4,5,19],"killed_by":"Chosen","ascension_level":5}