{"gold_per_floor":[119,119,45,45,64,64,76,76,76,88,88,106,106,106,106,204,204,222,25,25,0,14,14,33,33,33,33,64,64,81,106,106,201,201,217,217,229,246,216,216,216],"floor_reached":41,"playtime":3877,"items_purged":[],"score":503,"play_id":"f89fd17e-efee-4c75-b99c-10e40450852a","local_time":"20190203214318","is_ascension_mode":true,"campfire_choices":[{"data":"Shrug It Off","floor":6,"key":"SMITH"},{"data":"Shrug It Off","floor":8,"key":"SMITH"},{"data":"Shrug It Off","floor":11,"key":"SMITH"},{"data":"Bash","floor":13,"key":"SMITH"},{"data":"Double Tap","floor":15,"key":"SMITH"},{"data":"Apotheosis","floor":23,"key":"SMITH"},{"floor":25,"key":"REST"},{"floor":27,"key":"RECALL"},{"floor":32,"key":"REST"},{"data":"Demon Form","floor":40,"key":"SMITH"}],"neow_cost":"NONE","seed_source_timestamp":201866157960033,"circlet_count":0,"master_deck":["Strike_R","Defend_R","Defend_R","Defend_R","Defend_R","Bash+1","Clothesline+1","Hemokinesis+1","Rupture+1","Body Slam+1","Whirlwind","Shrug It Off+1","Shrug It Off+1","Shrug It Off+1","Double Tap+1","Reaper","Disarm","Apotheosis+1","True Grit","Iron Wave","Disarm","Shockwave","Reaper","Intimidate+1","Entrench","Inflame+1","Entrench","Rage","Demon Form+1","Rupture+1"],"relics":["Astrolabe","Question Card","Torii","Runic Pyramid","Mercury Hourglass","Centennial Puzzle","Enchiridion","Paper Frog","Orrery"],"potions_floor_usage":[33,33,33,41,41],"damage_taken":[{"damage":2,"enemies":"Small Slimes","floor":1,"turns":3},{"damage":7,"enemies":"Jaw Worm","floor":5,"turns":3},{"damage":2,"enemies":"Cultist","floor":7,"turns":3},{"damage":2,"enemies":"Exordium Thugs","floor":10,"turns":4},{"damage":11,"enemies":"2 Fungi Beasts","floor":12,"turns":4},{"damage":10,"enemies":"The Guardian","floor":16,"turns":11},{"damage":12,"enemies":"Shell Parasite","floor":18,"turns":8},{"damage":14,"enemies":"3 Byrds","floor":22,"turns":8},{"damage":15,"enemies":"Centurion and Healer","floor":24,"turns":7},{"damage":27,"enemies":"Slavers","floor":28,"turns":5},{"damage":1,"enemies":"Snake Plant","floor":30,"turns":7},{"damage":39,"enemies":"Gremlin Leader","floor":31,"turns":6},{"damage":102,"enemies":"Champ","floor":33,"turns":12},{"damage":12,"enemies":"3 Shapes","floor":35,"turns":4},{"damage":56,"enemies":"3 Darklings","floor":37,"turns":5},{"damage":27,"enemies":"Maw","floor":38,"turns":11},{"damage":85,"enemies":"Giant Head","floor":41,"turns":10}],"seed_played":"3683035964492200061","potions_obtained":[{"floor":10,"key":"SteroidPotion"},{"floor":12,"key":"Regen Potion"},{"floor":16,"key":"FearPotion"},{"floor":33,"key":"Block Potion"},{"floor":35,"key":"AttackPotion"},{"floor":39,"key":"Block Potion"},{"floor":39,"key":"Strength Potion"}],"is_trial":false,"path_per_floor":["M","?","$","?","M","R","M","R","T","M","R","M","R","T","R","B",null,"M","$","?","$","M","R","M","R","T","R","E","?","M","E","R","B",null,"M","?","M","M","?","R","E"],"character_chosen":"IRONCLAD","items_purchased":["Whirlwind","Apotheosis","True Grit"],"campfire_rested":2,"item_purchase_floors":[3,19,21],"current_hp_per_floor":[78,83,83,83,76,76,74,74,74,72,72,61,61,61,61,51,85,73,73,73,73,62,62,54,79,79,79,67,51,57,18,43,22,85,85,85,50,85,85,85,0],"gold":216,"neow_bonus":"BOSS_RELIC","is_prod":false,"is_daily":false,"chose_seed":false,"campfire_upgraded":7,"win_rate":0,"timestamp":1549226598,"path_taken":["M","?","$","?","M","R","?","R","T","M","R","M","R","?","R","BOSS","M","$","?","?","M","R","M","R","T","R","E","?","M","E","R","BOSS","M","?","M","?","?","R","E"],"build_version":"2019-01-23","purchased_purges":0,"victory":false,"max_hp_per_floor":[80,85,85,85,85,85,85,85,85,85,85,85,85,85,85,85,85,85,85,85,85,85,85,85,85,85,85,85,85,85,85,85,85,85,85,85,85,85,85,85,85],"card_choices":[{"not_picked":["Perfected Strike","Armaments"],"picked":"Body Slam","floor":1},{"not_picked":["Perfected Strike","Dropkick"],"picked":"Shrug It Off","floor":5},{"not_picked":["Hemokinesis","Flex"],"picked":"Shrug It Off","floor":7},{"not_picked":["Searing Blow","Pommel Strike","Rampage"],"picked":"Shrug It Off","floor":10},{"not_picked":["Anger","Wild Strike","Clothesline"],"picked":"Double Tap","floor":12},{"not_picked":["Double Tap","Fiend Fire","Berserk"],"picked":"Reaper","floor":16},{"not_picked":["Flex+1","Body Slam","Rage"],"picked":"Disarm","floor":18},{"not_picked":["Clash","Clothesline","Havoc","Wild Strike"],"picked":"SKIP","floor":22},{"not_picked":["Pommel Strike","Anger","Perfected Strike"],"picked":"Iron Wave","floor":24},{"not_picked":["Battle Trance","Evolve+1","Twin Strike+1"],"picked":"Disarm","floor":28},{"not_picked":["Cleave+1","Second Wind+1","Battle Trance+1","Dark Embrace"],"picked":"SKIP","floor":30},{"not_picked":["Clash+1","Reckless Charge","Wild Strike"],"picked":"Shockwave","floor":31},{"not_picked":["Demon Form","Juggernaut","Immolate"],"picked":"Reaper","floor":33},{"not_picked":["Clothesline","Searing Blow","Flex"],"picked":"Intimidate+1","floor":34},{"not_picked":["Pummel","Anger","Perfected Strike+1"],"picked":"Entrench","floor":34},{"not_picked":["Warcry","Shockwave","Shrug It Off"],"picked":"Inflame+1","floor":34},{"not_picked":["Heavy Blade","Perfected Strike+1","Clash"],"picked":"Entrench","floor":34},{"not_picked":["Carnage","Flex","Infernal Blade+1"],"picked":"Rage","floor":34},{"not_picked":["Sever Soul+1","Heavy Blade+1","Metallicize"],"picked":"Demon Form","floor":35},{"not_picked":["Clash+1","Shrug It Off","Twin Strike+1","Wild Strike+1"],"picked":"SKIP","floor":37},{"not_picked":["Headbutt+1","Infernal Blade+1","Clothesline+1","Bludgeon"],"picked":"SKIP","floor":38}],"player_experience":529238,"relics_obtained":[{"floor":9,"key":"Question Card"},{"floor":14,"key":"Torii"},{"floor":26,"key":"Mercury Hourglass"},{"floor":28,"key":"Centennial Puzzle"},{"floor":29,"key":"Enchiridion"},{"floor":31,"key":"Paper Frog"}],"event_choices":[{"damage_healed":0,"gold_gain":0,"player_choice":"Donut","damage_taken":0,"max_hp_gain":5,"max_hp_loss":0,"event_name":"Big Fish","floor":2,"gold_loss":0},{"damage_healed":0,"gold_gain":0,"player_choice":"Forge","damage_taken":0,"max_hp_gain":0,"max_hp_loss":0,"event_name":"Accursed Blacksmith","floor":4,"gold_loss":0,"cards_upgraded":["Body Slam"]},{"cards_removed":["Strike_R"],"damage_healed":0,"gold_gain":0,"player_choice":"Purged","damage_taken":0,"max_hp_gain":0,"max_hp_loss":0,"event_name":"Purifier","floor":20,"gold_loss":0},{"damage_healed":0,"gold_gain":0,"player_choice":"Obtained Book","damage_taken":16,"max_hp_gain":0,"max_hp_loss":0,"event_name":"Cursed Tome","floor":29,"gold_loss":0},{"damage_healed":0,"gold_gain":0,"player_choice":"Copied","damage_taken":0,"max_hp_gain":0,"max_hp_loss":0,"event_name":"Duplicator","floor":36,"gold_loss":0,"cards_obtained":["Rupture"]},{"damage_healed":0,"gold_gain":0,"player_choice":"Bought 2 Potions","damage_taken":0,"max_hp_gain":0,"max_hp_loss":0,"event_name":"The Woman in Blue","floor":39,"gold_loss":0}],"is_beta":false,"boss_relics":[{"not_picked":["Coffee Dripper","Fusion Hammer"],"picked":"Runic Pyramid"},{"not_picked":["Snecko Eye","Velvet Choker"],"picked":"Orrery"}],"items_purged_floors":[],"is_endless":false,"potions_floor_spawned":[10,12,16,22,28,33,35],"killed_by":"Giant Head","ascension_level":4}