{"gold_per_floor":[122,145,157,169,8,8,38,38,64,64,64,64,64,77,77,77],"floor_reached":16,"playtime":248,"items_purged":["Strike_R"],"score":158,"play_id":"6f28ccbe-7375-4ff3-a1d6-f11063b0b693","local_time":"20181202224426","is_ascension_mode":true,"campfire_choices":[{"data":"Whirlwind","floor":6,"key":"SMITH"},{"data":"Feed","floor":8,"key":"SMITH"},{"data":"True Grit","floor":10,"key":"SMITH"},{"data":"Inflame","floor":15,"key":"SMITH"}],"neow_cost":"NONE","seed_source_timestamp":29252451336107,"circlet_count":0,"master_deck":["AscendersBane","Strike_R","Strike_R","Strike_R","Strike_R+1","Defend_R","Defend_R+1","Defend_R","Defend_R","Bash","Inflame+1","Reckless Charge+1","Whirlwind+1","True Grit+1","Feed+1"],"relics":["Burning Blood","MawBank","Self Forming Clay","PreservedInsect"],"potions_floor_usage":[7,7],"damage_taken":[{"damage":14,"enemies":"2 Louse","floor":1,"turns":3},{"damage":3,"enemies":"Jaw Worm","floor":2,"turns":4},{"damage":21,"enemies":"3 Sentries","floor":7,"turns":5},{"damage":0,"enemies":"Small Slimes","floor":14,"turns":2},{"damage":46,"enemies":"Slime Boss","floor":16,"turns":5}],"seed_played":"8053608655658455804","potions_obtained":[{"floor":1,"key":"GamblersBrew"},{"floor":2,"key":"EssenceOfSteel"},{"floor":7,"key":"LiquidBronze"}],"is_trial":false,"path_per_floor":["M","M","?","?","$","R","E","R","T","R","?","$","$","M","R","B"],"character_chosen":"IRONCLAD","items_purchased":["Whirlwind","True Grit"],"campfire_rested":0,"item_purchase_floors":[5,5],"current_hp_per_floor":[64,67,67,67,67,67,52,52,52,52,36,36,36,46,46,0],"gold":77,"neow_bonus":"RANDOM_COMMON_RELIC","is_prod":false,"is_daily":false,"chose_seed":false,"campfire_upgraded":4,"win_rate":0,"timestamp":1543790666,"path_taken":["M","M","?","?","$","R","E","R","T","R","?","?","$","M","R","BOSS"],"build_version":"2018-11-15","purchased_purges":1,"victory":false,"max_hp_per_floor":[80,80,80,80,80,80,80,80,80,80,80,80,80,84,84,84],"card_choices":[{"not_picked":["Bloodletting","Corruption"],"picked":"Inflame","floor":1},{"not_picked":["Evolve","Rage"],"picked":"Reckless Charge","floor":2},{"not_picked":["Pummel","Entrench"],"picked":"Feed","floor":7},{"not_picked":["Cleave","Sword Boomerang","Armaments"],"picked":"SKIP","floor":14}],"player_experience":240847,"relics_obtained":[{"floor":7,"key":"Self Forming Clay"},{"floor":9,"key":"PreservedInsect"}],"event_choices":[{"damage_healed":0,"gold_gain":0,"player_choice":"Grow","damage_taken":0,"max_hp_gain":0,"max_hp_loss":0,"event_name":"Living Wall","floor":3,"gold_loss":0,"cards_upgraded":["Reckless Charge"]},{"damage_healed":0,"gold_gain":0,"player_choice":"Ignored","damage_taken":0,"max_hp_gain":0,"max_hp_loss":0,"event_name":"Liars Game","floor":4,"gold_loss":0},{"damage_healed":0,"gold_gain":0,"player_choice":"Entered Light","damage_taken":16,"max_hp_gain":0,"max_hp_loss":0,"event_name":"Shining Light","floor":11,"gold_loss":0,"cards_upgraded":["Strike_R","Defend_R"]}],"is_beta":false,"boss_relics":[],"items_purged_floors":[5],"is_endless":false,"potions_floor_spawned":[1,2,7],"killed_by":"Slime Boss","ascension_level":13}