{"gold_per_floor":[117,127,12,27,102,102,158,158,158,172,185,185,209,224,224,224],"floor_reached":16,"playtime":336,"items_purged":["Strike_R"],"score":92,"play_id":"bd65bf61-8c0a-4ae6-b5e9-ce134c16c829","local_time":"20181209180823","is_ascension_mode":false,"campfire_choices":[{"data":"Body Slam","floor":6,"key":"SMITH"},{"data":"Flame Barrier","floor":8,"key":"SMITH"},{"data":"Pommel Strike","floor":12,"key":"SMITH"},{"data":"True Grit","floor":15,"key":"SMITH"}],"neow_cost":"NONE","seed_source_timestamp":12666653381322,"circlet_count":0,"master_deck":["Strike_R","Strike_R","Strike_R","Strike_R","Defend_R","Defend_R","Defend_R","Defend_R","Bash","Flame Barrier+1","Body Slam+1","Feel No Pain","Pommel Strike+1","Thunderclap","Body Slam","True Grit+1"],"relics":["Burning Blood","NeowsBlessing","Dream Catcher","Champion Belt","Odd Mushroom"],"potions_floor_usage":[7,10,11,11,13],"damage_taken":[{"damage":0,"enemies":"Small Slimes","floor":1,"turns":1},{"damage":0,"enemies":"2 Louse","floor":2,"turns":2},{"damage":0,"enemies":"Jaw Worm","floor":4,"turns":1},{"damage":52,"enemies":"Lagavulin Event","floor":7,"turns":11},{"damage":0,"enemies":"2 Fungi Beasts","floor":10,"turns":4},{"damage":5,"enemies":"Large Slime","floor":11,"turns":7},{"damage":8,"enemies":"The Mushroom Lair","floor":13,"turns":4},{"damage":4,"enemies":"Exordium Wildlife","floor":14,"turns":4},{"damage":30,"enemies":"Slime Boss","floor":16,"turns":5}],"seed_played":"-3837024523090819759","potions_obtained":[{"floor":1,"key":"Dexterity Potion"},{"floor":7,"key":"Fire Potion"},{"floor":10,"key":"EntropicBrew"}],"is_trial":false,"path_per_floor":["M","M","$","M","?","R","?","R","T","M","M","R","?","M","R","B"],"character_chosen":"IRONCLAD","items_purchased":["Feel No Pain"],"campfire_rested":0,"item_purchase_floors":[3],"current_hp_per_floor":[80,80,80,80,69,69,23,23,23,29,30,30,28,30,30,0],"gold":224,"neow_bonus":"THREE_ENEMY_KILL","is_prod":false,"is_daily":false,"chose_seed":false,"campfire_upgraded":4,"win_rate":0,"timestamp":1544378903,"path_taken":["M","M","$","M","?","R","?","R","T","M","M","R","?","?","R","BOSS"],"build_version":"2018-12-06","purchased_purges":1,"victory":false,"max_hp_per_floor":[80,80,80,80,80,80,80,80,80,80,80,80,80,80,80,80],"card_choices":[{"not_picked":["Clothesline","Shrug It Off"],"picked":"Flame Barrier","floor":1},{"not_picked":["Feel No Pain","Twin Strike"],"picked":"Body Slam","floor":2},{"not_picked":["Seeing Red","Sword Boomerang","Dual Wield"],"picked":"SKIP","floor":4},{"not_picked":["Rupture","Evolve"],"picked":"Pommel Strike","floor":10},{"not_picked":["Entrench","Clash"],"picked":"Thunderclap","floor":11},{"not_picked":["Clothesline","Clash"],"picked":"Body Slam","floor":13},{"not_picked":["Dropkick","Sword Boomerang"],"picked":"True Grit","floor":14}],"player_experience":255097,"relics_obtained":[{"floor":7,"key":"Dream Catcher"},{"floor":9,"key":"Champion Belt"},{"floor":13,"key":"Odd Mushroom"}],"event_choices":[{"damage_healed":0,"gold_gain":75,"player_choice":"Gather Gold","damage_taken":11,"max_hp_gain":0,"max_hp_loss":0,"event_name":"World of Goop","floor":5,"gold_loss":0},{"damage_healed":0,"gold_gain":0,"player_choice":"Searched \u00271\u0027 times","damage_taken":0,"max_hp_gain":0,"max_hp_loss":0,"event_name":"Dead Adventurer","floor":7,"gold_loss":0},{"damage_healed":0,"gold_gain":0,"player_choice":"Fought Mushrooms","damage_taken":0,"max_hp_gain":0,"max_hp_loss":0,"event_name":"Mushrooms","floor":13,"gold_loss":0}],"is_beta":false,"boss_relics":[],"items_purged_floors":[3],"is_endless":false,"potions_floor_spawned":[1,7,10],"killed_by":"Slime Boss","ascension_level":0}