{"gold_per_floor":[114,132,132,149,168,168,181,181,181,181,209,230,79,179,179,307,307,320,333,333,348,348,348,372,372,396,396,415,435,8,26,26,150,150,164,180,5,23,23,23,23],"floor_reached":41,"playtime":2702,"items_purged":["Strike_R","Strike_R","Strike_R"],"score":412,"play_id":"9807fe47-9e5f-4ed8-894b-ba7f9b0de241","local_time":"20181226222117","is_ascension_mode":false,"campfire_choices":[{"data":"Flex","floor":6,"key":"SMITH"},{"data":"Heavy Blade","floor":8,"key":"SMITH"},{"data":"Spot Weakness","floor":15,"key":"SMITH"},{"data":"Whirlwind","floor":23,"key":"SMITH"},{"floor":25,"key":"REST"},{"floor":32,"key":"REST"},{"data":"Flex","floor":40,"key":"SMITH"}],"neow_cost":"NONE","seed_source_timestamp":442141560504488,"circlet_count":0,"master_deck":["Strike_R","Strike_R","Defend_R","Defend_R","Defend_R","Defend_R","Bash","Limit Break","Cleave","Flex+1","Cleave","Heavy Blade+1","Whirlwind+1","Spot Weakness+1","Demon Form+1","Sever Soul+1","J.A.X.","Seeing Red","Flex+1","Spot Weakness","Inflame"],"relics":["Burning Blood","Self Forming Clay","Golden Idol","Odd Mushroom","Velvet Choker","Blood Vial","Matryoshka","Eternal Feather"],"potions_floor_usage":[3,16,33,33,36,41],"damage_taken":[{"damage":6,"enemies":"Jaw Worm","floor":1,"turns":3},{"damage":9,"enemies":"Cultist","floor":2,"turns":4},{"damage":0,"enemies":"2 Louse","floor":4,"turns":2},{"damage":10,"enemies":"Looter","floor":5,"turns":3},{"damage":18,"enemies":"Blue Slaver","floor":7,"turns":5},{"damage":18,"enemies":"The Mushroom Lair","floor":11,"turns":2},{"damage":13,"enemies":"Red Slaver","floor":12,"turns":2},{"damage":54,"enemies":"Slime Boss","floor":16,"turns":7},{"damage":5,"enemies":"Spheric Guardian","floor":18,"turns":3},{"damage":19,"enemies":"2 Thieves","floor":19,"turns":3},{"damage":27,"enemies":"Shelled Parasite and Fungi","floor":21,"turns":4},{"damage":18,"enemies":"Snake Plant","floor":24,"turns":3},{"damage":20,"enemies":"Snecko","floor":28,"turns":4},{"damage":20,"enemies":"3 Cultists","floor":29,"turns":4},{"damage":25,"enemies":"Shelled Parasite and Fungi","floor":31,"turns":4},{"damage":50,"enemies":"Champ","floor":33,"turns":7},{"damage":30,"enemies":"Orb Walker","floor":35,"turns":3},{"damage":13,"enemies":"3 Shapes","floor":36,"turns":2},{"damage":22,"enemies":"3 Darklings","floor":38,"turns":3},{"damage":57,"enemies":"Transient","floor":41,"turns":4}],"seed_played":"-3885187855862277809","potions_obtained":[{"floor":2,"key":"FearPotion"},{"floor":3,"key":"FairyPotion"},{"floor":3,"key":"Fruit Juice"},{"floor":3,"key":"FairyPotion"},{"floor":16,"key":"PowerPotion"},{"floor":19,"key":"Energy Potion"},{"floor":31,"key":"SteroidPotion"},{"floor":35,"key":"SteroidPotion"}],"is_trial":false,"path_per_floor":["M","M","?","M","M","R","M","R","T","?","?","M","$","?","R","B",null,"M","M","?","M","?","R","M","R","T","?","M","M","$","M","R","B",null,"M","M","$","M","?","R","M"],"character_chosen":"IRONCLAD","items_purchased":["Spot Weakness","Flex","Spot Weakness","Matryoshka","Strength Potion"],"campfire_rested":2,"item_purchase_floors":[13,30,30,30,37],"current_hp_per_floor":[80,77,82,85,81,81,69,69,69,69,57,50,50,50,50,13,79,79,66,66,45,45,45,33,56,56,56,44,32,32,15,38,13,79,55,50,50,36,36,48,0],"gold":23,"neow_bonus":"ONE_RANDOM_RARE_CARD","is_prod":false,"is_daily":false,"chose_seed":false,"campfire_upgraded":5,"win_rate":0.0,"timestamp":1545880877,"path_taken":["M","M","?","?","M","R","M","R","T","?","?","M","$","?","R","BOSS","M","M","?","?","?","R","M","R","T","?","M","M","?","?","R","BOSS","M","M","$","M","?","R","M"],"build_version":"2018-12-20","purchased_purges":3,"victory":false,"max_hp_per_floor":[80,80,85,85,85,85,85,85,85,79,79,79,79,79,79,79,79,79,79,79,79,79,79,79,79,79,79,79,79,79,79,79,79,79,79,79,79,79,75,75,75],"card_choices":[{"not_picked":["Clash","Warcry"],"picked":"Cleave","floor":1},{"not_picked":["Heavy Blade","Armaments"],"picked":"Flex","floor":2},{"not_picked":["Blood for Blood","Shrug It Off"],"picked":"Cleave","floor":4},{"not_picked":["Thunderclap","Shockwave","Second Wind"],"picked":"SKIP","floor":5},{"not_picked":["Anger","Fiend Fire"],"picked":"Heavy Blade","floor":7},{"not_picked":["Shrug It Off","Twin Strike"],"picked":"Whirlwind","floor":11},{"not_picked":["Fire Breathing","Pommel Strike","Thunderclap"],"picked":"SKIP","floor":12},{"not_picked":["Feed","Dark Embrace"],"picked":"Demon Form","floor":16},{"not_picked":["Battle Trance","Anger"],"picked":"Sever Soul+1","floor":18},{"not_picked":["Sword Boomerang+1","Entrench","Iron Wave+1"],"picked":"SKIP","floor":19},{"not_picked":["Cleave","Armaments+1","Hemokinesis"],"picked":"SKIP","floor":21},{"not_picked":["Dropkick","Rampage","Thunderclap"],"picked":"SKIP","floor":24},{"not_picked":["Headbutt","Body Slam","Anger"],"picked":"SKIP","floor":28},{"not_picked":["Headbutt+1","Cleave","Iron Wave"],"picked":"SKIP","floor":29},{"not_picked":["Warcry","Twin Strike","Second Wind+1"],"picked":"SKIP","floor":31},{"not_picked":["Bloodletting+1","True Grit+1","Iron Wave"],"picked":"SKIP","floor":35},{"not_picked":["Iron Wave","Headbutt+1"],"picked":"Inflame","floor":36},{"not_picked":["Carnage+1","Warcry","Body Slam"],"picked":"SKIP","floor":38}],"player_experience":3813,"relics_obtained":[{"floor":9,"key":"Self Forming Clay"},{"floor":11,"key":"Odd Mushroom"},{"floor":26,"key":"Blood Vial"}],"event_choices":[{"damage_healed":0,"gold_gain":0,"player_choice":"Got Potions","damage_taken":0,"max_hp_gain":0,"max_hp_loss":0,"event_name":"Lab","floor":3,"gold_loss":0},{"damage_healed":0,"gold_gain":0,"player_choice":"Lose Max HP","damage_taken":0,"relics_obtained":["Golden Idol"],"max_hp_gain":0,"max_hp_loss":6,"event_name":"Golden Idol","floor":10,"gold_loss":0},{"damage_healed":0,"gold_gain":0,"player_choice":"Fought Mushrooms","damage_taken":0,"max_hp_gain":0,"max_hp_loss":0,"event_name":"Mushrooms","floor":11,"gold_loss":0},{"damage_healed":0,"gold_gain":100,"player_choice":"Pray","damage_taken":0,"max_hp_gain":0,"max_hp_loss":0,"event_name":"Golden Shrine","floor":14,"gold_loss":0},{"damage_healed":0,"gold_gain":0,"player_choice":"Upgraded","damage_taken":0,"max_hp_gain":0,"max_hp_loss":0,"event_name":"Upgrade Shrine","floor":20,"gold_loss":0,"cards_upgraded":["Demon Form"]},{"damage_healed":0,"gold_gain":0,"player_choice":"Obtain J.A.X.","damage_taken":0,"max_hp_gain":0,"max_hp_loss":0,"event_name":"Drug Dealer","floor":22,"gold_loss":0,"cards_obtained":["J.A.X."]},{"damage_healed":0,"gold_gain":0,"player_choice":"Read","damage_taken":0,"max_hp_gain":0,"max_hp_loss":0,"event_name":"The Library","floor":27,"gold_loss":0,"cards_obtained":["Seeing Red"]},{"damage_healed":0,"gold_gain":0,"player_choice":"Max HP","damage_taken":0,"max_hp_gain":0,"max_hp_loss":4,"event_name":"Winding Halls","floor":39,"gold_loss":0}],"is_beta":false,"boss_relics":[{"not_picked":["Sozu","Black Star"],"picked":"Velvet Choker"},{"not_picked":["Snecko Eye","Fusion Hammer"],"picked":"Eternal Feather"}],"items_purged_floors":[13,30,37],"is_endless":false,"potions_floor_spawned":[2,5,7,12,16,19,28,31,35],"killed_by":"Transient","ascension_level":0}