{"gold_per_floor":[20,20,35,35,49,80,80,93,120,27,27,27,27,27,27,132,132,146,31,130,176,196,222,222,235,235,235,252,252,283,300,300,300],"floor_reached":33,"playtime":814,"items_purged":["Defend_B"],"score":325,"play_id":"92dd4de8-fb6b-45b6-869d-57233f6fe7c5","local_time":"20180922001507","is_ascension_mode":true,"campfire_choices":[{"data":"Coolheaded","floor":7,"key":"SMITH"},{"floor":11,"key":"REST"},{"data":"Zap","floor":13,"key":"SMITH"},{"data":"Ball Lightning","floor":15,"key":"SMITH"},{"data":"Fission","floor":24,"key":"SMITH"},{"data":"Conserve Battery","floor":29,"key":"SMITH"},{"floor":32,"key":"REST"}],"neow_cost":"NO_GOLD","seed_source_timestamp":22890552475002,"circlet_count":0,"master_deck":["Defend_B","Defend_B","Zap+1","Dualcast","Conserve Battery+1","Ball Lightning+1","Coolheaded+1","Reboot","Fission+1","White Noise","Cold Snap","Capacitor"],"relics":["Cracked Core","PreservedInsect","Dream Catcher","Bronze Scales","Bag of Marbles","Empty Cage","Lantern","Centennial Puzzle","Ancient Tea Set","Blood Vial"],"potions_floor_usage":[6,8],"damage_taken":[{"damage":0,"enemies":"Cultist","floor":1,"turns":4},{"damage":0,"enemies":"Jaw Worm","floor":3,"turns":4},{"damage":0,"enemies":"2 Louse","floor":5,"turns":2},{"damage":38,"enemies":"Gremlin Nob","floor":6,"turns":5},{"damage":19,"enemies":"Gremlin Gang","floor":8,"turns":4},{"damage":26,"enemies":"Hexaghost","floor":16,"turns":10},{"damage":0,"enemies":"Spheric Guardian","floor":18,"turns":3},{"damage":0,"enemies":"Shell Parasite","floor":22,"turns":4},{"damage":6,"enemies":"Book of Stabbing","floor":23,"turns":4},{"damage":2,"enemies":"Centurion and Healer","floor":25,"turns":4},{"damage":4,"enemies":"3 Cultists","floor":28,"turns":4},{"damage":34,"enemies":"Slavers","floor":30,"turns":5},{"damage":11,"enemies":"Snecko","floor":31,"turns":4},{"damage":46,"enemies":"Collector","floor":33,"turns":9}],"seed_played":"517321130466591030","potions_obtained":[{"floor":3,"key":"Swift Potion"},{"floor":5,"key":"SteroidPotion"},{"floor":16,"key":"EssenceOfSteel"},{"floor":18,"key":"SteroidPotion"},{"floor":25,"key":"FocusPotion"}],"is_trial":false,"path_per_floor":["M","?","M","?","M","E","R","M","T","?","R","$","R","T","R","B",null,"M","$","?","T","M","E","R","M","T","?","M","R","E","M","R"],"character_chosen":"DEFECT","items_purchased":["White Noise"],"campfire_rested":2,"item_purchase_floors":[19],"current_hp_per_floor":[75,75,75,75,75,37,37,18,18,18,40,40,40,40,40,14,75,75,75,75,75,75,69,69,67,67,67,63,63,29,20,42,0],"gold":300,"neow_bonus":"REMOVE_TWO","is_prod":false,"is_daily":false,"chose_seed":false,"campfire_upgraded":5,"win_rate":0,"timestamp":1537571707,"path_taken":["M","?","M","?","?","E","R","M","T","?","R","$","R","?","R","BOSS","M","$","?","?","M","E","R","M","T","?","M","R","E","M","R","BOSS"],"build_version":"2018-09-20","purchased_purges":1,"victory":false,"max_hp_per_floor":[75,75,75,75,75,75,75,75,75,75,75,75,75,75,75,75,75,75,75,75,75,75,75,75,75,75,75,75,75,75,75,75,75],"card_choices":[{"not_picked":["Steam","Melter"],"picked":"Conserve Battery","floor":1},{"not_picked":["Gash","Stack"],"picked":"Ball Lightning","floor":3},{"not_picked":["Double Energy","Streamline"],"picked":"Coolheaded","floor":5},{"not_picked":["Force Field","Rebound","Conserve Battery"],"picked":"SKIP","floor":6},{"not_picked":["Stack","Conserve Battery"],"picked":"Reboot","floor":8},{"not_picked":["Amplify","Multi-Cast"],"picked":"Fission","floor":16},{"not_picked":["Melter","Steam","Barrage"],"picked":"SKIP","floor":18},{"not_picked":["Fusion","Skim","Go for the Eyes+1"],"picked":"SKIP","floor":22},{"not_picked":["Rip and Tear","Beam Cell+1","Amplify"],"picked":"SKIP","floor":23},{"not_picked":["Turbo+1","Compile Driver+1","Conserve Battery"],"picked":"SKIP","floor":25},{"not_picked":["Melter","Streamline"],"picked":"Cold Snap","floor":28},{"not_picked":["Gash","Hologram"],"picked":"Capacitor","floor":30},{"not_picked":["Buffer","Sweeping Beam","Steam"],"picked":"SKIP","floor":31}],"player_experience":38561,"relics_obtained":[{"floor":6,"key":"PreservedInsect"},{"floor":9,"key":"Dream Catcher"},{"floor":14,"key":"Bag of Marbles"},{"floor":21,"key":"Lantern"},{"floor":23,"key":"Centennial Puzzle"},{"floor":26,"key":"Ancient Tea Set"},{"floor":30,"key":"Blood Vial"}],"event_choices":[{"event_name":"Living Wall","player_choice":"Forget","floor":2,"damage_taken":0},{"event_name":"Wheel of Change","player_choice":"Curse","floor":4,"damage_taken":0},{"event_name":"WeMeetAgain","player_choice":"Gold","floor":10,"damage_taken":0},{"event_name":"Nest","player_choice":"Stole From Cult","floor":20,"damage_taken":0},{"event_name":"Back to Basics","player_choice":"Elegance","floor":27,"damage_taken":0}],"is_beta":false,"boss_relics":[{"not_picked":["Tiny House","Philosopher\u0027s Stone"],"picked":"Empty Cage"}],"items_purged_floors":[19],"is_endless":false,"potions_floor_spawned":[3,5,16,18,25,30,31],"killed_by":"Collector","ascension_level":3}