{"gold_per_floor":[116,135,151,165,165,165,190,33,33,58,58,68,85,110,110,110],"floor_reached":16,"playtime":766,"items_purged":[],"score":195,"play_id":"8b4036be-c028-4d0d-9309-cb43bc321fb3","local_time":"20181023232257","is_ascension_mode":true,"campfire_choices":[{"data":"Cleave","floor":6,"key":"SMITH"},{"floor":11,"key":"REST"},{"data":"Demon Form","floor":15,"key":"SMITH"}],"neow_cost":"NONE","seed_source_timestamp":2730094642472245,"circlet_count":0,"master_deck":["Strike_R","Strike_R","Strike_R","Strike_R","Defend_R","Defend_R","Defend_R","Defend_R","Bash","AscendersBane","Dark Embrace","Seeing Red","Pommel Strike","Perfected Strike","Cleave+1","Demon Form+1","Dark Embrace","Whirlwind+1","Cleave+1","Battle Trance"],"relics":["Burning Blood","Molten Egg 2","Regal Pillow","Blue Candle","Bag of Marbles","Happy Flower"],"potions_floor_usage":[7,12,16],"damage_taken":[{"damage":10,"enemies":"Cultist","floor":1,"turns":5},{"damage":7,"enemies":"2 Louse","floor":2,"turns":3},{"damage":9,"enemies":"Jaw Worm","floor":3,"turns":4},{"damage":7,"enemies":"Exordium Wildlife","floor":4,"turns":3},{"damage":30,"enemies":"3 Sentries","floor":7,"turns":7},{"damage":20,"enemies":"Lagavulin","floor":10,"turns":5},{"damage":38,"enemies":"Lots of Slimes","floor":12,"turns":4},{"damage":0,"enemies":"Large Slime","floor":13,"turns":3},{"damage":16,"enemies":"Gremlin Nob","floor":14,"turns":3},{"damage":35,"enemies":"Hexaghost","floor":16,"turns":7}],"seed_played":"-3211219072093515697","potions_obtained":[{"floor":1,"key":"PowerPotion"},{"floor":4,"key":"SpeedPotion"},{"floor":7,"key":"Poison Potion"},{"floor":10,"key":"PowerPotion"}],"is_trial":false,"path_per_floor":["M","M","M","M","?","R","E","$","T","E","R","M","M","E","R"],"character_chosen":"IRONCLAD","items_purchased":["Regal Pillow"],"campfire_rested":1,"item_purchase_floors":[8],"current_hp_per_floor":[68,67,64,63,63,63,39,39,39,25,64,32,38,28,28,0],"gold":110,"neow_bonus":"ONE_RANDOM_RARE_CARD","is_prod":false,"is_daily":false,"chose_seed":false,"campfire_upgraded":2,"win_rate":0,"timestamp":1540354977,"path_taken":["M","?","?","M","?","R","E","?","T","E","R","M","M","E","R","BOSS"],"build_version":"2018-10-18","purchased_purges":0,"victory":false,"max_hp_per_floor":[80,80,80,80,80,80,80,80,80,80,80,80,80,80,80,80],"card_choices":[{"not_picked":["Warcry","Sentinel"],"picked":"Seeing Red","floor":1},{"not_picked":["Body Slam","Bloodletting"],"picked":"Pommel Strike","floor":2},{"not_picked":["Cleave","Pommel Strike"],"picked":"Perfected Strike","floor":3},{"not_picked":["Armaments","Flex"],"picked":"Cleave","floor":4},{"not_picked":["Offering","Warcry"],"picked":"Demon Form","floor":7},{"not_picked":["Hemokinesis+1","Rupture"],"picked":"Dark Embrace","floor":10},{"not_picked":["Headbutt+1","Shrug It Off"],"picked":"Whirlwind+1","floor":12},{"not_picked":["Sword Boomerang+1","Inflame"],"picked":"Cleave+1","floor":13},{"not_picked":["Bloodletting","Hemokinesis+1"],"picked":"Battle Trance","floor":14}],"player_experience":403538,"relics_obtained":[{"floor":7,"key":"Molten Egg 2"},{"floor":9,"key":"Blue Candle"},{"floor":10,"key":"Bag of Marbles"},{"floor":14,"key":"Happy Flower"}],"event_choices":[{"cards_removed":["Strike_R"],"damage_healed":0,"gold_gain":0,"player_choice":"Card Removal","damage_taken":0,"max_hp_gain":0,"max_hp_loss":0,"event_name":"Wheel of Change","floor":5,"gold_loss":0}],"is_beta":false,"boss_relics":[],"items_purged_floors":[],"is_endless":false,"potions_floor_spawned":[1,4,7,10],"killed_by":"Hexaghost","ascension_level":12}