{"gold_per_floor":[110,110,35,35,35,35,63,76,158,158,174,174,192,205,205,299,299,319,141,162,181,181,181,195,195,195,195,214,214,6,25,25,121,121,141,164,83,416,416,416,449,449,449,449,449,463,463,481,481,481],"floor_reached":51,"playtime":1464,"items_purged":["Strike_G","Strike_G","Decay"],"score":1155,"play_id":"ffd409e8-51da-44c3-95e4-a478e76598eb","local_time":"20181228053139","is_ascension_mode":true,"campfire_choices":[{"data":"Sucker Punch","floor":6,"key":"SMITH"},{"data":"Dagger Throw","floor":12,"key":"SMITH"},{"floor":15,"key":"REST"},{"data":"Deadly Poison","floor":23,"key":"SMITH"},{"data":"Backflip","floor":25,"key":"SMITH"},{"data":"Neutralize","floor":27,"key":"SMITH"},{"floor":32,"key":"REST"},{"data":"Catalyst","floor":40,"key":"SMITH"},{"floor":42,"key":"REST"},{"floor":47,"key":"REST"},{"floor":49,"key":"RECALL"}],"neow_cost":"NONE","seed_source_timestamp":24138686718658,"circlet_count":0,"master_deck":["AscendersBane","Defend_G+1","Defend_G+1","Defend_G+1","Survivor+1","Neutralize+1","Backflip+1","Sucker Punch+1","Deflect+1","Dagger Throw+1","Deadly Poison+1","Deadly Poison+1","Adrenaline+1","Footwork+1","Noxious Fumes+1","Noxious Fumes+1","Dark Shackles+1","Tools of the Trade+1","Catalyst+1"],"relics":["Ring of the Snake","Frozen Egg 2","Mercury Hourglass","Cursed Key","Shuriken","Empty Cage","Potion Belt","Mark of the Bloom"],"potions_floor_usage":[28,28,33,33,41,41,50],"damage_taken":[{"damage":0,"enemies":"2 Louse","floor":1,"turns":3},{"damage":38,"enemies":"Gremlin Nob","floor":7,"turns":6},{"damage":0,"enemies":"Cultist","floor":8,"turns":5},{"damage":0,"enemies":"Jaw Worm","floor":11,"turns":5},{"damage":0,"enemies":"Blue Slaver","floor":13,"turns":3},{"damage":6,"enemies":"3 Louse","floor":14,"turns":3},{"damage":9,"enemies":"Hexaghost","floor":16,"turns":8},{"damage":7,"enemies":"Spheric Guardian","floor":18,"turns":4},{"damage":0,"enemies":"Shell Parasite","floor":20,"turns":5},{"damage":0,"enemies":"Snake Plant","floor":21,"turns":5},{"damage":0,"enemies":"Cultist and Chosen","floor":24,"turns":5},{"damage":20,"enemies":"Snecko","floor":28,"turns":6},{"damage":3,"enemies":"Centurion and Healer","floor":31,"turns":5},{"damage":14,"enemies":"Champ","floor":33,"turns":11},{"damage":0,"enemies":"Orb Walker","floor":35,"turns":4},{"damage":0,"enemies":"3 Shapes","floor":36,"turns":5},{"damage":15,"enemies":"Reptomancer","floor":41,"turns":7},{"damage":0,"enemies":"Maw","floor":46,"turns":7},{"damage":0,"enemies":"Writhing Mass","floor":48,"turns":4},{"damage":53,"enemies":"Awakened One","floor":50,"turns":17}],"seed_played":"-7184360965814887606","potions_obtained":[{"floor":11,"key":"SmokeBomb"},{"floor":13,"key":"SpeedPotion"},{"floor":14,"key":"PowerPotion"},{"floor":31,"key":"EntropicBrew"},{"floor":33,"key":"Swift Potion"},{"floor":35,"key":"Poison Potion"},{"floor":46,"key":"AttackPotion"}],"is_trial":false,"path_per_floor":["M","?","$","?","$","R","E","M","T","?","M","R","M","M","R","B",null,"M","$","M","M","?","R","M","R","T","R","M","?","$","M","R","B",null,"M","M","$","?","?","R","E","R","T","?","T","M","R","M","R","B",null],"character_chosen":"THE_SILENT","items_purchased":["Noxious Fumes+1","Dark Shackles","Catalyst"],"campfire_rested":4,"item_purchase_floors":[19,30,37],"current_hp_per_floor":[59,59,59,52,52,52,14,14,14,14,14,14,14,8,26,17,50,43,43,43,43,43,43,43,43,43,43,23,23,23,20,38,24,52,52,52,52,52,52,52,37,55,55,55,55,55,55,55,55,2],"gold":481,"neow_bonus":"TRANSFORM_CARD","is_prod":false,"is_daily":false,"chose_seed":false,"campfire_upgraded":6,"win_rate":0,"timestamp":1545975099,"path_taken":["M","?","?","?","?","R","E","M","T","?","M","R","M","M","R","BOSS","M","$","M","M","?","R","M","R","T","R","?","?","$","M","R","BOSS","M","M","$","?","?","R","E","R","T","?","?","?","R","M","R","BOSS"],"build_version":"2018-12-20","purchased_purges":3,"victory":true,"max_hp_per_floor":[66,66,66,66,66,66,66,66,66,61,61,61,61,61,61,61,61,61,61,61,61,61,61,61,61,61,61,61,61,61,61,61,61,61,61,61,61,61,61,61,61,61,61,61,61,61,61,61,61,61],"card_choices":[{"not_picked":["Acrobatics","Accuracy"],"picked":"Sucker Punch","floor":1},{"not_picked":["Dodge and Roll","Expertise","Bane"],"picked":"SKIP","floor":7},{"not_picked":["Skewer","Dagger Throw"],"picked":"Deflect","floor":8},{"not_picked":["Expertise","Backflip"],"picked":"Dagger Throw","floor":11},{"not_picked":["Backflip","Prepared"],"picked":"Deadly Poison","floor":13},{"not_picked":["Blur","Caltrops+1"],"picked":"Deadly Poison","floor":14},{"not_picked":["A Thousand Cuts+1","Malaise"],"picked":"Adrenaline","floor":16},{"not_picked":["Prepared","Dagger Spray"],"picked":"Footwork+1","floor":18},{"not_picked":["PiercingWail","Riddle With Holes"],"picked":"Noxious Fumes+1","floor":20},{"not_picked":["Flying Knee","Skewer","Quick Slash"],"picked":"SKIP","floor":21},{"not_picked":["Deadly Poison","Sucker Punch","Poisoned Stab"],"picked":"SKIP","floor":24},{"not_picked":["Blade Dance","Sucker Punch","Flechettes"],"picked":"SKIP","floor":28},{"not_picked":["Cloak And Dagger","Dagger Spray+1","All Out Attack"],"picked":"SKIP","floor":31},{"not_picked":["Unload","Wraith Form v2+1"],"picked":"Tools of the Trade+1","floor":33},{"not_picked":["Prepared+1","Masterful Stab","Tactician+1"],"picked":"SKIP","floor":35},{"not_picked":["Dodge and Roll","Distraction+1","Dagger Spray+1"],"picked":"SKIP","floor":36},{"not_picked":["Setup","Choke","Dagger Spray"],"picked":"SKIP","floor":41},{"not_picked":["Slice","Storm of Steel","Backflip"],"picked":"SKIP","floor":46},{"not_picked":["Flying Knee","Choke","Infinite Blades+1"],"picked":"SKIP","floor":48}],"player_experience":316711,"relics_obtained":[{"floor":7,"key":"Frozen Egg 2"},{"floor":9,"key":"Mercury Hourglass"},{"floor":26,"key":"Shuriken"},{"floor":41,"key":"Potion Belt"}],"event_choices":[{"cards_removed":["Defend_G"],"damage_healed":0,"gold_gain":0,"player_choice":"Offered Basic","damage_taken":0,"max_hp_gain":0,"max_hp_loss":0,"event_name":"Bonfire Elementals","floor":2,"gold_loss":0},{"cards_removed":["Strike_G"],"damage_healed":0,"gold_gain":0,"player_choice":"Card Removal","damage_taken":7,"max_hp_gain":0,"max_hp_loss":0,"event_name":"Golden Wing","floor":4,"gold_loss":0},{"damage_healed":0,"gold_gain":0,"player_choice":"Lose Max HP","damage_taken":0,"relics_obtained":["Golden Idol"],"max_hp_gain":0,"max_hp_loss":5,"event_name":"Golden Idol","floor":10,"gold_loss":0},{"damage_healed":0,"gold_gain":0,"player_choice":"Forge","damage_taken":0,"max_hp_gain":0,"max_hp_loss":0,"event_name":"Accursed Blacksmith","floor":22,"gold_loss":0,"cards_upgraded":["Deadly Poison"]},{"damage_healed":0,"gold_gain":0,"player_choice":"Ignored","damage_taken":0,"max_hp_gain":0,"max_hp_loss":0,"event_name":"The Mausoleum","floor":29,"gold_loss":0},{"damage_healed":0,"gold_gain":333,"player_choice":"Gave Idol","damage_taken":0,"max_hp_gain":0,"max_hp_loss":0,"event_name":"The Moai Head","floor":38,"relics_lost":["Golden Idol"],"gold_loss":0},{"damage_healed":0,"gold_gain":0,"player_choice":"Ignored","damage_taken":0,"max_hp_gain":0,"max_hp_loss":0,"event_name":"Mysterious Sphere","floor":39,"gold_loss":0},{"damage_healed":0,"gold_gain":0,"player_choice":"Upgrade","damage_taken":0,"relics_obtained":["Mark of the Bloom"],"max_hp_gain":0,"max_hp_loss":0,"event_name":"MindBloom","floor":44,"gold_loss":0,"cards_upgraded":["Defend_G","Defend_G","Defend_G","Survivor","Deflect","Adrenaline","Dark Shackles"]}],"is_beta":false,"boss_relics":[{"not_picked":["Lizard Tail","WristBlade"],"picked":"Cursed Key"},{"not_picked":["Pandora\u0027s Box","Tiny House"],"picked":"Empty Cage"}],"items_purged_floors":[3,19,30],"is_endless":false,"potions_floor_spawned":[11,13,14,18,21,31,33,35,36,46],"ascension_level":14}