{"gold_per_floor":[110,110,126,139,152,182,107,107,107,135,235,235],"floor_reached":12,"playtime":399,"items_purged":["Strike_G"],"score":167,"play_id":"1631d3e8-beed-4107-8edc-f3712b282467","local_time":"20190116225613","is_ascension_mode":true,"campfire_choices":[{"floor":8,"key":"REST"}],"neow_cost":"NONE","seed_source_timestamp":16047009342258,"circlet_count":0,"master_deck":["AscendersBane","Defend_G","Defend_G","Defend_G","Defend_G","Defend_G","Strike_G","Strike_G","Strike_G","Strike_G","Survivor","Neutralize+1","Cloak And Dagger+1","Crippling Poison","Catalyst","Dodge and Roll","Poisoned Stab"],"relics":["Ring of the Snake","Gambling Chip","Turnip","Unceasing Top"],"potions_floor_usage":[6],"damage_taken":[{"damage":6,"enemies":"2 Louse","floor":1,"turns":4},{"damage":2,"enemies":"Cultist","floor":3,"turns":5},{"damage":0,"enemies":"Small Slimes","floor":4,"turns":3},{"damage":4,"enemies":"2 Fungi Beasts","floor":5,"turns":3},{"damage":23,"enemies":"Lagavulin","floor":6,"turns":7},{"damage":35,"enemies":"3 Sentries","floor":10,"turns":18},{"damage":8,"enemies":"Exordium Thugs","floor":12,"turns":5}],"seed_played":"-8669920088876947990","potions_obtained":[{"floor":3,"key":"Poison Potion"},{"floor":10,"key":"Dexterity Potion"}],"is_trial":false,"path_per_floor":["M","?","M","M","M","E","$","R","T","E","?","M"],"character_chosen":"THE_SILENT","items_purchased":[],"campfire_rested":1,"item_purchase_floors":[],"current_hp_per_floor":[53,53,51,51,47,24,24,43,43,8,8,0],"gold":235,"neow_bonus":"UPGRADE_CARD","is_prod":false,"is_daily":false,"chose_seed":false,"campfire_upgraded":0,"win_rate":0,"timestamp":1547679373,"path_taken":["M","?","?","M","M","E","$","R","T","E","?","?"],"build_version":"2019-01-10","purchased_purges":1,"victory":false,"max_hp_per_floor":[66,66,66,66,66,66,66,66,66,66,66,66],"card_choices":[{"not_picked":["Flying Knee","Tactician"],"picked":"Cloak And Dagger","floor":1},{"not_picked":["Bouncing Flask","Flying Knee"],"picked":"Crippling Poison","floor":3},{"not_picked":["Underhanded Strike","Outmaneuver"],"picked":"Catalyst","floor":4},{"not_picked":["Eviscerate","Setup"],"picked":"Dodge and Roll","floor":5},{"not_picked":["Flechettes","Reflex","Eviscerate"],"picked":"SKIP","floor":6},{"not_picked":["Blade Dance","Bane"],"picked":"Poisoned Stab","floor":10}],"player_experience":398473,"relics_obtained":[{"floor":6,"key":"Gambling Chip"},{"floor":9,"key":"Turnip"},{"floor":10,"key":"Unceasing Top"}],"event_choices":[{"damage_healed":0,"gold_gain":0,"player_choice":"Forge","damage_taken":0,"max_hp_gain":0,"max_hp_loss":0,"event_name":"Accursed Blacksmith","floor":2,"gold_loss":0,"cards_upgraded":["Cloak And Dagger"]},{"damage_healed":0,"gold_gain":100,"player_choice":"Gold","damage_taken":0,"max_hp_gain":0,"max_hp_loss":0,"event_name":"Wheel of Change","floor":11,"gold_loss":0}],"is_beta":false,"boss_relics":[],"items_purged_floors":[7],"is_endless":false,"potions_floor_spawned":[3,10],"killed_by":"Exordium Thugs","ascension_level":18}