{"gold_per_floor":[13,26,40,40,40,40,40,71,71,71,84,84,145,62,62,62],"floor_reached":16,"playtime":762,"items_purged":[],"score":186,"play_id":"f5d64c7a-458a-441b-b448-0573ec26d7dd","local_time":"20190122113138","is_ascension_mode":true,"campfire_choices":[{"floor":6,"key":"REST"},{"data":"Anger","floor":10,"key":"SMITH"},{"data":"Bash","floor":12,"key":"SMITH"},{"data":"Metallicize","floor":15,"key":"SMITH"}],"neow_cost":"NO_GOLD","seed_source_timestamp":1014979789257606,"circlet_count":0,"master_deck":["AscendersBane","Strike_R","Strike_R","Strike_R","Strike_R+1","Strike_R","Defend_R","Defend_R","Defend_R","Defend_R","Bash+1","Dark Shackles","Panacea+1","Anger+1","Iron Wave","Headbutt","Metallicize+1"],"relics":["Burning Blood","Golden Idol","Blue Candle","Potion Belt"],"potions_floor_usage":[8],"damage_taken":[{"damage":2,"enemies":"Jaw Worm","floor":1,"turns":5},{"damage":7,"enemies":"2 Louse","floor":2,"turns":3},{"damage":15,"enemies":"Small Slimes","floor":3,"turns":5},{"damage":36,"enemies":"Lagavulin","floor":8,"turns":6},{"damage":2,"enemies":"Looter","floor":11,"turns":3},{"damage":37,"enemies":"The Guardian","floor":16,"turns":9}],"seed_played":"4227307631606895007","potions_obtained":[{"floor":1,"key":"Energy Potion"}],"is_trial":false,"path_per_floor":["M","M","M","?","?","R","?","E","T","R","M","R","?","$","R","B"],"character_chosen":"IRONCLAD","items_purchased":["Metallicize"],"campfire_rested":1,"item_purchase_floors":[14],"current_hp_per_floor":[72,71,62,36,13,35,60,30,30,30,34,34,34,34,34,0],"gold":62,"neow_bonus":"RANDOM_COLORLESS_2","is_prod":false,"is_daily":false,"chose_seed":false,"campfire_upgraded":3,"win_rate":0,"timestamp":1548185498,"path_taken":["M","M","M","?","?","R","?","E","T","R","M","R","?","$","R","BOSS"],"build_version":"2019-01-17v2","purchased_purges":0,"victory":false,"max_hp_per_floor":[75,75,75,75,75,75,75,75,75,75,75,75,75,75,75,75],"card_choices":[{"not_picked":["Warcry","Twin Strike","Second Wind"],"picked":"SKIP","floor":1},{"not_picked":["Hemokinesis","Heavy Blade"],"picked":"Anger","floor":2},{"not_picked":["Power Through","Clash"],"picked":"Iron Wave","floor":3},{"not_picked":["Second Wind","Clash"],"picked":"Headbutt","floor":8},{"not_picked":["Clash","Flex","Twin Strike"],"picked":"SKIP","floor":11}],"player_experience":468199,"relics_obtained":[{"floor":8,"key":"Blue Candle"},{"floor":9,"key":"Potion Belt"}],"event_choices":[{"damage_healed":0,"gold_gain":0,"player_choice":"Take Damage","damage_taken":26,"relics_obtained":["Golden Idol"],"max_hp_gain":0,"max_hp_loss":0,"event_name":"Golden Idol","floor":4,"gold_loss":0},{"damage_healed":0,"gold_gain":0,"player_choice":"Entered Light","damage_taken":23,"max_hp_gain":0,"max_hp_loss":0,"event_name":"Shining Light","floor":5,"gold_loss":0,"cards_upgraded":["Strike_R","Panacea"]},{"damage_healed":25,"gold_gain":0,"player_choice":"Banana","damage_taken":0,"max_hp_gain":0,"max_hp_loss":0,"event_name":"Big Fish","floor":7,"gold_loss":0},{"damage_healed":0,"gold_gain":61,"player_choice":"Gained Gold","damage_taken":0,"max_hp_gain":0,"max_hp_loss":0,"event_name":"Golden Wing","floor":13,"gold_loss":0}],"is_beta":false,"boss_relics":[],"items_purged_floors":[],"is_endless":false,"potions_floor_spawned":[1],"killed_by":"The Guardian","ascension_level":18}