{"gold_per_floor":[118,136,81,8,8,8,34,34,34,68,85,102,102,118,118,217,217,230,249,265,50,50,84,101,130,130,130,6,6,6,38,50,161,173,204,271,297,320,343,388,96,96,96,123,133,162,182,195,195,195,195,195,16,41,41],"floor_reached":56,"playtime":4722,"items_purged":["Strike_B","Defend_B"],"score":1460,"play_id":"ef7a4aeb-52cb-43e6-b988-5ac28ce7a057","local_time":"20190202202307","is_ascension_mode":true,"campfire_choices":[{"data":"Consume","floor":6,"key":"SMITH"},{"floor":8,"key":"RECALL"},{"data":"Zap","floor":13,"key":"SMITH"},{"data":"Dualcast","floor":15,"key":"SMITH"},{"floor":27,"key":"REST"},{"data":"Echo Form","floor":29,"key":"SMITH"},{"data":"Loop","floor":32,"key":"SMITH"},{"data":"Defragment","floor":49,"key":"SMITH"},{"data":"Capacitor","floor":52,"key":"SMITH"}],"neow_cost":"NONE","seed_source_timestamp":103557534188196,"circlet_count":0,"master_deck":["Zap+1","Dualcast+1","Coolheaded","Consume+1","Ball Lightning","Hologram+1","Conserve Battery+1","Seek+1","Echo Form+1","Conserve Battery+1","Glacier+1","Chill+1","Loop+1","Go for the Eyes+1","Go for the Eyes","Conserve Battery+1","Leap+1","Bite+1","Bite","Bite+1","Bite","Bite","Machine Learning","Electrodynamics+1","Reinforced Body+1","Ball Lightning+1","Compile Driver+1","Capacitor+1","Reinforced Body+1","Hologram+1","Madness+1","Madness+1","Defragment+1","Loop+1","Glacier+1","Coolheaded+1"],"relics":["Cracked Core","NeowsBlessing","Toxic Egg 2","Singing Bowl","Boot","Black Star","Strawberry","StoneCalendar","Symbiotic Virus","Omamori","Centennial Puzzle","Blue Candle","MawBank","Art of War","Astrolabe","Dead Branch","Blood Vial","Pantograph","Anchor","Whetstone","Ancient Tea Set","Letter Opener","Dodecahedron","Orichalcum","Gambling Chip","Pen Nib"],"potions_floor_usage":[10,10,12,19,23,23,25,38,44,46,50,50,55,55,55],"damage_taken":[{"damage":0,"enemies":"Jaw Worm","floor":1,"turns":1},{"damage":0,"enemies":"Cultist","floor":2,"turns":1},{"damage":0,"enemies":"Gremlin Nob","floor":7,"turns":1},{"damage":9,"enemies":"3 Sentries","floor":10,"turns":5},{"damage":6,"enemies":"2 Louse","floor":11,"turns":2},{"damage":13,"enemies":"Large Slime","floor":12,"turns":6},{"damage":0,"enemies":"Exordium Thugs","floor":14,"turns":4},{"damage":11,"enemies":"Slime Boss","floor":16,"turns":6},{"damage":20,"enemies":"Spheric Guardian","floor":18,"turns":4},{"damage":3,"enemies":"Shell Parasite","floor":19,"turns":6},{"damage":1,"enemies":"Snake Plant","floor":20,"turns":6},{"damage":7,"enemies":"Book of Stabbing","floor":23,"turns":6},{"damage":24,"enemies":"Cultist and Chosen","floor":24,"turns":7},{"damage":36,"enemies":"Slavers","floor":25,"turns":7},{"damage":0,"enemies":"Gremlin Leader","floor":31,"turns":7},{"damage":38,"enemies":"Champ","floor":33,"turns":17},{"damage":0,"enemies":"3 Shapes","floor":35,"turns":5},{"damage":24,"enemies":"2 Orb Walkers","floor":36,"turns":6},{"damage":9,"enemies":"3 Darklings","floor":37,"turns":3},{"damage":13,"enemies":"Writhing Mass","floor":38,"turns":5},{"damage":1,"enemies":"4 Shapes","floor":39,"turns":4},{"damage":21,"enemies":"Nemesis","floor":40,"turns":9},{"damage":33,"enemies":"Giant Head","floor":44,"turns":12},{"damage":3,"enemies":"Sphere and 2 Shapes","floor":45,"turns":5},{"damage":5,"enemies":"Reptomancer","floor":46,"turns":5},{"damage":17,"enemies":"Writhing Mass","floor":47,"turns":7},{"damage":16,"enemies":"3 Darklings","floor":48,"turns":5},{"damage":25,"enemies":"Awakened One","floor":50,"turns":11},{"damage":24,"enemies":"Shield and Spear","floor":54,"turns":7},{"damage":73,"enemies":"The Heart","floor":55,"turns":11}],"seed_played":"-1929539023655187611","potions_obtained":[{"floor":1,"key":"Block Potion"},{"floor":7,"key":"FocusPotion"},{"floor":10,"key":"Block Potion"},{"floor":12,"key":"EssenceOfSteel"},{"floor":20,"key":"Regen Potion"},{"floor":23,"key":"Explosive Potion"},{"floor":31,"key":"Ancient Potion"},{"floor":33,"key":"Block Potion"},{"floor":36,"key":"Regen Potion"},{"floor":39,"key":"SpeedPotion"},{"floor":45,"key":"Fire Potion"},{"floor":47,"key":"PowerPotion"},{"floor":54,"key":"SteroidPotion"}],"is_trial":false,"path_per_floor":["M","M","?","$","$","R","E","R","T","E","M","M","R","M","R","B",null,"M","M","M","$","?","E","M","E","T","R","$","R","?","E","R","B",null,"M","?","M","M","M","E","$","?","T","E","M","E","M","M","R","B",null,"R","$","E","B",null],"character_chosen":"DEFECT","items_purchased":["Hologram+1","Fire Potion","Loop","Strawberry","Leap+1","Anchor","Hologram+1","Glacier+1","Coolheaded+1","Weak Potion"],"campfire_rested":1,"item_purchase_floors":[4,4,21,21,28,41,41,53,53,53],"current_hp_per_floor":[75,75,75,75,75,75,75,75,75,66,62,49,49,49,49,38,77,57,54,53,60,65,72,48,12,12,37,37,37,37,47,47,36,60,62,46,41,48,55,48,48,40,40,27,35,44,40,35,35,70,72,72,72,63,19],"gold":41,"neow_bonus":"THREE_ENEMY_KILL","is_prod":false,"is_daily":false,"chose_seed":false,"campfire_upgraded":7,"win_rate":0,"timestamp":1549167787,"path_taken":["M","M","?","?","$","R","E","R","T","E","M","M","R","?","R","BOSS","M","?","M","$","?","E","M","E","T","R","?","R","?","E","R","BOSS","M","?","M","M","M","E","$","?","T","E","M","E","M","M","R","BOSS","R","$","E","BOSS"],"build_version":"2019-01-23","purchased_purges":2,"victory":true,"max_hp_per_floor":[75,75,75,75,75,75,75,75,75,75,77,77,77,77,77,77,77,77,77,77,84,84,84,84,84,84,84,84,84,58,60,60,60,60,62,64,64,66,66,66,66,66,66,68,70,70,72,72,72,72,72,72,72,74,74],"card_choices":[{"not_picked":["Storm","Go for the Eyes"],"picked":"Coolheaded","floor":1},{"not_picked":["Coolheaded","Beam Cell"],"picked":"Consume","floor":2},{"not_picked":["Chaos+1","Scrape"],"picked":"Ball Lightning","floor":7},{"not_picked":["Scrape","Recycle+1"],"picked":"Hologram+1","floor":10},{"not_picked":["Sweeping Beam","Compile Driver","Tempest+1"],"picked":"Singing Bowl","floor":11},{"not_picked":["Double Energy+1","Rebound"],"picked":"Conserve Battery+1","floor":12},{"not_picked":["Hologram+1","Sweeping Beam"],"picked":"Seek+1","floor":14},{"not_picked":["Seek+1","Creative AI"],"picked":"Echo Form","floor":16},{"not_picked":["Gash","Sweeping Beam"],"picked":"Conserve Battery+1","floor":18},{"not_picked":["Static Discharge+1","Ball Lightning"],"picked":"Glacier+1","floor":19},{"not_picked":["Rip and Tear","Streamline"],"picked":"Chill+1","floor":20},{"not_picked":["Fusion+1","Static Discharge"],"picked":"Go for the Eyes+1","floor":23},{"not_picked":["Stack+1","Rebound"],"picked":"Go for the Eyes","floor":24},{"not_picked":["Rebound+1","Beam Cell"],"picked":"Conserve Battery+1","floor":25},{"not_picked":["Darkness+1","Gash+1","Stack+1"],"picked":"Singing Bowl","floor":31},{"not_picked":["Reboot+1","Meteor Strike"],"picked":"Machine Learning","floor":33},{"not_picked":["Hologram+1","Redo+1","Stack+1"],"picked":"Singing Bowl","floor":35},{"not_picked":["Rebound","Go for the Eyes","Lockon+1"],"picked":"Singing Bowl","floor":36},{"not_picked":["Steam+1","Consume+1"],"picked":"Compile Driver+1","floor":37},{"not_picked":["Beam Cell","Stack+1","Compile Driver+1"],"picked":"Singing Bowl","floor":38},{"not_picked":["Barrage","Ball Lightning+1"],"picked":"Capacitor","floor":39},{"not_picked":["Machine Learning","Barrage+1"],"picked":"Reinforced Body+1","floor":40},{"not_picked":["Barrage","Doom and Gloom+1","Undo+1"],"picked":"Singing Bowl","floor":44},{"not_picked":["Turbo+1","Undo+1","Sweeping Beam+1"],"picked":"Singing Bowl","floor":45},{"not_picked":["Auto Shields+1","Beam Cell"],"picked":"Defragment","floor":46},{"not_picked":["Stack+1","Heatsinks+1","Turbo+1"],"picked":"Singing Bowl","floor":47},{"not_picked":["Reprogram+1","Sweeping Beam+1"],"picked":"Loop+1","floor":48},{"not_picked":["Fusion+1","Hyperbeam","Doom and Gloom+1"],"picked":"Singing Bowl","floor":54}],"player_experience":245795,"relics_obtained":[{"floor":7,"key":"Singing Bowl"},{"floor":10,"key":"Boot"},{"floor":23,"key":"StoneCalendar"},{"floor":23,"key":"Symbiotic Virus"},{"floor":25,"key":"Omamori"},{"floor":25,"key":"Centennial Puzzle"},{"floor":26,"key":"Blue Candle"},{"floor":31,"key":"MawBank"},{"floor":31,"key":"Art of War"},{"floor":36,"key":"Dead Branch"},{"floor":40,"key":"Blood Vial"},{"floor":40,"key":"Pantograph"},{"floor":43,"key":"Whetstone"},{"floor":44,"key":"Ancient Tea Set"},{"floor":44,"key":"Letter Opener"},{"floor":46,"key":"Dodecahedron"},{"floor":46,"key":"Orichalcum"},{"floor":54,"key":"Gambling Chip"},{"floor":54,"key":"Pen Nib"}],"event_choices":[{"damage_healed":0,"gold_gain":0,"player_choice":"Paid Gold","damage_taken":0,"relics_obtained":["Toxic Egg 2"],"max_hp_gain":0,"max_hp_loss":0,"event_name":"WeMeetAgain","floor":3,"gold_loss":55},{"cards_removed":["Hologram"],"damage_healed":5,"gold_gain":0,"player_choice":"Offered Common","damage_taken":0,"max_hp_gain":0,"max_hp_loss":0,"event_name":"Bonfire Elementals","floor":22,"gold_loss":0},{"cards_removed":["Hologram"],"damage_healed":5,"gold_gain":0,"player_choice":"Offered Special","damage_taken":0,"max_hp_gain":0,"max_hp_loss":0,"event_name":"Bonfire Elementals","floor":22,"gold_loss":0},{"damage_healed":0,"gold_gain":0,"player_choice":"Became a vampire","damage_taken":0,"max_hp_gain":0,"max_hp_loss":26,"event_name":"Vampires","floor":30,"gold_loss":0,"cards_obtained":["Bite","Bite","Bite","Bite","Bite"]},{"damage_healed":0,"gold_gain":0,"player_choice":"Fight","damage_taken":0,"max_hp_gain":0,"max_hp_loss":0,"event_name":"Mysterious Sphere","floor":36,"gold_loss":0},{"damage_healed":0,"gold_gain":0,"player_choice":"Embrace Madness","damage_taken":8,"max_hp_gain":0,"max_hp_loss":0,"event_name":"Winding Halls","floor":42,"gold_loss":0,"cards_obtained":["Madness","Madness"]}],"is_beta":false,"boss_relics":[{"not_picked":["Lizard Tail","Snecko Eye"],"picked":"Black Star"},{"not_picked":["Tiny House","Pandora\u0027s Box"],"picked":"Astrolabe"}],"items_purged_floors":[28,41],"is_endless":false,"potions_floor_spawned":[1,7,10,12,20,23,31,33,36,37,39,45,47,54],"ascension_level":1}