{"gold_per_floor":[117,117,117,136,211,211,237,251,251,211,230,230,249,263,263,368,368,368,368,118,118,118,118,118,118,118,118,118,118,118,23,23,23,23,23,23,23,23,23,23,23,23,23,23,23,23,23,23,23,23],"floor_reached":50,"playtime":20859,"items_purged":["Regret"],"score":585,"play_id":"29c42954-f737-4d74-a066-cf96b5917ef7","local_time":"20190113221158","is_ascension_mode":false,"campfire_choices":[{"floor":6,"key":"REST"},{"data":"Rampage","floor":12,"key":"SMITH"},{"floor":15,"key":"REST"},{"data":"Anger","floor":23,"key":"SMITH"},{"floor":32,"key":"REST"},{"data":"Demon Form","floor":41,"key":"SMITH"},{"floor":46,"key":"REST"},{"floor":49,"key":"REST"}],"neow_cost":"","seed_source_timestamp":394643662130671,"circlet_count":0,"master_deck":["Strike_R","Strike_R","Strike_R","Strike_R","Strike_R","Defend_R+1","Defend_R+1","Defend_R","Defend_R","Bash","Pommel Strike","Rampage+1","Power Through","Rage","True Grit","Cleave","Hemokinesis","Demon Form+1","Thunderclap+1","Shockwave+1","Anger+1","Pommel Strike","Heavy Blade+1","Shrug It Off+1","Uppercut","Warcry+1","Fire Breathing+1","Bandage Up","Double Tap","Fire Breathing","Combust","Feel No Pain","Twin Strike+1","Fire Breathing+1","Headbutt+1","Carnage+1","Metallicize","Reaper","Armaments+1","Panache","Clothesline+1"],"relics":["Burning Blood","Gremlin Horn","Question Card","Pocketwatch","FossilizedHelix","Ectoplasm","War Paint","Old Coin","Bottled Flame","Lantern","Nilry\u0027s Codex","Snecko Eye","Thread and Needle","Kunai","Toxic Egg 2","Dream Catcher"],"potions_floor_usage":[7,10,10,16,16,27,33,50,50,50],"damage_taken":[{"damage":5,"enemies":"Small Slimes","floor":1,"turns":3},{"damage":16,"enemies":"Jaw Worm","floor":4,"turns":3},{"damage":48,"enemies":"Lagavulin","floor":7,"turns":7},{"damage":6,"enemies":"2 Louse","floor":8,"turns":3},{"damage":2,"enemies":"Lots of Slimes","floor":11,"turns":5},{"damage":0,"enemies":"Blue Slaver","floor":13,"turns":3},{"damage":0,"enemies":"Red Slaver","floor":14,"turns":2},{"damage":74,"enemies":"The Guardian","floor":16,"turns":10},{"damage":9,"enemies":"3 Byrds","floor":18,"turns":6},{"damage":3,"enemies":"Chosen","floor":19,"turns":4},{"damage":13,"enemies":"Shelled Parasite and Fungi","floor":21,"turns":5},{"damage":10,"enemies":"Cultist and Chosen","floor":24,"turns":4},{"damage":23,"enemies":"Snake Plant","floor":25,"turns":4},{"damage":0,"enemies":"Sentry and Sphere","floor":27,"turns":4},{"damage":51,"enemies":"Gremlin Leader","floor":28,"turns":5},{"damage":11,"enemies":"Shelled Parasite and Fungi","floor":29,"turns":5},{"damage":4,"enemies":"Champ","floor":33,"turns":10},{"damage":5,"enemies":"3 Shapes","floor":35,"turns":2},{"damage":3,"enemies":"Orb Walker","floor":36,"turns":2},{"damage":16,"enemies":"Spire Growth","floor":37,"turns":4},{"damage":4,"enemies":"Maw","floor":38,"turns":6},{"damage":9,"enemies":"4 Shapes","floor":39,"turns":4},{"damage":6,"enemies":"Giant Head","floor":40,"turns":7},{"damage":22,"enemies":"Spire Growth","floor":42,"turns":5},{"damage":39,"enemies":"Reptomancer","floor":44,"turns":5},{"damage":36,"enemies":"Transient","floor":45,"turns":5},{"damage":16,"enemies":"Nemesis","floor":47,"turns":5},{"damage":71,"enemies":"Awakened One","floor":50,"turns":5}],"seed_played":"-4355801851026492411","potions_obtained":[{"floor":1,"key":"Dexterity Potion"},{"floor":10,"key":"Fruit Juice"},{"floor":10,"key":"Fruit Juice"},{"floor":10,"key":"BloodPotion"},{"floor":11,"key":"Strength Potion"},{"floor":18,"key":"FairyPotion"},{"floor":25,"key":"Ancient Potion"},{"floor":29,"key":"PowerPotion"},{"floor":36,"key":"SteroidPotion"},{"floor":38,"key":"Dexterity Potion"},{"floor":44,"key":"Dexterity Potion"},{"floor":45,"key":"GamblersBrew"},{"floor":47,"key":"Energy Potion"}],"is_trial":false,"path_per_floor":["M","?","T","M","?","R","E","M","T","?","M","R","M","M","R","B",null,"M","M","$","M","?","R","M","M","T","M","E","M","?","$","R","B",null,"M","M","M","M","M","E","R","M","T","E","M","R","E","?","R","B"],"character_chosen":"IRONCLAD","items_purchased":["Anger","War Paint","Bandage Up"],"campfire_rested":5,"item_purchase_floors":[20,20,31],"current_hp_per_floor":[80,80,80,70,59,80,38,38,38,48,52,52,58,64,90,31,90,87,90,90,83,83,83,79,62,62,68,23,18,2,2,29,35,90,90,90,84,90,87,90,90,78,78,45,19,46,36,36,63,0],"gold":23,"neow_bonus":"","is_prod":false,"is_daily":false,"chose_seed":false,"campfire_upgraded":3,"win_rate":0.0,"timestamp":1547435518,"path_taken":["M","?","?","M","?","R","E","?","T","?","M","R","M","M","R","BOSS","M","M","?","M","?","R","M","M","T","?","E","?","?","?","R","BOSS","M","?","M","M","M","E","R","M","T","E","?","R","E","?","R","BOSS"],"build_version":"2019-01-10","purchased_purges":1,"victory":false,"max_hp_per_floor":[80,80,80,80,80,80,80,80,80,90,90,90,90,90,90,90,90,90,90,90,90,90,90,90,90,90,90,90,90,90,90,90,90,90,90,90,90,90,90,90,90,90,90,90,90,90,90,90,90,90],"card_choices":[{"not_picked":["Ghostly Armor","Cleave"],"picked":"Pommel Strike","floor":1},{"not_picked":["Warcry","Anger","Twin Strike"],"picked":"Rampage","floor":4},{"not_picked":["Sword Boomerang","Iron Wave","Heavy Blade"],"picked":"Power Through","floor":7},{"not_picked":["Anger","Hemokinesis","Infernal Blade"],"picked":"Rage","floor":8},{"not_picked":["Seeing Red","Cleave","Dropkick"],"picked":"True Grit","floor":11},{"not_picked":["Warcry","Heavy Blade","Body Slam"],"picked":"Cleave","floor":13},{"not_picked":["Power Through","Corruption","Entrench"],"picked":"Hemokinesis","floor":14},{"not_picked":["Limit Break","Double Tap","Juggernaut"],"picked":"Demon Form","floor":16},{"not_picked":["Intimidate","Pommel Strike","Body Slam+1"],"picked":"Thunderclap+1","floor":18},{"not_picked":["Flame Barrier","Shrug It Off","Rampage"],"picked":"Shockwave+1","floor":19},{"not_picked":["Heavy Blade","Rampage","Warcry+1"],"picked":"Pommel Strike","floor":21},{"not_picked":["Warcry+1","Cleave","Anger"],"picked":"Heavy Blade+1","floor":24},{"not_picked":["Iron Wave+1","Twin Strike","Anger"],"picked":"Shrug It Off+1","floor":25},{"not_picked":["Perfected Strike","Carnage","Pommel Strike+1"],"picked":"Uppercut","floor":27},{"not_picked":["Rampage","Heavy Blade","Disarm"],"picked":"Warcry+1","floor":28},{"not_picked":["Sword Boomerang","Clash","Limit Break"],"picked":"Fire Breathing+1","floor":29},{"not_picked":["Demon Form","Limit Break","Feed"],"picked":"Double Tap","floor":33},{"not_picked":["Warcry+1","Anger","True Grit"],"picked":"Fire Breathing","floor":35},{"not_picked":["Iron Wave+1","Bloodletting","True Grit"],"picked":"Combust","floor":36},{"not_picked":["Whirlwind","Dual Wield","Flex+1"],"picked":"Feel No Pain","floor":37},{"not_picked":["Hemokinesis","Cleave+1","Power Through"],"picked":"Twin Strike+1","floor":38},{"not_picked":["Searing Blow","Corruption+1","Body Slam+1"],"picked":"Fire Breathing+1","floor":39},{"not_picked":["Heavy Blade","Warcry","Thunderclap"],"picked":"Headbutt+1","floor":40},{"not_picked":["Bloodletting+1","Shockwave","Second Wind"],"picked":"Carnage+1","floor":42},{"not_picked":["Perfected Strike+1","Anger+1","Searing Blow"],"picked":"Metallicize","floor":44},{"not_picked":["Heavy Blade","Rage+1","Headbutt+1"],"picked":"Reaper","floor":45},{"not_picked":["Searing Blow+1","Demon Form","Whirlwind+1"],"picked":"Armaments+1","floor":47},{"not_picked":["Forethought+1","The Bomb+1","Discovery+1"],"picked":"Panache","floor":48},{"not_picked":["Intimidate+1","Disarm+1","Flex+1"],"picked":"Clothesline+1","floor":49}],"player_experience":0,"relics_obtained":[{"floor":3,"key":"Question Card"},{"floor":7,"key":"Pocketwatch"},{"floor":9,"key":"FossilizedHelix"},{"floor":26,"key":"Bottled Flame"},{"floor":28,"key":"Lantern"},{"floor":30,"key":"Nilry\u0027s Codex"},{"floor":40,"key":"Thread and Needle"},{"floor":43,"key":"Kunai"},{"floor":44,"key":"Toxic Egg 2"},{"floor":47,"key":"Dream Catcher"}],"event_choices":[{"damage_healed":0,"gold_gain":0,"player_choice":"Box","damage_taken":0,"relics_obtained":["Gremlin Horn"],"max_hp_gain":0,"max_hp_loss":0,"event_name":"Big Fish","floor":2,"gold_loss":0,"cards_obtained":["Regret"]},{"damage_healed":0,"gold_gain":75,"player_choice":"Gather Gold","damage_taken":11,"max_hp_gain":0,"max_hp_loss":0,"event_name":"World of Goop","floor":5,"gold_loss":0},{"damage_healed":0,"gold_gain":0,"player_choice":"Bought 3 Potions","damage_taken":0,"max_hp_gain":0,"max_hp_loss":0,"event_name":"The Woman in Blue","floor":10,"gold_loss":0},{"damage_healed":0,"gold_gain":0,"player_choice":"Gave Potion","damage_taken":0,"relics_obtained":["Old Coin"],"max_hp_gain":0,"max_hp_loss":0,"event_name":"WeMeetAgain","floor":22,"gold_loss":0},{"damage_healed":0,"gold_gain":0,"player_choice":"Obtained Book","damage_taken":16,"max_hp_gain":0,"max_hp_loss":0,"event_name":"Cursed Tome","floor":30,"gold_loss":0},{"damage_healed":0,"gold_gain":0,"player_choice":"Memory 1","damage_taken":0,"max_hp_gain":0,"max_hp_loss":0,"event_name":"SensoryStone","floor":48,"gold_loss":0}],"is_beta":false,"boss_relics":[{"not_picked":["Cursed Key","Astrolabe"],"picked":"Ectoplasm"},{"not_picked":["Runic Dome","Empty Cage"],"picked":"Snecko Eye"}],"items_purged_floors":[20],"is_endless":false,"potions_floor_spawned":[1,11,18,25,29,36,38,44,45,47],"killed_by":"Awakened One","ascension_level":0}