{"gold_per_floor":[114,64,83,97,17,17,29,29,54,84,150,161,188,200,200,200],"floor_reached":16,"playtime":1055,"items_purged":[],"score":140,"play_id":"d88f1baf-4e9b-40fe-a0e4-e3c780adf78f","local_time":"20181121005827","is_ascension_mode":true,"campfire_choices":[{"data":"Dualcast","floor":6,"key":"SMITH"},{"floor":8,"key":"REST"},{"data":"Buffer","floor":15,"key":"SMITH"}],"neow_cost":"NONE","seed_source_timestamp":2094784957475469,"circlet_count":0,"master_deck":["Strike_B","Strike_B","Strike_B","Strike_B","Defend_B","Defend_B","Defend_B","Defend_B","Zap","Dualcast+1","Glacier","Coolheaded","Leap","Cold Snap","Redo","Sunder","BootSequence","Redo","Buffer+1","BootSequence"],"relics":["Cracked Core","Oddly Smooth Stone","Dream Catcher","Art of War"],"potions_floor_usage":[10,16],"damage_taken":[{"damage":7,"enemies":"Small Slimes","floor":1,"turns":3},{"damage":2,"enemies":"Jaw Worm","floor":3,"turns":3},{"damage":0,"enemies":"2 Louse","floor":4,"turns":1},{"damage":29,"enemies":"Gremlin Gang","floor":7,"turns":6},{"damage":16,"enemies":"3 Sentries","floor":10,"turns":11},{"damage":0,"enemies":"Looter","floor":12,"turns":2},{"damage":16,"enemies":"Lagavulin","floor":13,"turns":12},{"damage":0,"enemies":"Blue Slaver","floor":14,"turns":5},{"damage":35,"enemies":"Slime Boss","floor":16,"turns":11}],"seed_played":"1335842792614334079","potions_obtained":[{"floor":1,"key":"Poison Potion"},{"floor":13,"key":"Ancient Potion"},{"floor":14,"key":"FearPotion"}],"is_trial":false,"path_per_floor":["M","?","M","M","$","R","M","R","T","E","?","M","E","M","R","B"],"character_chosen":"DEFECT","items_purchased":["Cold Snap","Redo"],"campfire_rested":1,"item_purchase_floors":[5,5],"current_hp_per_floor":[68,68,66,66,66,66,37,59,59,43,43,43,27,27,27,0],"gold":200,"neow_bonus":"RANDOM_COLORLESS","is_prod":false,"is_daily":false,"chose_seed":false,"campfire_upgraded":2,"win_rate":0,"timestamp":1542783507,"path_taken":["M","?","M","M","$","R","M","R","T","E","?","M","E","M","R","BOSS"],"build_version":"2018-11-15","purchased_purges":0,"victory":false,"max_hp_per_floor":[75,75,75,75,75,75,75,75,75,75,75,75,75,75,75,75],"card_choices":[{"not_picked":["Lockon","Go for the Eyes"],"picked":"Glacier","floor":1},{"not_picked":["Doom and Gloom","Beam Cell"],"picked":"Coolheaded","floor":3},{"not_picked":["Darkness","FTL"],"picked":"Leap","floor":4},{"not_picked":["Glacier","Coolheaded"],"picked":"Sunder","floor":7},{"not_picked":["Rebound","Redo"],"picked":"BootSequence","floor":10},{"not_picked":["Static Discharge","Compile Driver"],"picked":"Redo","floor":12},{"not_picked":["Ball Lightning","Reprogram"],"picked":"Buffer","floor":13},{"not_picked":["Hologram","Leap"],"picked":"BootSequence","floor":14}],"player_experience":438844,"relics_obtained":[{"floor":9,"key":"Oddly Smooth Stone"},{"floor":10,"key":"Dream Catcher"},{"floor":13,"key":"Art of War"}],"event_choices":[{"cards_removed":["Forethought"],"damage_healed":0,"gold_gain":0,"player_choice":"Card Removal","damage_taken":0,"max_hp_gain":0,"max_hp_loss":0,"event_name":"The Cleric","floor":2,"gold_loss":50},{"damage_healed":0,"gold_gain":66,"player_choice":"Gained Gold","damage_taken":0,"max_hp_gain":0,"max_hp_loss":0,"event_name":"Golden Wing","floor":11,"gold_loss":0}],"is_beta":false,"boss_relics":[],"items_purged_floors":[],"is_endless":false,"potions_floor_spawned":[1,13,14],"killed_by":"Slime Boss","ascension_level":5}