{"gold_per_floor":[110,71,71,71,82,112,112,142,142,160,160,160,138,158,158,158],"floor_reached":16,"playtime":393,"items_purged":[],"score":257,"play_id":"af9a9bf0-2309-4332-96b7-0bcdf1bee79a","local_time":"20190115182753","is_ascension_mode":true,"campfire_choices":[{"data":"Feed","floor":7,"key":"SMITH"},{"data":"Armaments","floor":11,"key":"SMITH"},{"data":"Carnage","floor":15,"key":"SMITH"}],"neow_cost":"NONE","seed_source_timestamp":1703866523327,"circlet_count":0,"master_deck":["AscendersBane","Strike_R+1","Strike_R","Strike_R","Strike_R","Defend_R","Defend_R","Defend_R","Defend_R","Bash+1","Twin Strike","Shockwave","Iron Wave","Feed+1","Armaments+1","Carnage+1","True Grit"],"relics":["Burning Blood","NeowsBlessing","Dead Branch","Centennial Puzzle","Ornamental Fan"],"potions_floor_usage":[8,16,16],"damage_taken":[{"damage":0,"enemies":"Cultist","floor":1,"turns":1},{"damage":0,"enemies":"Jaw Worm","floor":5,"turns":1},{"damage":0,"enemies":"3 Sentries","floor":6,"turns":2},{"damage":40,"enemies":"Lagavulin","floor":8,"turns":9},{"damage":2,"enemies":"2 Louse","floor":10,"turns":4},{"damage":8,"enemies":"Exordium Thugs","floor":13,"turns":4},{"damage":18,"enemies":"Lots of Slimes","floor":14,"turns":4},{"damage":44,"enemies":"Hexaghost","floor":16,"turns":11}],"seed_played":"-1484471689268121442","potions_obtained":[{"floor":6,"key":"Block Potion"},{"floor":8,"key":"BloodPotion"},{"floor":14,"key":"Block Potion"}],"is_trial":false,"path_per_floor":["M","$","?","?","M","E","R","E","T","M","R","?","M","M","R","B"],"character_chosen":"IRONCLAD","items_purchased":["Shockwave"],"campfire_rested":0,"item_purchase_floors":[2],"current_hp_per_floor":[74,74,51,56,62,68,68,34,34,42,42,42,40,32,32,0],"gold":158,"neow_bonus":"THREE_ENEMY_KILL","is_prod":false,"is_daily":false,"chose_seed":false,"campfire_upgraded":3,"win_rate":0,"timestamp":1547576873,"path_taken":["M","$","?","?","M","E","R","E","T","M","R","?","M","M","R","BOSS"],"build_version":"2019-01-10","purchased_purges":0,"victory":false,"max_hp_per_floor":[75,75,75,80,80,80,80,80,80,84,84,84,84,88,88,88],"card_choices":[{"not_picked":["Iron Wave","Second Wind"],"picked":"Twin Strike","floor":1},{"not_picked":["Warcry","Clothesline"],"picked":"Iron Wave","floor":5},{"not_picked":["Anger","Iron Wave"],"picked":"Feed","floor":6},{"not_picked":["Headbutt","Iron Wave"],"picked":"Armaments","floor":8},{"not_picked":["Sword Boomerang","Hemokinesis"],"picked":"Carnage","floor":10},{"not_picked":["Clothesline","Combust"],"picked":"True Grit","floor":13},{"not_picked":["Thunderclap","Blood for Blood","Armaments"],"picked":"SKIP","floor":14}],"player_experience":391544,"relics_obtained":[{"floor":6,"key":"Dead Branch"},{"floor":8,"key":"Centennial Puzzle"},{"floor":9,"key":"Ornamental Fan"}],"event_choices":[{"damage_healed":0,"gold_gain":0,"player_choice":"Entered Light","damage_taken":23,"max_hp_gain":0,"max_hp_loss":0,"event_name":"Shining Light","floor":3,"gold_loss":0,"cards_upgraded":["Bash","Strike_R"]},{"damage_healed":0,"gold_gain":0,"player_choice":"Donut","damage_taken":0,"max_hp_gain":5,"max_hp_loss":0,"event_name":"Big Fish","floor":4,"gold_loss":0},{"cards_removed":["Strike_R"],"damage_healed":0,"gold_gain":0,"player_choice":"Purged","damage_taken":0,"max_hp_gain":0,"max_hp_loss":0,"event_name":"Purifier","floor":12,"gold_loss":0}],"is_beta":false,"boss_relics":[],"items_purged_floors":[],"is_endless":false,"potions_floor_spawned":[6,8,14],"killed_by":"Hexaghost","ascension_level":18}