{"gold_per_floor":[114,129,129,42,7,7,34,34,86,112,126,126,141,66,66,140,140,158,169,169,4,4,32,32,32,32,32,56,56,56],"floor_reached":30,"playtime":733,"items_purged":["Strike_G"],"score":540,"play_id":"2a5305a1-5c6b-4d60-bbd1-5116ad7608e5","local_time":"20190205013315","is_ascension_mode":true,"campfire_choices":[{"data":"Noxious Fumes","floor":6,"key":"SMITH"},{"data":"Bane","floor":8,"key":"SMITH"},{"data":"Crippling Poison","floor":12,"key":"SMITH"},{"data":"Neutralize","floor":15,"key":"SMITH"},{"floor":24,"key":"REST"}],"neow_cost":"NONE","seed_source_timestamp":30725093979700,"circlet_count":0,"master_deck":["AscendersBane","Defend_G+1","Defend_G+1","Defend_G+1","Defend_G+1","Defend_G+1","Strike_G+1","Strike_G+1","Survivor","Neutralize+1","Dash+1","Poisoned Stab","Noxious Fumes+1","Bane+1","Crippling Poison+1","Envenom","Bane","Dagger Spray","Outmaneuver","Footwork","Cloak And Dagger"],"relics":["Ring of the Snake","NeowsBlessing","Dream Catcher","Omamori","Du-Vu Doll","Cursed Key","Ancient Tea Set","Anchor","Snake Skull"],"potions_floor_usage":[10,19,23,23],"damage_taken":[{"damage":0,"enemies":"Small Slimes","floor":1,"turns":1},{"damage":0,"enemies":"Jaw Worm","floor":2,"turns":1},{"damage":0,"enemies":"3 Sentries","floor":7,"turns":2},{"damage":18,"enemies":"Gremlin Nob","floor":10,"turns":4},{"damage":0,"enemies":"2 Louse","floor":11,"turns":4},{"damage":4,"enemies":"Large Slime","floor":13,"turns":5},{"damage":11,"enemies":"The Guardian","floor":16,"turns":9},{"damage":13,"enemies":"Chosen","floor":18,"turns":5},{"damage":5,"enemies":"3 Byrds","floor":19,"turns":4},{"damage":14,"enemies":"Slavers","floor":23,"turns":4},{"damage":18,"enemies":"Colosseum Slavers","floor":29,"turns":4},{"damage":24,"enemies":"Gremlin Leader","floor":30,"turns":4}],"seed_played":"-686992270665079022","potions_obtained":[{"floor":1,"key":"SkillPotion"},{"floor":10,"key":"SkillPotion"},{"floor":11,"key":"Strength Potion"}],"is_trial":false,"path_per_floor":["M","M","?","$","?","R","E","R","T","E","M","R","M","$","R","B",null,"M","M","?","$","?","E","R","?","T","?","T","?","E"],"character_chosen":"THE_SILENT","items_purchased":["Noxious Fumes","Footwork","Cloak And Dagger","Energy Potion"],"campfire_rested":1,"item_purchase_floors":[4,21,21,21],"current_hp_per_floor":[59,59,39,39,55,55,55,55,55,37,37,37,33,33,33,22,55,42,37,37,37,37,23,42,42,42,42,42,24,0],"gold":56,"neow_bonus":"THREE_ENEMY_KILL","is_prod":false,"is_daily":false,"chose_seed":false,"campfire_upgraded":4,"win_rate":0,"timestamp":1549323195,"path_taken":["M","M","?","$","?","R","E","R","T","E","M","R","M","$","R","BOSS","M","M","?","$","?","E","R","?","T","?","?","?","E"],"build_version":"2019-01-23","purchased_purges":1,"victory":false,"max_hp_per_floor":[66,66,66,66,66,66,66,66,66,66,66,66,66,66,66,66,66,66,66,66,66,66,66,66,66,66,66,66,66,66],"card_choices":[{"not_picked":["Choke","Dagger Throw"],"picked":"Dash","floor":1},{"not_picked":["Leg Sweep","Underhanded Strike"],"picked":"Poisoned Stab","floor":2},{"not_picked":["Riddle With Holes","Outmaneuver"],"picked":"Bane","floor":7},{"not_picked":["Die Die Die","PiercingWail"],"picked":"Crippling Poison","floor":10},{"not_picked":["Prepared","Eviscerate","All Out Attack"],"picked":"SKIP","floor":11},{"not_picked":["Blade Dance","Poisoned Stab","Bouncing Flask"],"picked":"SKIP","floor":13},{"not_picked":["Adrenaline","Die Die Die"],"picked":"Envenom","floor":16},{"not_picked":["Dash","Deflect+1"],"picked":"Bane","floor":18},{"not_picked":["Blade Dance","Finisher","Slice"],"picked":"SKIP","floor":19},{"not_picked":["Concentrate","Expertise","Deadly Poison"],"picked":"SKIP","floor":23}],"player_experience":612079,"relics_obtained":[{"floor":7,"key":"Dream Catcher"},{"floor":9,"key":"Omamori"},{"floor":10,"key":"Du-Vu Doll"},{"floor":23,"key":"Ancient Tea Set"},{"floor":26,"key":"Anchor"},{"floor":28,"key":"Snake Skull"}],"event_choices":[{"damage_healed":0,"gold_gain":0,"player_choice":"Entered Light","damage_taken":20,"max_hp_gain":0,"max_hp_loss":0,"event_name":"Shining Light","floor":3,"gold_loss":0,"cards_upgraded":["Dash","Strike_G"]},{"damage_healed":16,"gold_gain":0,"player_choice":"Healed","damage_taken":0,"max_hp_gain":0,"max_hp_loss":0,"event_name":"The Cleric","floor":5,"gold_loss":35},{"damage_healed":0,"gold_gain":0,"cards_transformed":["Strike_G","Strike_G"],"player_choice":"Became Test Subject","damage_taken":0,"max_hp_gain":0,"max_hp_loss":0,"event_name":"Drug Dealer","floor":20,"gold_loss":0,"cards_obtained":["Dagger Spray","Outmaneuver"]},{"damage_healed":0,"gold_gain":0,"player_choice":"Simplicity","damage_taken":0,"max_hp_gain":0,"max_hp_loss":0,"event_name":"Back to Basics","floor":22,"gold_loss":0,"cards_upgraded":["Defend_G","Defend_G","Defend_G","Defend_G","Defend_G","Strike_G"]},{"damage_healed":0,"gold_gain":0,"player_choice":"Ignored","damage_taken":0,"max_hp_gain":0,"max_hp_loss":0,"event_name":"Beggar","floor":25,"gold_loss":0},{"damage_healed":0,"gold_gain":0,"player_choice":"Ignored","damage_taken":0,"max_hp_gain":0,"max_hp_loss":0,"event_name":"The Mausoleum","floor":27,"gold_loss":0},{"damage_healed":0,"gold_gain":0,"player_choice":"Fight","damage_taken":0,"max_hp_gain":0,"max_hp_loss":0,"event_name":"Colosseum","floor":29,"gold_loss":0},{"damage_healed":0,"gold_gain":0,"player_choice":"Fled From Nobs","damage_taken":0,"max_hp_gain":0,"max_hp_loss":0,"event_name":"Colosseum","floor":29,"gold_loss":0}],"is_beta":false,"boss_relics":[{"not_picked":["Fusion Hammer","Runic Dome"],"picked":"Cursed Key"}],"items_purged_floors":[14],"is_endless":false,"potions_floor_spawned":[1,10,11,29],"killed_by":"Gremlin Leader","ascension_level":19}