{"gold_per_floor":[119,119,136,211,161,161,194,194,194,209,223,148,163,177,177,275,275,215,215,225,239,52,52],"floor_reached":23,"playtime":1122,"items_purged":["Defend_B"],"score":302,"play_id":"2a0148ea-6971-450f-a7a0-b8062392b55c","local_time":"20190204121404","is_ascension_mode":true,"campfire_choices":[{"data":"Zap","floor":6,"key":"SMITH"},{"data":"Dualcast","floor":15,"key":"SMITH"}],"neow_cost":"NONE","seed_source_timestamp":42811575200408,"circlet_count":0,"master_deck":["Strike_B","Strike_B","Strike_B","Defend_B+1","Defend_B","Defend_B","Zap+1","Dualcast+1","Coolheaded+1","Coolheaded","Undo","Leap","Steam Power","Steam","Gash","Seek","Cold Snap","White Noise+1","Gash","Defragment"],"relics":["Cracked Core","NeowsBlessing","Oddly Smooth Stone","Boot","Inserter","PreservedInsect"],"potions_floor_usage":[11,16,16],"damage_taken":[{"damage":0,"enemies":"2 Louse","floor":1,"turns":1},{"damage":0,"enemies":"Small Slimes","floor":3,"turns":1},{"damage":0,"enemies":"Gremlin Nob","floor":7,"turns":1},{"damage":0,"enemies":"Jaw Worm","floor":10,"turns":3},{"damage":19,"enemies":"Exordium Thugs","floor":11,"turns":6},{"damage":1,"enemies":"Blue Slaver","floor":13,"turns":4},{"damage":0,"enemies":"Exordium Wildlife","floor":14,"turns":5},{"damage":8,"enemies":"The Guardian","floor":16,"turns":16},{"damage":9,"enemies":"2 Thieves","floor":18,"turns":4},{"damage":0,"enemies":"3 Byrds","floor":20,"turns":6},{"damage":31,"enemies":"Sentry and Sphere","floor":21,"turns":13},{"damage":16,"enemies":"Book of Stabbing","floor":23,"turns":7}],"seed_played":"4212599182836260971","potions_obtained":[{"floor":7,"key":"AttackPotion"},{"floor":11,"key":"PowerPotion"},{"floor":13,"key":"Strength Potion"},{"floor":21,"key":"Regen Potion"}],"is_trial":false,"path_per_floor":["M","?","M","?","?","R","E","?","T","M","M","$","M","M","R","B",null,"M","?","M","M","$","E"],"character_chosen":"DEFECT","items_purchased":["PreservedInsect","Defragment"],"campfire_rested":0,"item_purchase_floors":[22,22],"current_hp_per_floor":[68,53,53,42,42,42,42,30,30,30,11,11,10,10,10,2,57,48,41,41,10,10,0],"gold":52,"neow_bonus":"THREE_ENEMY_KILL","is_prod":false,"is_daily":false,"chose_seed":false,"campfire_upgraded":2,"win_rate":0,"timestamp":1549300444,"path_taken":["M","?","M","?","?","R","E","?","T","M","M","$","M","M","R","BOSS","M","?","M","M","?","E"],"build_version":"2019-01-23","purchased_purges":1,"victory":false,"max_hp_per_floor":[75,75,75,75,75,75,75,75,75,75,75,75,75,75,75,75,75,75,75,75,75,75,75],"card_choices":[{"not_picked":["Beam Cell","Self Repair"],"picked":"Coolheaded","floor":1},{"not_picked":["Ball Lightning","Streamline"],"picked":"Coolheaded","floor":3},{"not_picked":["Chaos","Double Energy"],"picked":"Undo","floor":7},{"not_picked":["Go for the Eyes","Coolheaded"],"picked":"Leap","floor":10},{"not_picked":["Recycle","Beam Cell"],"picked":"Steam Power","floor":11},{"not_picked":["Scrape","Redo"],"picked":"Steam","floor":13},{"not_picked":["Leap","Tempest"],"picked":"Gash","floor":14},{"not_picked":["Thunder Strike","Reboot"],"picked":"Seek","floor":16},{"not_picked":["Redo","Streamline"],"picked":"Cold Snap","floor":18},{"not_picked":["Redo","Go for the Eyes+1"],"picked":"White Noise+1","floor":20},{"not_picked":["Force Field+1","Fission"],"picked":"Gash","floor":21}],"player_experience":448964,"relics_obtained":[{"floor":9,"key":"Boot"}],"event_choices":[{"damage_healed":0,"gold_gain":0,"player_choice":"Entered Light","damage_taken":15,"max_hp_gain":0,"max_hp_loss":0,"event_name":"Shining Light","floor":2,"gold_loss":0,"cards_upgraded":["Defend_B","Coolheaded"]},{"damage_healed":0,"gold_gain":75,"player_choice":"Gather Gold","damage_taken":11,"max_hp_gain":0,"max_hp_loss":0,"event_name":"World of Goop","floor":4,"gold_loss":0},{"cards_removed":["Strike_B"],"damage_healed":0,"gold_gain":0,"player_choice":"Card Removal","damage_taken":0,"max_hp_gain":0,"max_hp_loss":0,"event_name":"The Cleric","floor":5,"gold_loss":50},{"damage_healed":0,"gold_gain":0,"player_choice":"Success","damage_taken":12,"relics_obtained":["Oddly Smooth Stone"],"max_hp_gain":0,"max_hp_loss":0,"event_name":"Scrap Ooze","floor":8,"gold_loss":0},{"damage_healed":0,"gold_gain":0,"player_choice":"Damaged","damage_taken":7,"max_hp_gain":0,"max_hp_loss":0,"event_name":"Wheel of Change","floor":19,"gold_loss":0}],"is_beta":false,"boss_relics":[{"not_picked":["Eternal Feather","Orrery"],"picked":"Inserter"}],"items_purged_floors":[12],"is_endless":false,"potions_floor_spawned":[7,11,13,21],"killed_by":"Book of Stabbing","ascension_level":8}