{"gold_per_floor":[116,116,137,162,122,122,162,162,162,181,181,82,97,23,23,143,143,166,189,89,104,33,33,158,158,158,158,173,173,173,197,197,197],"floor_reached":33,"playtime":621,"items_purged":["Strike_R","Defend_R"],"score":432,"play_id":"e11d9de2-f31e-406b-b618-99d64db309fd","local_time":"20181101195237","is_ascension_mode":true,"campfire_choices":[{"data":"Immolate","floor":6,"key":"SMITH"},{"data":"Double Tap","floor":11,"key":"SMITH"},{"data":"Disarm","floor":15,"key":"SMITH"},{"data":"Iron Wave","floor":23,"key":"SMITH"},{"data":"Iron Wave","floor":25,"key":"SMITH"},{"data":"Bash","floor":29,"key":"SMITH"},{"floor":32,"key":"REST"}],"neow_cost":"NONE","seed_source_timestamp":3214931385855,"circlet_count":0,"master_deck":["Strike_R","Strike_R+1","Defend_R","Defend_R","Bash+1","Double Tap+1","Iron Wave+1","Cleave+1","Immolate+1","Iron Wave+1","Thunderclap","Disarm+1","Offering","Metallicize","Heavy Blade","Shrug It Off"],"relics":["Burning Blood","Golden Idol","Shuriken","Gremlin Horn","Empty Cage","Torii","Self Forming Clay","Meat on the Bone"],"potions_floor_usage":[7,7,16,24],"damage_taken":[{"damage":7,"enemies":"Jaw Worm","floor":1,"turns":3},{"damage":0,"enemies":"2 Louse","floor":3,"turns":5},{"damage":0,"enemies":"Small Slimes","floor":4,"turns":3},{"damage":0,"enemies":"Gremlin Nob","floor":7,"turns":2},{"damage":0,"enemies":"Looter","floor":10,"turns":1},{"damage":0,"enemies":"Lots of Slimes","floor":13,"turns":1},{"damage":0,"enemies":"Slime Boss","floor":16,"turns":4},{"damage":6,"enemies":"3 Byrds","floor":18,"turns":2},{"damage":9,"enemies":"Shell Parasite","floor":19,"turns":4},{"damage":9,"enemies":"Snecko","floor":21,"turns":3},{"damage":0,"enemies":"Colosseum Slavers","floor":24,"turns":1},{"damage":33,"enemies":"Colosseum Nobs","floor":24,"turns":3},{"damage":2,"enemies":"Cultist and Chosen","floor":28,"turns":4},{"damage":30,"enemies":"Snake Plant","floor":31,"turns":2},{"damage":77,"enemies":"Automaton","floor":33,"turns":6}],"seed_played":"8055830336467931437","potions_obtained":[{"floor":5,"key":"SneckoOil"},{"floor":5,"key":"SkillPotion"},{"floor":5,"key":"Energy Potion"},{"floor":10,"key":"Energy Potion"},{"floor":13,"key":"Strength Potion"},{"floor":16,"key":"Explosive Potion"},{"floor":31,"key":"SpeedPotion"}],"is_trial":false,"path_per_floor":["M","?","M","M","?","R","E","?","T","M","R","$","M","$","R","B",null,"M","M","$","M","$","R","?","R","T","?","M","R","?","M","R"],"character_chosen":"IRONCLAD","items_purchased":["Thunderclap","Disarm","Metallicize"],"campfire_rested":1,"item_purchase_floors":[12,14,22],"current_hp_per_floor":[71,71,74,74,74,74,74,59,59,65,65,65,71,71,71,74,74,74,71,71,68,68,68,47,47,47,40,44,44,44,32,54,0],"gold":197,"neow_bonus":"ONE_RANDOM_RARE_CARD","is_prod":false,"is_daily":false,"chose_seed":false,"campfire_upgraded":6,"win_rate":0,"timestamp":1541101957,"path_taken":["M","?","M","M","?","R","E","?","T","M","R","?","M","$","R","BOSS","M","M","$","M","$","R","?","R","T","?","M","R","?","M","R","BOSS"],"build_version":"2018-10-25v2","purchased_purges":2,"victory":false,"max_hp_per_floor":[80,74,74,74,74,74,74,74,74,74,74,74,74,74,74,74,74,74,74,74,74,74,74,74,74,74,74,74,74,74,74,74,74],"card_choices":[{"not_picked":["Armaments","Burning Pact"],"picked":"Iron Wave","floor":1},{"not_picked":["Carnage","Heavy Blade"],"picked":"Cleave","floor":3},{"not_picked":["Cleave","Iron Wave"],"picked":"Immolate","floor":4},{"not_picked":["Barricade","Heavy Blade"],"picked":"Iron Wave","floor":7},{"not_picked":["Heavy Blade","Intimidate","Corruption"],"picked":"SKIP","floor":10},{"not_picked":["Perfected Strike","Sword Boomerang","Anger"],"picked":"SKIP","floor":13},{"not_picked":["Reaper","Feed"],"picked":"Offering","floor":16},{"not_picked":["Wild Strike","Power Through","Shockwave"],"picked":"SKIP","floor":18},{"not_picked":["Thunderclap+1","Entrench","Warcry+1"],"picked":"SKIP","floor":19},{"not_picked":["Armaments+1","Flex","Evolve"],"picked":"SKIP","floor":21},{"not_picked":["Clothesline+1","Twin Strike","Body Slam"],"picked":"SKIP","floor":28},{"not_picked":["Entrench","Combust"],"picked":"Shrug It Off","floor":31}],"player_experience":96819,"relics_obtained":[{"floor":7,"key":"Shuriken"},{"floor":9,"key":"Gremlin Horn"},{"floor":24,"key":"Torii"},{"floor":24,"key":"Self Forming Clay"},{"floor":26,"key":"Meat on the Bone"}],"event_choices":[{"damage_healed":0,"gold_gain":0,"player_choice":"Lose Max HP","damage_taken":0,"relics_obtained":["Golden Idol"],"max_hp_gain":0,"max_hp_loss":6,"event_name":"Golden Idol","floor":2,"gold_loss":0},{"damage_healed":0,"gold_gain":0,"player_choice":"Bought 3 Potions","damage_taken":0,"max_hp_gain":0,"max_hp_loss":0,"event_name":"The Woman in Blue","floor":5,"gold_loss":0},{"damage_healed":0,"gold_gain":0,"player_choice":"Entered Light","damage_taken":15,"max_hp_gain":0,"max_hp_loss":0,"event_name":"Shining Light","floor":8,"gold_loss":0,"cards_upgraded":["Strike_R","Cleave"]},{"damage_healed":0,"gold_gain":0,"player_choice":"Fight","damage_taken":0,"max_hp_gain":0,"max_hp_loss":0,"event_name":"Colosseum","floor":24,"gold_loss":0},{"damage_healed":0,"gold_gain":0,"player_choice":"Fought Nobs","damage_taken":0,"max_hp_gain":0,"max_hp_loss":0,"event_name":"Colosseum","floor":24,"gold_loss":0},{"damage_healed":0,"gold_gain":0,"player_choice":"","damage_taken":7,"max_hp_gain":0,"max_hp_loss":0,"event_name":"Knowing Skull","floor":27,"potions_obtained":[],"gold_loss":0,"cards_obtained":[]},{"damage_healed":0,"gold_gain":0,"cards_transformed":["Strike_R"],"player_choice":"Transformed","damage_taken":0,"max_hp_gain":0,"max_hp_loss":0,"event_name":"Transmorgrifier","floor":30,"gold_loss":0,"cards_obtained":["Heavy Blade"]}],"is_beta":false,"boss_relics":[{"not_picked":["Philosopher\u0027s Stone","Eternal Feather"],"picked":"Empty Cage"}],"items_purged_floors":[12,20],"is_endless":false,"potions_floor_spawned":[10,13,16,21,24,31],"killed_by":"Automaton","ascension_level":7}