{"gold_per_floor":[109,109,29,29,48,82,94,94,94,94,44,60,79,94,94,94],"floor_reached":16,"playtime":424,"items_purged":[],"score":173,"play_id":"66d25d0a-6328-4d43-b8c3-35c96194266e","local_time":"20181205020012","is_ascension_mode":true,"campfire_choices":[{"data":"Pommel Strike","floor":8,"key":"SMITH"},{"data":"Bash","floor":10,"key":"SMITH"},{"data":"Feel No Pain","floor":15,"key":"SMITH"}],"neow_cost":"NONE","seed_source_timestamp":4911473953464,"circlet_count":0,"master_deck":["AscendersBane","Strike_R","Strike_R","Strike_R","Defend_R","Defend_R","Defend_R","Defend_R","Bash+1","Impatience","Pommel Strike+1","Rampage","Heavy Blade","Dropkick","Feel No Pain+1","Headbutt","Burning Pact"],"relics":["Burning Blood","Question Card","Meat on the Bone"],"potions_floor_usage":[6,16],"damage_taken":[{"damage":1,"enemies":"Cultist","floor":1,"turns":3},{"damage":10,"enemies":"Small Slimes","floor":5,"turns":3},{"damage":41,"enemies":"Gremlin Nob","floor":6,"turns":5},{"damage":7,"enemies":"Jaw Worm","floor":7,"turns":3},{"damage":11,"enemies":"Large Slime","floor":12,"turns":6},{"damage":28,"enemies":"Exordium Thugs","floor":13,"turns":5},{"damage":22,"enemies":"3 Louse","floor":14,"turns":5},{"damage":35,"enemies":"Hexaghost","floor":16,"turns":9}],"seed_played":"2459843852623387233","potions_obtained":[{"floor":5,"key":"GamblersBrew"},{"floor":6,"key":"SteroidPotion"},{"floor":13,"key":"FearPotion"}],"is_trial":false,"path_per_floor":["M","?","$","?","M","E","M","R","T","R","?","M","M","M","R","B"],"character_chosen":"IRONCLAD","items_purchased":["Rampage"],"campfire_rested":0,"item_purchase_floors":[3],"current_hp_per_floor":[73,78,78,78,74,39,38,38,38,38,38,45,35,31,31,0],"gold":94,"neow_bonus":"RANDOM_COLORLESS","is_prod":false,"is_daily":false,"chose_seed":false,"campfire_upgraded":3,"win_rate":0,"timestamp":1543975212,"path_taken":["M","?","$","?","?","E","M","R","T","R","?","M","M","M","R","BOSS"],"build_version":"2018-11-15","purchased_purges":0,"victory":false,"max_hp_per_floor":[75,80,80,80,80,80,80,80,80,80,80,80,80,80,80,80],"card_choices":[{"not_picked":["Perfected Strike","Havoc"],"picked":"Pommel Strike","floor":1},{"not_picked":["Shrug It Off","Clothesline"],"picked":"Dropkick","floor":5},{"not_picked":["Bloodletting","Fire Breathing","Juggernaut"],"picked":"SKIP","floor":6},{"not_picked":["Combust","Perfected Strike","Clothesline"],"picked":"Feel No Pain","floor":7},{"not_picked":["Sword Boomerang","Shrug It Off","Warcry"],"picked":"Headbutt","floor":12},{"not_picked":["Perfected Strike","Uppercut","Iron Wave"],"picked":"Burning Pact","floor":13},{"not_picked":["Reckless Charge","Pummel","Second Wind","Infernal Blade"],"picked":"SKIP","floor":14},{"not_picked":["Reckless Charge","Pummel","Second Wind","Infernal Blade"],"picked":"SKIP","floor":14}],"player_experience":246899,"relics_obtained":[{"floor":6,"key":"Question Card"},{"floor":9,"key":"Meat on the Bone"}],"event_choices":[{"damage_healed":0,"gold_gain":0,"player_choice":"Donut","damage_taken":0,"max_hp_gain":5,"max_hp_loss":0,"event_name":"Big Fish","floor":2,"gold_loss":0},{"damage_healed":0,"gold_gain":0,"cards_transformed":["Strike_R"],"player_choice":"Transformed","damage_taken":0,"max_hp_gain":0,"max_hp_loss":0,"event_name":"Transmorgrifier","floor":4,"gold_loss":0,"cards_obtained":["Heavy Blade"]},{"cards_removed":["Strike_R"],"damage_healed":0,"gold_gain":0,"player_choice":"Card Removal","damage_taken":0,"max_hp_gain":0,"max_hp_loss":0,"event_name":"The Cleric","floor":11,"gold_loss":50}],"is_beta":false,"boss_relics":[],"items_purged_floors":[],"is_endless":false,"potions_floor_spawned":[5,6,13],"killed_by":"Hexaghost","ascension_level":14}