{"gold_per_floor":[112,132,207,218,228,263,263,289,289,319,339,339,339,357,357,357],"floor_reached":16,"playtime":347,"items_purged":[],"score":143,"play_id":"6df5002a-715c-489d-b236-f7b4b8c3e4b8","local_time":"20181125112246","is_ascension_mode":true,"campfire_choices":[{"data":"Skewer","floor":7,"key":"SMITH"},{"floor":13,"key":"REST"},{"data":"Neutralize","floor":15,"key":"SMITH"}],"neow_cost":"NONE","seed_source_timestamp":149394121052707,"circlet_count":0,"master_deck":["Defend_G","Defend_G","Defend_G","Defend_G","Defend_G","Strike_G+1","Strike_G","Strike_G","Strike_G","Strike_G","Survivor","Neutralize+1","Skewer+1","PiercingWail+1","Glass Knife","Deflect","PiercingWail","Glass Knife","Flying Knee"],"relics":["Ring of the Snake","NeowsBlessing","Dream Catcher","Happy Flower","Sundial"],"potions_floor_usage":[6,10],"damage_taken":[{"damage":0,"enemies":"2 Louse","floor":1,"turns":1},{"damage":0,"enemies":"Jaw Worm","floor":2,"turns":1},{"damage":0,"enemies":"Small Slimes","floor":4,"turns":1},{"damage":0,"enemies":"Blue Slaver","floor":5,"turns":5},{"damage":25,"enemies":"Lagavulin","floor":6,"turns":7},{"damage":0,"enemies":"3 Sentries","floor":10,"turns":2},{"damage":9,"enemies":"Large Slime","floor":11,"turns":6},{"damage":0,"enemies":"3 Louse","floor":14,"turns":3},{"damage":28,"enemies":"Hexaghost","floor":16,"turns":10}],"seed_played":"2047543523071289458","potions_obtained":[{"floor":4,"key":"Strength Potion"},{"floor":6,"key":"SmokeBomb"}],"is_trial":false,"path_per_floor":["M","M","?","M","M","E","R","T","T","?","M","?","R","M","R","B"],"character_chosen":"THE_SILENT","items_purchased":[],"campfire_rested":1,"item_purchase_floors":[],"current_hp_per_floor":[63,63,52,52,52,27,27,27,27,27,18,4,25,25,25,0],"gold":357,"neow_bonus":"THREE_ENEMY_KILL","is_prod":false,"is_daily":false,"chose_seed":false,"campfire_upgraded":2,"win_rate":0,"timestamp":1543144966,"path_taken":["M","M","?","M","M","E","R","?","T","?","M","?","R","M","R","BOSS"],"build_version":"2018-11-15","purchased_purges":0,"victory":false,"max_hp_per_floor":[70,70,70,70,70,70,70,70,70,70,70,70,70,70,70,70],"card_choices":[{"not_picked":["Poisoned Stab","Reflex"],"picked":"Skewer","floor":1},{"not_picked":["Deadly Poison","Outmaneuver"],"picked":"PiercingWail","floor":2},{"not_picked":["Calculated Gamble","Finisher"],"picked":"Glass Knife","floor":4},{"not_picked":["Bane","Poisoned Stab"],"picked":"Deflect","floor":5},{"not_picked":["Deadly Poison","Tactician"],"picked":"PiercingWail","floor":6},{"not_picked":["Dagger Spray","Outmaneuver"],"picked":"Glass Knife","floor":11},{"not_picked":["PiercingWail","Bane"],"picked":"Flying Knee","floor":13},{"not_picked":["Acrobatics","Finisher","Distraction"],"picked":"SKIP","floor":14}],"player_experience":207146,"relics_obtained":[{"floor":6,"key":"Dream Catcher"},{"floor":8,"key":"Happy Flower"},{"floor":9,"key":"Sundial"}],"event_choices":[{"damage_healed":0,"gold_gain":75,"player_choice":"Gather Gold","damage_taken":11,"max_hp_gain":0,"max_hp_loss":0,"event_name":"World of Goop","floor":3,"gold_loss":0},{"damage_healed":0,"gold_gain":30,"player_choice":"Searched \u00273\u0027 times","damage_taken":0,"max_hp_gain":0,"max_hp_loss":0,"event_name":"Dead Adventurer","floor":10,"gold_loss":0},{"damage_healed":0,"gold_gain":0,"player_choice":"Entered Light","damage_taken":14,"max_hp_gain":0,"max_hp_loss":0,"event_name":"Shining Light","floor":12,"gold_loss":0,"cards_upgraded":["Strike_G","PiercingWail"]}],"is_beta":false,"boss_relics":[],"items_purged_floors":[],"is_endless":false,"potions_floor_spawned":[4,6],"killed_by":"Hexaghost","ascension_level":8}