{"gold_per_floor":[111,127,1,15,15,15,50,50,50,84,95,95,4,23,23,124,124,134,234,87,102,102,102,131,131,131,141,158,158,158,184,184,287,287,299,101,101,113,0,0,29,29,56,56,11,31,50,150,150,150],"floor_reached":50,"playtime":1596,"items_purged":["Defend_G","Acrobatics","Quick Slash"],"score":759,"play_id":"a7dca5ce-e451-4deb-8580-42da5ef0fa65","local_time":"20181103143614","is_ascension_mode":true,"campfire_choices":[{"data":"1","floor":6,"key":"LIFT"},{"data":"2","floor":12,"key":"LIFT"},{"data":"3","floor":15,"key":"LIFT"},{"data":"Adrenaline","floor":23,"key":"SMITH"},{"data":"Cloak And Dagger","floor":25,"key":"SMITH"},{"data":"Outmaneuver","floor":30,"key":"SMITH"},{"data":"Neutralize","floor":32,"key":"SMITH"},{"data":"Poisoned Stab","floor":40,"key":"SMITH"},{"data":"Phantasmal Killer","floor":42,"key":"SMITH"},{"data":"Deadly Poison","floor":44,"key":"SMITH"},{"floor":49,"key":"REST"}],"neow_cost":"NONE","seed_source_timestamp":5896149472290,"circlet_count":0,"master_deck":["Survivor","Neutralize+1","Predator","Cloak And Dagger+1","Cloak And Dagger","Die Die Die","Dash","Footwork","Quick Slash","Backflip","Backflip","Adrenaline+1","Slice","Leg Sweep","Backflip","Deadly Poison+1","Sucker Punch","Poisoned Stab+1","Slice+1","Escape Plan","Backflip","Slice","Outmaneuver+1","Adrenaline+1","Deflect+1","Adrenaline","Slice+1","Phantasmal Killer+1","Poisoned Stab+1","Poisoned Stab","Terror","Riddle With Holes+1"],"relics":["Ring of the Snake","War Paint","Girya","Dodecahedron","Ginger","Regal Pillow","Pandora\u0027s Box","Nunchaku","Sundial","Centennial Puzzle","Darkstone Periapt","Unceasing Top","Juzu Bracelet","HoveringKite","Red Mask","Orichalcum","Ancient Tea Set"],"potions_floor_usage":[7,19,31,31,50,50],"damage_taken":[{"damage":0,"enemies":"2 Louse","floor":1,"turns":4},{"damage":0,"enemies":"Jaw Worm","floor":2,"turns":4},{"damage":0,"enemies":"Cultist","floor":4,"turns":3},{"damage":17,"enemies":"Gremlin Nob","floor":7,"turns":4},{"damage":17,"enemies":"Lagavulin","floor":10,"turns":7},{"damage":0,"enemies":"Exordium Wildlife","floor":11,"turns":3},{"damage":2,"enemies":"Exordium Thugs","floor":14,"turns":4},{"damage":16,"enemies":"The Guardian","floor":16,"turns":15},{"damage":0,"enemies":"Spheric Guardian","floor":18,"turns":3},{"damage":3,"enemies":"Colosseum Slavers","floor":19,"turns":4},{"damage":16,"enemies":"Colosseum Nobs","floor":19,"turns":4},{"damage":2,"enemies":"Shell Parasite","floor":21,"turns":4},{"damage":0,"enemies":"Gremlin Leader","floor":24,"turns":5},{"damage":13,"enemies":"Sentry and Sphere","floor":27,"turns":4},{"damage":2,"enemies":"Cultist and Chosen","floor":28,"turns":4},{"damage":0,"enemies":"Slavers","floor":31,"turns":3},{"damage":51,"enemies":"Champ","floor":33,"turns":12},{"damage":0,"enemies":"3 Darklings","floor":35,"turns":2},{"damage":0,"enemies":"Orb Walker","floor":38,"turns":2},{"damage":6,"enemies":"Nemesis","floor":41,"turns":7},{"damage":0,"enemies":"3 Darklings","floor":46,"turns":2},{"damage":19,"enemies":"Maw","floor":47,"turns":3},{"damage":92,"enemies":"Time Eater","floor":50,"turns":8}],"seed_played":"-2608581027179145079","potions_obtained":[{"floor":1,"key":"Regen Potion"},{"floor":7,"key":"FairyPotion"},{"floor":11,"key":"Dexterity Potion"},{"floor":14,"key":"SteroidPotion"},{"floor":19,"key":"Energy Potion"},{"floor":31,"key":"Strength Potion"},{"floor":33,"key":"FairyPotion"},{"floor":41,"key":"Strength Potion"}],"is_trial":false,"path_per_floor":["M","M","$","M","?","R","E","$","T","E","M","R","$","M","R","B",null,"M","?","$","M","?","R","E","R","T","M","M","?","R","E","R","B",null,"M","$","?","M","?","R","E","R","T","R","$","M","M","?","R","B"],"character_chosen":"THE_SILENT","items_purchased":["Cloak And Dagger","Quick Slash","Backflip","Backflip","Phantasmal Killer","Poisoned Stab"],"campfire_rested":1,"item_purchase_floors":[3,13,13,20,36,45],"current_hp_per_floor":[70,70,70,70,52,52,44,44,44,27,27,27,27,25,25,9,70,70,51,51,49,49,49,49,49,49,36,34,34,34,34,34,7,70,70,70,66,66,66,66,60,60,60,60,60,60,41,41,66,0],"gold":150,"neow_bonus":"RANDOM_COMMON_RELIC","is_prod":false,"is_daily":false,"chose_seed":false,"campfire_upgraded":7,"win_rate":0,"timestamp":1541255774,"path_taken":["M","M","$","M","?","R","E","$","T","E","M","R","$","M","R","BOSS","M","?","$","M","?","R","E","R","T","?","M","?","R","E","R","BOSS","M","$","?","M","?","R","E","R","T","R","$","M","M","?","R","BOSS"],"build_version":"2018-11-01","purchased_purges":3,"victory":false,"max_hp_per_floor":[70,70,70,70,70,70,70,70,70,70,70,70,70,70,70,70,70,70,70,70,70,70,70,70,70,70,70,70,70,70,70,70,70,70,70,70,66,66,66,66,66,66,66,66,66,66,66,66,66,66],"card_choices":[{"not_picked":["Caltrops","Underhanded Strike"],"picked":"Predator","floor":1},{"not_picked":["Skewer","Acrobatics"],"picked":"Cloak And Dagger","floor":2},{"not_picked":["Tactician","Bane","Underhanded Strike"],"picked":"SKIP","floor":4},{"not_picked":["Endless Agony","Catalyst"],"picked":"Die Die Die","floor":7},{"not_picked":["Quick Slash","Backstab"],"picked":"Dash","floor":10},{"not_picked":["Flying Knee","Expertise"],"picked":"Footwork","floor":11},{"not_picked":["Dodge and Roll","Sucker Punch"],"picked":"Backflip","floor":14},{"not_picked":["A Thousand Cuts","Unload"],"picked":"Adrenaline","floor":16},{"not_picked":["Deadly Poison","Setup"],"picked":"Slice+1","floor":18},{"not_picked":["Acrobatics+1","Bouncing Flask"],"picked":"Escape Plan","floor":19},{"not_picked":["Flying Knee+1","Backflip","Heel Hook"],"picked":"SKIP","floor":21},{"not_picked":["Quick Slash","Corpse Explosion","Reflex"],"picked":"SKIP","floor":24},{"not_picked":["Flying Knee","Predator+1"],"picked":"Slice","floor":27},{"not_picked":["Terror+1","Acrobatics"],"picked":"Outmaneuver","floor":28},{"not_picked":["Slice","Flying Knee"],"picked":"Deflect+1","floor":31},{"not_picked":["Corpse Explosion","Glass Knife"],"picked":"Adrenaline","floor":33},{"not_picked":["Infinite Blades+1","Outmaneuver"],"picked":"Slice+1","floor":35},{"not_picked":["Underhanded Strike+1","Flying Knee","Dodge and Roll+1"],"picked":"SKIP","floor":38},{"not_picked":["Deflect","Expertise+1"],"picked":"Poisoned Stab+1","floor":41},{"not_picked":["Sucker Punch+1","Dash"],"picked":"Terror","floor":46},{"not_picked":["Leg Sweep","Cloak And Dagger+1"],"picked":"Riddle With Holes+1","floor":47}],"player_experience":106768,"relics_obtained":[{"floor":7,"key":"Dodecahedron"},{"floor":9,"key":"Ginger"},{"floor":10,"key":"Regal Pillow"},{"floor":19,"key":"Nunchaku"},{"floor":19,"key":"Sundial"},{"floor":24,"key":"Darkstone Periapt"},{"floor":26,"key":"Unceasing Top"},{"floor":31,"key":"Juzu Bracelet"},{"floor":41,"key":"Orichalcum"},{"floor":43,"key":"Ancient Tea Set"}],"event_choices":[{"damage_healed":0,"gold_gain":0,"player_choice":"Success","damage_taken":18,"relics_obtained":["Girya"],"max_hp_gain":0,"max_hp_loss":0,"event_name":"Scrap Ooze","floor":5,"gold_loss":0},{"damage_healed":0,"gold_gain":0,"player_choice":"Fight","damage_taken":0,"max_hp_gain":0,"max_hp_loss":0,"event_name":"Colosseum","floor":19,"gold_loss":0},{"damage_healed":0,"gold_gain":0,"player_choice":"Fought Nobs","damage_taken":0,"max_hp_gain":0,"max_hp_loss":0,"event_name":"Colosseum","floor":19,"gold_loss":0},{"cards_removed":["Expertise"],"damage_healed":0,"gold_gain":0,"player_choice":"Gave Card","damage_taken":0,"relics_obtained":["Centennial Puzzle"],"max_hp_gain":0,"max_hp_loss":0,"event_name":"WeMeetAgain","floor":22,"gold_loss":0},{"damage_healed":0,"gold_gain":0,"player_choice":"Copied","damage_taken":0,"max_hp_gain":0,"max_hp_loss":0,"event_name":"Duplicator","floor":29,"gold_loss":0,"cards_obtained":["Adrenaline"]},{"damage_healed":0,"gold_gain":0,"player_choice":"Max HP","damage_taken":0,"max_hp_gain":0,"max_hp_loss":4,"event_name":"Winding Halls","floor":37,"gold_loss":0},{"damage_healed":0,"gold_gain":0,"player_choice":"Paid","damage_taken":0,"relics_obtained":["Red Mask"],"max_hp_gain":0,"max_hp_loss":0,"event_name":"Tomb of Lord Red Mask","floor":39,"gold_loss":113},{"damage_healed":0,"gold_gain":100,"player_choice":"Pray","damage_taken":0,"max_hp_gain":0,"max_hp_loss":0,"event_name":"Golden Shrine","floor":48,"gold_loss":0}],"is_beta":false,"boss_relics":[{"not_picked":["Runic Pyramid","Black Star"],"picked":"Pandora\u0027s Box"},{"not_picked":["Runic Dome","Tiny House"],"picked":"HoveringKite"}],"items_purged_floors":[3,20,36],"is_endless":false,"potions_floor_spawned":[1,7,11,14,19,27,28,31,33,41,46,47],"killed_by":"Time Eater","ascension_level":4}