{"gold_per_floor":[20,31,45,63,80,80,136,136,160,160,160,170,203,223,223,301,301,316,366,382,382,397,426,437,449,449,148,160,160,192,204,204,279,279,299,299,299,299,299,299,326,326,326,326,343,353,87,112,112,112],"floor_reached":51,"playtime":4684,"items_purged":["Strike_R"],"score":1292,"play_id":"13a337f1-1eb7-470f-9aaa-d6a30649f78a","local_time":"20190117000328","is_ascension_mode":true,"campfire_choices":[{"data":"Whirlwind","floor":6,"key":"SMITH"},{"data":"Armaments","floor":11,"key":"SMITH"},{"data":"Shockwave","floor":15,"key":"SMITH"},{"data":"Demon Form","floor":29,"key":"SMITH"},{"data":"Panacea","floor":32,"key":"SMITH"},{"data":"Exhume","floor":40,"key":"SMITH"},{"data":"Double Tap","floor":42,"key":"SMITH"},{"data":"Disarm","floor":44,"key":"SMITH"},{"data":"Disarm","floor":49,"key":"SMITH"}],"neow_cost":"NO_GOLD","seed_source_timestamp":537756082970772,"circlet_count":0,"master_deck":["AscendersBane","Defend_R","Defend_R","Defend_R","Defend_R","Bash","Reaper","Iron Wave","Whirlwind+1","Iron Wave","Armaments+1","Shockwave+1","Ghostly Armor","Spot Weakness","Demon Form+1","Metallicize+1","Shrug It Off","Disarm+1","Double Tap+1","Panacea+1","Ghostly Armor","Exhume+1","Finesse","Disarm+1","Heavy Blade+1","Battle Trance"],"relics":["Black Blood","Mummified Hand","Bag of Preparation","Pocketwatch","Sozu","Bottled Tornado","Mango","Strawberry","Oddly Smooth Stone","Vajra","Letter Opener","Happy Flower","Regal Pillow"],"potions_floor_usage":[4,13,16,41],"damage_taken":[{"damage":1,"enemies":"Cultist","floor":1,"turns":3},{"damage":11,"enemies":"Jaw Worm","floor":2,"turns":4},{"damage":14,"enemies":"Small Slimes","floor":3,"turns":4},{"damage":48,"enemies":"Exordium Thugs","floor":4,"turns":8},{"damage":8,"enemies":"Blue Slaver","floor":5,"turns":6},{"damage":0,"enemies":"Gremlin Gang","floor":12,"turns":1},{"damage":15,"enemies":"3 Sentries","floor":13,"turns":4},{"damage":0,"enemies":"2 Fungi Beasts","floor":14,"turns":2},{"damage":4,"enemies":"Hexaghost","floor":16,"turns":9},{"damage":19,"enemies":"Spheric Guardian","floor":18,"turns":7},{"damage":5,"enemies":"Shell Parasite","floor":20,"turns":5},{"damage":18,"enemies":"Sentry and Sphere","floor":22,"turns":6},{"damage":29,"enemies":"Slavers","floor":23,"turns":5},{"damage":24,"enemies":"Snake Plant","floor":24,"turns":4},{"damage":9,"enemies":"Snecko","floor":25,"turns":5},{"damage":4,"enemies":"Centurion and Healer","floor":28,"turns":5},{"damage":31,"enemies":"Gremlin Leader","floor":30,"turns":5},{"damage":16,"enemies":"Snake Plant","floor":31,"turns":4},{"damage":37,"enemies":"Collector","floor":33,"turns":8},{"damage":3,"enemies":"3 Shapes","floor":35,"turns":7},{"damage":13,"enemies":"Reptomancer","floor":41,"turns":5},{"damage":3,"enemies":"Orb Walker","floor":45,"turns":4},{"damage":4,"enemies":"Spire Growth","floor":46,"turns":6},{"damage":10,"enemies":"Giant Head","floor":48,"turns":6},{"damage":51,"enemies":"Donu and Deca","floor":50,"turns":9}],"seed_played":"-4444673809940492275","potions_obtained":[{"floor":3,"key":"Poison Potion"},{"floor":5,"key":"Strength Potion"},{"floor":12,"key":"Swift Potion"},{"floor":14,"key":"EssenceOfSteel"},{"floor":16,"key":"GamblersBrew"}],"is_trial":false,"path_per_floor":["M","M","M","M","M","R","?","T","T","?","R","M","E","M","R","B",null,"M","?","M","?","M","E","M","M","T","$","M","R","E","M","R","B",null,"M","?","?","?","?","R","E","R","T","R","M","M","$","E","R","B",null],"character_chosen":"IRONCLAD","items_purchased":["Double Tap","Panacea","Strawberry","Happy Flower","Battle Trance"],"campfire_rested":0,"item_purchase_floors":[27,27,27,47,47],"current_hp_per_floor":[75,70,70,36,34,34,34,34,34,34,34,40,49,55,55,69,74,61,54,70,70,58,48,30,31,45,52,72,72,65,55,55,65,88,96,86,86,86,81,81,91,91,91,91,91,91,91,91,91,50],"gold":112,"neow_bonus":"TRANSFORM_TWO_CARDS","is_prod":false,"is_daily":false,"chose_seed":false,"campfire_upgraded":9,"win_rate":0,"timestamp":1547712208,"path_taken":["M","M","M","M","M","R","?","?","T","?","R","?","E","M","R","BOSS","M","?","?","?","M","E","?","M","T","$","M","R","E","?","R","BOSS","M","?","?","?","?","R","E","R","T","R","?","M","?","E","R","BOSS"],"build_version":"2019-01-10","purchased_purges":1,"victory":true,"max_hp_per_floor":[75,75,75,75,75,75,75,75,75,75,75,75,75,75,75,75,75,75,75,75,75,75,75,75,75,89,96,96,96,96,96,96,96,96,96,96,91,91,91,91,91,91,91,91,91,91,91,91,91,91],"card_choices":[{"not_picked":["Perfected Strike","Fire Breathing"],"picked":"Iron Wave","floor":1},{"not_picked":["Ghostly Armor","Second Wind"],"picked":"Whirlwind","floor":2},{"not_picked":["Heavy Blade","Headbutt","Combust"],"picked":"SKIP","floor":3},{"not_picked":["Cleave","Sever Soul"],"picked":"Iron Wave","floor":4},{"not_picked":["Reckless Charge","Clash","Combust"],"picked":"SKIP","floor":5},{"not_picked":["Heavy Blade","Shrug It Off"],"picked":"Shockwave","floor":12},{"not_picked":["Twin Strike","Clothesline"],"picked":"Ghostly Armor","floor":13},{"not_picked":["Brutality","Blood for Blood"],"picked":"Spot Weakness","floor":14},{"not_picked":["Dark Embrace","Exhume"],"picked":"Demon Form","floor":16},{"not_picked":["Combust","Clothesline"],"picked":"Metallicize+1","floor":18},{"not_picked":["Sever Soul+1","Pommel Strike+1","Body Slam"],"picked":"SKIP","floor":20},{"not_picked":["Pommel Strike","Clothesline"],"picked":"Shrug It Off","floor":22},{"not_picked":["Cleave","Flex"],"picked":"Disarm","floor":23},{"not_picked":["Bloodletting","Body Slam","Perfected Strike"],"picked":"SKIP","floor":24},{"not_picked":["Body Slam","Havoc","Headbutt"],"picked":"SKIP","floor":25},{"not_picked":["Headbutt","Rampage","Warcry"],"picked":"SKIP","floor":28},{"not_picked":["Corruption","Clothesline"],"picked":"Ghostly Armor","floor":30},{"not_picked":["Seeing Red","Cleave","Flex"],"picked":"SKIP","floor":31},{"not_picked":["Immolate","Brutality"],"picked":"Exhume","floor":33},{"not_picked":["Heavy Blade","Twin Strike","True Grit"],"picked":"SKIP","floor":35},{"not_picked":["Violence","Good Instincts"],"picked":"Finesse","floor":36},{"not_picked":["Pommel Strike","Second Wind","Dropkick"],"picked":"SKIP","floor":41},{"not_picked":["Sword Boomerang+1","Flame Barrier"],"picked":"Disarm","floor":45},{"not_picked":["Flex","Shockwave"],"picked":"Heavy Blade+1","floor":46},{"not_picked":["Infernal Blade","Sword Boomerang","Cleave"],"picked":"SKIP","floor":48}],"player_experience":368304,"relics_obtained":[{"floor":8,"key":"Mummified Hand"},{"floor":9,"key":"Bag of Preparation"},{"floor":13,"key":"Pocketwatch"},{"floor":23,"key":"Bottled Tornado"},{"floor":26,"key":"Mango"},{"floor":30,"key":"Oddly Smooth Stone"},{"floor":41,"key":"Vajra"},{"floor":43,"key":"Letter Opener"},{"floor":48,"key":"Regal Pillow"}],"event_choices":[{"damage_healed":0,"gold_gain":56,"player_choice":"Gained Gold","damage_taken":0,"max_hp_gain":0,"max_hp_loss":0,"event_name":"Golden Wing","floor":7,"gold_loss":0},{"damage_healed":0,"gold_gain":0,"cards_transformed":["Strike_R"],"player_choice":"Change","damage_taken":0,"max_hp_gain":0,"max_hp_loss":0,"event_name":"Living Wall","floor":10,"gold_loss":0,"cards_obtained":["Armaments"]},{"damage_healed":0,"gold_gain":50,"player_choice":"Touch","damage_taken":7,"max_hp_gain":0,"max_hp_loss":0,"event_name":"FaceTrader","floor":19,"gold_loss":0},{"cards_removed":["Strike_R"],"damage_healed":0,"gold_gain":0,"player_choice":"Purged","damage_taken":0,"max_hp_gain":0,"max_hp_loss":0,"event_name":"Purifier","floor":21,"gold_loss":0},{"damage_healed":0,"gold_gain":0,"player_choice":"Memory 3","damage_taken":10,"max_hp_gain":0,"max_hp_loss":0,"event_name":"SensoryStone","floor":36,"gold_loss":0},{"damage_healed":0,"gold_gain":0,"player_choice":"Max HP","damage_taken":0,"max_hp_gain":0,"max_hp_loss":5,"event_name":"Winding Halls","floor":37,"gold_loss":0},{"cards_removed":["Sever Soul"],"damage_healed":0,"gold_gain":0,"player_choice":"Removed Attack","damage_taken":0,"max_hp_gain":0,"max_hp_loss":0,"event_name":"Falling","floor":38,"gold_loss":0},{"damage_healed":0,"gold_gain":0,"player_choice":"Bought 0 Potions","damage_taken":0,"max_hp_gain":0,"max_hp_loss":0,"event_name":"The Woman in Blue","floor":39,"gold_loss":0}],"is_beta":false,"boss_relics":[{"not_picked":["Astrolabe","Eternal Feather"],"picked":"Sozu"},{"not_picked":["Runic Pyramid","Empty Cage"],"picked":"Black Blood"}],"items_purged_floors":[47],"is_endless":false,"potions_floor_spawned":[3,5,12,14,16,18,28,30,33,45,48],"ascension_level":15}