{"gold_per_floor":[111,111,122,8,8,8,8,38,38,38,58,84,84,103,103,199,199,212,212,212,223,242,242,258,284,284,0,0,0,16,33,33,131,131,150,72,72,72,83,83,109,109,109,120,120,120,45,58,58,58],"floor_reached":51,"playtime":3401,"items_purged":["Injury"],"score":1022,"play_id":"134499e6-cb04-4cc3-b4d5-72f472a591a0","local_time":"20181002213443","is_ascension_mode":true,"campfire_choices":[{"data":"Cloak And Dagger","floor":6,"key":"SMITH"},{"floor":10,"key":"REST"},{"data":"Finisher","floor":13,"key":"SMITH"},{"data":"Cloak And Dagger","floor":15,"key":"SMITH"},{"data":"RitualDagger","floor":23,"key":"SMITH"},{"data":"Chrysalis","floor":29,"key":"SMITH"},{"data":"Accuracy","floor":32,"key":"SMITH"},{"data":"Secret Weapon","floor":40,"key":"SMITH"},{"data":"Leg Sweep","floor":42,"key":"SMITH"},{"data":"Dash","floor":45,"key":"SMITH"},{"data":"Cloak And Dagger","floor":49,"key":"SMITH"}],"neow_cost":"NONE","seed_source_timestamp":906562894439912,"circlet_count":0,"master_deck":["Defend_G","Defend_G","Defend_G","Defend_G","Defend_G","Survivor","Neutralize","Cloak And Dagger+1","Escape Plan","Backstab","Finisher+1","Slice","Cloak And Dagger+1","Deflect","Bite","Bite","Bite","Bite","Bite","RitualDagger+1","Dash+1","Cloak And Dagger+1","Adrenaline","Footwork","Chrysalis+1","Acrobatics","Leg Sweep+1","Accuracy+1","Backflip+1","Malaise","Infinite Blades","Blur","Secret Weapon+1","PiercingWail","Dash+1"],"relics":["WristBlade","Regal Pillow","Matryoshka","Oddly Smooth Stone","Centennial Puzzle","Thread and Needle","Sozu","Ornamental Fan","Boot","Bottled Flame","Cursed Key","Pantograph","Bottled Tornado"],"potions_floor_usage":[8,16,33,33],"damage_taken":[{"damage":0,"enemies":"2 Louse","floor":1,"turns":3},{"damage":2,"enemies":"Jaw Worm","floor":3,"turns":4},{"damage":15,"enemies":"3 Sentries","floor":8,"turns":9},{"damage":0,"enemies":"Small Slimes","floor":11,"turns":2},{"damage":30,"enemies":"Gremlin Nob","floor":12,"turns":4},{"damage":0,"enemies":"Gremlin Gang","floor":14,"turns":5},{"damage":17,"enemies":"Slime Boss","floor":16,"turns":10},{"damage":7,"enemies":"Chosen","floor":18,"turns":5},{"damage":0,"enemies":"3 Byrds","floor":21,"turns":6},{"damage":0,"enemies":"3 Cultists","floor":22,"turns":5},{"damage":0,"enemies":"Centurion and Healer","floor":24,"turns":4},{"damage":15,"enemies":"Slavers","floor":25,"turns":6},{"damage":5,"enemies":"Snake Plant","floor":30,"turns":4},{"damage":9,"enemies":"Sentry and Sphere","floor":31,"turns":4},{"damage":58,"enemies":"Automaton","floor":33,"turns":15},{"damage":0,"enemies":"Orb Walker","floor":35,"turns":2},{"damage":0,"enemies":"3 Darklings","floor":39,"turns":8},{"damage":26,"enemies":"2 Orb Walkers","floor":41,"turns":7},{"damage":6,"enemies":"Reptomancer","floor":44,"turns":7},{"damage":0,"enemies":"4 Shapes","floor":48,"turns":3},{"damage":26,"enemies":"Awakened One","floor":50,"turns":21}],"seed_played":"2828147489382973061","potions_obtained":[{"floor":1,"key":"LiquidBronze"},{"floor":11,"key":"Poison Potion"},{"floor":14,"key":"SteroidPotion"}],"is_trial":false,"path_per_floor":["M","?","M","$","?","R","?","E","T","R","M","E","R","M","R","B",null,"M","?","?","M","M","R","M","E","T","$","?","R","M","M","R","B",null,"M","$","?","?","M","R","E","R","T","M","R","?","$","M","R","B"],"character_chosen":"THE_SILENT","items_purchased":["Escape Plan","GhostInAJar","Footwork","Chrysalis","Acrobatics","Blur"],"campfire_rested":1,"item_purchase_floors":[4,4,27,27,27,36],"current_hp_per_floor":[63,51,49,49,49,49,54,39,39,75,75,45,45,45,45,28,63,56,52,46,52,52,52,52,47,47,47,47,47,46,45,45,7,41,45,45,45,45,52,52,34,34,34,36,36,36,36,40,40,52],"gold":58,"neow_bonus":"BOSS_RELIC","is_prod":false,"is_daily":false,"chose_seed":false,"campfire_upgraded":10,"win_rate":0,"timestamp":1538534083,"path_taken":["M","?","M","$","?","R","?","E","T","R","M","E","R","M","R","BOSS","M","?","?","M","M","R","M","E","T","$","?","R","?","M","R","BOSS","M","$","?","?","M","R","E","R","T","M","R","?","?","M","R","BOSS"],"build_version":"2018-09-27","purchased_purges":1,"victory":true,"max_hp_per_floor":[70,70,70,70,70,70,75,75,75,75,75,75,75,75,75,75,75,75,52,52,52,52,52,52,52,52,52,52,52,52,52,52,52,52,52,52,52,52,52,52,52,52,52,52,52,52,52,52,52,52],"card_choices":[{"not_picked":["PiercingWail","Flying Knee"],"picked":"Backstab","floor":1},{"not_picked":["Backflip","Flying Knee"],"picked":"Cloak And Dagger","floor":3},{"not_picked":["All Out Attack","Bane"],"picked":"Backstab","floor":8},{"not_picked":["Bouncing Flask","PiercingWail"],"picked":"Finisher","floor":11},{"not_picked":["Deflect","Choke"],"picked":"Slice","floor":12},{"not_picked":["Noxious Fumes","Acrobatics"],"picked":"Cloak And Dagger","floor":14},{"not_picked":["Riddle With Holes","Well Laid Plans"],"picked":"Deflect","floor":18},{"not_picked":["Dagger Throw+1","Riddle With Holes+1"],"picked":"Dash+1","floor":21},{"not_picked":["Crippling Poison","Tactician","Flying Knee+1"],"picked":"SKIP","floor":22},{"not_picked":["Deflect","Finisher+1"],"picked":"Cloak And Dagger","floor":24},{"not_picked":["Concentrate","Dash+1"],"picked":"Adrenaline","floor":25},{"not_picked":["Reflex","Acrobatics+1"],"picked":"Accuracy","floor":30},{"not_picked":["Deflect+1","Dodge and Roll+1"],"picked":"Backflip+1","floor":31},{"not_picked":["Die Die Die","Adrenaline"],"picked":"Malaise","floor":33},{"not_picked":["Quick Slash+1","Dodge and Roll+1"],"picked":"Infinite Blades","floor":35},{"not_picked":["Good Instincts","Sadistic Nature"],"picked":"Secret Weapon","floor":37},{"not_picked":["Underhanded Strike+1","Sucker Punch+1"],"picked":"PiercingWail","floor":39},{"not_picked":["Outmaneuver","Bane+1","Crippling Poison"],"picked":"SKIP","floor":41},{"not_picked":["Poisoned Stab+1","Bouncing Flask+1"],"picked":"Dash","floor":44},{"not_picked":["Setup","A Thousand Cuts","Dodge and Roll+1"],"picked":"SKIP","floor":48}],"player_experience":380189,"relics_obtained":[{"floor":8,"key":"Matryoshka"},{"floor":9,"key":"Oddly Smooth Stone"},{"floor":9,"key":"Centennial Puzzle"},{"floor":12,"key":"Thread and Needle"},{"floor":25,"key":"Ornamental Fan"},{"floor":26,"key":"Boot"},{"floor":26,"key":"Bottled Flame"},{"floor":41,"key":"Pantograph"},{"floor":43,"key":"Bottled Tornado"}],"event_choices":[{"event_name":"Scrap Ooze","player_choice":"success","floor":2,"damage_taken":12},{"event_name":"Liars Game","player_choice":"disagreed","floor":5,"damage_taken":0},{"event_name":"Big Fish","player_choice":"Donut","floor":7,"damage_taken":0},{"event_name":"Vampires","player_choice":"Became a vampire","floor":19,"damage_taken":0},{"event_name":"Nest","player_choice":"Joined the Cult","floor":20,"damage_taken":0},{"event_name":"The Library","player_choice":"Read","floor":28,"damage_taken":0},{"event_name":"SensoryStone","player_choice":"Memory 1","floor":37,"damage_taken":0},{"event_name":"Falling","player_choice":"Removed Attack","floor":38,"damage_taken":0},{"event_name":"The Lab","player_choice":"Got Potions","floor":46,"damage_taken":0}],"is_beta":false,"boss_relics":[{"not_picked":["HoveringKite","Calling Bell"],"picked":"Sozu"},{"not_picked":["Astrolabe","Busted Crown"],"picked":"Cursed Key"}],"items_purged_floors":[47],"is_endless":false,"potions_floor_spawned":[1,11,14,18,21,31,35],"ascension_level":9}