{"gold_per_floor":[111,58,58,133,147,147,228,228,228,244,244,274,285,311,311,382,382,394,406,331,331],"floor_reached":21,"playtime":1043,"items_purged":[],"score":346,"play_id":"002e9c6e-14b2-4864-a3f7-900cdbdf8797","local_time":"20190131145022","is_ascension_mode":true,"campfire_choices":[{"data":"Neutralize","floor":6,"key":"SMITH"},{"data":"Sucker Punch","floor":8,"key":"SMITH"},{"data":"Choke","floor":11,"key":"SMITH"},{"floor":15,"key":"REST"}],"neow_cost":"NONE","seed_source_timestamp":767890317509475,"circlet_count":0,"master_deck":["AscendersBane","Defend_G","Defend_G","Defend_G","Defend_G","Defend_G","Strike_G","Strike_G","Strike_G","Strike_G","Survivor","Neutralize+1","Bullet Time","Bane","Sucker Punch+1","Choke+1","Sucker Punch","Doppelganger","Cloak And Dagger","Storm of Steel","Corpse Explosion","PiercingWail","Acrobatics"],"relics":["Ring of the Snake","Shuriken","Pantograph","Orichalcum","StoneCalendar","Busted Crown"],"potions_floor_usage":[14,19,19],"damage_taken":[{"damage":0,"enemies":"Small Slimes","floor":1,"turns":5},{"damage":0,"enemies":"Jaw Worm","floor":5,"turns":5},{"damage":0,"enemies":"2 Louse","floor":10,"turns":3},{"damage":20,"enemies":"Gremlin Nob","floor":12,"turns":4},{"damage":2,"enemies":"2 Fungi Beasts","floor":13,"turns":4},{"damage":21,"enemies":"Lagavulin","floor":14,"turns":7},{"damage":20,"enemies":"Hexaghost","floor":16,"turns":9},{"damage":20,"enemies":"Shell Parasite","floor":18,"turns":3},{"damage":31,"enemies":"Chosen","floor":19,"turns":5},{"damage":16,"enemies":"Sentry and Sphere","floor":21,"turns":3}],"seed_played":"-5059289948623173641","potions_obtained":[{"floor":12,"key":"Explosive Potion"},{"floor":13,"key":"FearPotion"},{"floor":18,"key":"Explosive Potion"}],"is_trial":false,"path_per_floor":["M","$","?","?","M","R","T","R","T","M","R","E","M","E","R","B",null,"M","M","?","M"],"character_chosen":"THE_SILENT","items_purchased":["Sucker Punch"],"campfire_rested":1,"item_purchase_floors":[2],"current_hp_per_floor":[59,59,59,48,48,48,48,48,48,48,48,28,26,5,24,29,57,37,6,6,0],"gold":331,"neow_bonus":"ONE_RANDOM_RARE_CARD","is_prod":false,"is_daily":false,"chose_seed":false,"campfire_upgraded":3,"win_rate":0,"timestamp":1548967822,"path_taken":["M","$","?","?","M","R","?","R","T","M","R","E","M","E","R","BOSS","M","M","?","M"],"build_version":"2019-01-23","purchased_purges":0,"victory":false,"max_hp_per_floor":[66,66,66,66,66,66,66,66,66,66,66,66,66,66,66,66,66,66,66,66,66],"card_choices":[{"not_picked":["PiercingWail","Outmaneuver"],"picked":"Bane","floor":1},{"not_picked":["Backflip","Blade Dance"],"picked":"Choke","floor":5},{"not_picked":["Outmaneuver","Bane"],"picked":"Sucker Punch","floor":10},{"not_picked":["Sucker Punch","Dagger Throw"],"picked":"Doppelganger","floor":12},{"not_picked":["Quick Slash","Bane"],"picked":"Cloak And Dagger","floor":13},{"not_picked":["Dagger Throw","Deadly Poison"],"picked":"Storm of Steel","floor":14},{"not_picked":["Venomology","Burst"],"picked":"Corpse Explosion","floor":16},{"not_picked":[],"picked":"PiercingWail","floor":18},{"not_picked":[],"picked":"Acrobatics","floor":19}],"player_experience":645108,"relics_obtained":[{"floor":7,"key":"Shuriken"},{"floor":9,"key":"Pantograph"},{"floor":12,"key":"Orichalcum"},{"floor":14,"key":"StoneCalendar"}],"event_choices":[{"damage_healed":0,"gold_gain":0,"player_choice":"Ignored","damage_taken":0,"max_hp_gain":0,"max_hp_loss":0,"event_name":"Liars Game","floor":3,"gold_loss":0},{"damage_healed":0,"gold_gain":75,"player_choice":"Gather Gold","damage_taken":11,"max_hp_gain":0,"max_hp_loss":0,"event_name":"World of Goop","floor":4,"gold_loss":0},{"cards_removed":["Strike_G"],"damage_healed":0,"gold_gain":0,"player_choice":"Gave Gold","damage_taken":0,"max_hp_gain":0,"max_hp_loss":0,"event_name":"Beggar","floor":20,"gold_loss":75}],"is_beta":false,"boss_relics":[{"not_picked":["Tiny House","Eternal Feather"],"picked":"Busted Crown"}],"items_purged_floors":[],"is_endless":false,"potions_floor_spawned":[12,13,18],"killed_by":"Sentry and Sphere","ascension_level":17}