{"gold_per_floor":[109,123,123,72,89,89,103,135,162,18,18,30,30,55,55,127,127,147,72,72,85,4,4,15,15,15,35,66,66,66,82,82,159,159,175,187,137,151,168,202,202,5,5,5,5,5,5,19,19,19,19,19,19,19],"floor_reached":54,"playtime":3252,"items_purged":[],"score":1173,"play_id":"e2205cef-a9da-436b-87a6-d162c7a0c156","local_time":"20190127183141","is_ascension_mode":true,"campfire_choices":[{"data":"Crippling Poison","floor":6.0,"key":"SMITH"},{"data":"Neutralize","floor":11.0,"key":"SMITH"},{"floor":13.0,"key":"REST"},{"floor":15.0,"key":"REST"},{"data":"Wraith Form v2","floor":23.0,"key":"SMITH"},{"data":"Noxious Fumes","floor":25.0,"key":"SMITH"},{"data":"Wraith Form v2","floor":30.0,"key":"SMITH"},{"floor":32.0,"key":"REST"},{"floor":41.0,"key":"REST"},{"data":"Night Terror","floor":44.0,"key":"SMITH"},{"floor":46.0,"key":"RECALL"},{"data":"Footwork","floor":49.0,"key":"SMITH"},{"floor":52.0,"key":"REST"}],"neow_cost":"NONE","seed_source_timestamp":525610642379,"circlet_count":0,"master_deck":["AscendersBane","Defend_G","Defend_G+1","Defend_G","Defend_G","Defend_G","Strike_G+1","Strike_G+1","Survivor","Neutralize+1","Poisoned Stab","Crippling Poison+1","Dagger Throw","Predator","Noxious Fumes+1","Wraith Form v2+1","Footwork+1","Poisoned Stab","Backstab","PiercingWail","Well Laid Plans","Wraith Form v2+1","Bouncing Flask+1","Night Terror+1","Deadly Poison+1"],"special_seed":0,"relics":["Ring of the Snake","Potion Belt","Happy Flower","Strawberry","Bronze Scales","Blood Vial","White Beast Statue","WingedGreaves","Whetstone","Busted Crown","Juzu Bracelet","Lee\u0027s Waffle"],"potions_floor_usage":[],"damage_taken":[{"damage":0.0,"enemies":"Small Slimes","floor":1.0,"turns":4.0},{"damage":0.0,"enemies":"2 Louse","floor":2.0,"turns":3.0},{"damage":4.0,"enemies":"Cultist","floor":5.0,"turns":5.0},{"damage":1.0,"enemies":"Blue Slaver","floor":7.0,"turns":4.0},{"damage":23.0,"enemies":"3 Sentries","floor":8.0,"turns":11.0},{"damage":1.0,"enemies":"3 Louse","floor":12.0,"turns":3.0},{"damage":25.0,"enemies":"Gremlin Nob","floor":14.0,"turns":4.0},{"damage":13.0,"enemies":"Slime Boss","floor":16.0,"turns":9.0},{"damage":21.0,"enemies":"Shell Parasite","floor":18.0,"turns":6.0},{"damage":3.0,"enemies":"Spheric Guardian","floor":21.0,"turns":4.0},{"damage":3.0,"enemies":"Snake Plant","floor":24.0,"turns":4.0},{"damage":5.0,"enemies":"Centurion and Healer","floor":27.0,"turns":7.0},{"damage":3.0,"enemies":"Slavers","floor":28.0,"turns":5.0},{"damage":5.0,"enemies":"3 Cultists","floor":31.0,"turns":5.0},{"damage":9.0,"enemies":"Automaton","floor":33.0,"turns":10.0},{"damage":25.0,"enemies":"Orb Walker","floor":35.0,"turns":5.0},{"damage":13.0,"enemies":"3 Darklings","floor":36.0,"turns":5.0},{"damage":0.0,"enemies":"Jaw Worm Horde","floor":38.0,"turns":5.0},{"damage":18.0,"enemies":"Spire Growth","floor":39.0,"turns":6.0},{"damage":22.0,"enemies":"Reptomancer","floor":40.0,"turns":8.0},{"damage":3.0,"enemies":"Maw","floor":48.0,"turns":8.0},{"damage":63.0,"enemies":"Awakened One","floor":50.0,"turns":17.0},{"damage":76,"enemies":"Shield and Spear","floor":54,"turns":6}],"seed_played":"4123911567277737930","potions_obtained":[{"floor":7.0,"key":"SpeedPotion"},{"floor":14.0,"key":"Energy Potion"},{"floor":18.0,"key":"Swift Potion"},{"floor":21.0,"key":"SteroidPotion"},{"floor":24.0,"key":"AttackPotion"},{"floor":27.0,"key":"Energy Potion"},{"floor":28.0,"key":"PowerPotion"},{"floor":31.0,"key":"LiquidBronze"},{"floor":33.0,"key":"Regen Potion"},{"floor":35.0,"key":"GamblersBrew"},{"floor":36.0,"key":"EssenceOfSteel"},{"floor":38.0,"key":"Strength Potion"},{"floor":39.0,"key":"Weak Potion"},{"floor":40.0,"key":"PowerPotion"},{"floor":48.0,"key":"Block Potion"}],"is_trial":false,"path_per_floor":["M","M","?","$","M","R","M","E","T","$","R","M","R","E","R","B",null,"M","?","?","M","$","R","M","R","T","M","E","?","R","M","R","B",null,"M","M","?","M","M","E","R","$","T","R","$","R","?","M","R","B",null,"R","$","E"],"character_chosen":"THE_SILENT","items_purchased":["SpeedPotion","Noxious Fumes","GhostInAJar","Well Laid Plans","Lee\u0027s Waffle"],"campfire_rested":5,"item_purchase_floors":[4,10,10,22,42],"current_hp_per_floor":[59,59,54,54,50,50,49,33,33,33,33,32,53,28,49,38,64,45,45,45,44,44,44,43,43,43,40,39,39,39,36,57,50,67,44,47,47,49,33,13,34,80,80,80,80,80,76,73,73,12,60,76,76,0],"gold":19,"neow_bonus":"RANDOM_COMMON_RELIC","is_prod":false,"is_daily":false,"chose_seed":false,"campfire_upgraded":7,"win_rate":0,"timestamp":1548631901,"path_taken":["M","M","?","$","M","R","M","E","T","$","R","M","R","E","R","BOSS","M","?","?","M","$","R","M","R","T","M","E","?","R","M","R","BOSS","M","M","?","M","?","E","R","$","T","R","$","R","?","M","R","BOSS","R","$","E"],"build_version":"2019-01-23","purchased_purges":0,"victory":false,"max_hp_per_floor":[66,66,66,66,66,66,66,73,73,73,73,73,73,73,73,73,73,73,73,73,73,73,73,73,73,73,73,73,73,73,73,73,73,73,73,73,73,73,73,73,73,80,80,80,80,80,76,76,76,76,76,76,76,76],"card_choices":[{"not_picked":["Backflip","Deflect","Outmaneuver"],"picked":"SKIP","floor":1.0},{"not_picked":["Riddle With Holes","Leg Sweep"],"picked":"Poisoned Stab","floor":2.0},{"not_picked":["Bane","Masterful Stab"],"picked":"Crippling Poison","floor":5.0},{"not_picked":["Endless Agony","Tools of the Trade"],"picked":"Dagger Throw","floor":7.0},{"not_picked":["PiercingWail","Acrobatics"],"picked":"Predator","floor":8.0},{"not_picked":["Distraction","Outmaneuver","Dodge and Roll"],"picked":"SKIP","floor":12.0},{"not_picked":["Flying Knee","Poisoned Stab","Acrobatics"],"picked":"SKIP","floor":14.0},{"not_picked":["Tools of the Trade","A Thousand Cuts"],"picked":"Wraith Form v2","floor":16.0},{"not_picked":["Escape Plan","Distraction"],"picked":"Footwork","floor":18.0},{"not_picked":["Backflip","Deflect"],"picked":"PiercingWail","floor":21.0},{"not_picked":["Predator","Distraction","Bane"],"picked":"SKIP","floor":24.0},{"not_picked":["Slice","Flying Knee","Backstab"],"picked":"SKIP","floor":27.0},{"not_picked":["Underhanded Strike+1","Prepared"],"picked":"Wraith Form v2","floor":28.0},{"not_picked":["PiercingWail","Accuracy+1"],"picked":"Bouncing Flask","floor":31.0},{"not_picked":["Grand Finale","Unload"],"picked":"Night Terror","floor":33.0},{"not_picked":["Quick Slash"],"picked":"SKIP","floor":35.0},{"not_picked":["Dagger Spray+1"],"picked":"SKIP","floor":36.0},{"not_picked":[],"picked":"Deadly Poison+1","floor":38.0},{"not_picked":["Cloak And Dagger"],"picked":"SKIP","floor":39.0},{"not_picked":["Masterful Stab+1"],"picked":"SKIP","floor":40.0},{"not_picked":["Outmaneuver+1"],"picked":"SKIP","floor":48.0}],"player_experience":509868,"relics_obtained":[{"floor":8.0,"key":"Strawberry"},{"floor":9.0,"key":"Bronze Scales"},{"floor":14.0,"key":"Blood Vial"},{"floor":26.0,"key":"WingedGreaves"},{"floor":28.0,"key":"Whetstone"},{"floor":40.0,"key":"Juzu Bracelet"}],"event_choices":[{"damage_healed":0.0,"max_hp_gain":0.0,"max_hp_loss":0.0,"gold_gain":0.0,"event_name":"Scrap Ooze","player_choice":"Success","floor":3.0,"gold_loss":0.0,"damage_taken":5.0,"relics_obtained":["Happy Flower"]},{"cards_removed":["Strike_G"],"damage_healed":0.0,"max_hp_gain":0.0,"max_hp_loss":0.0,"gold_gain":0.0,"event_name":"Beggar","player_choice":"Gave Gold","floor":19.0,"gold_loss":75.0,"damage_taken":0.0},{"damage_healed":0.0,"max_hp_gain":0.0,"max_hp_loss":0.0,"gold_gain":0.0,"cards_transformed":["Strike_G","Strike_G"],"event_name":"Drug Dealer","player_choice":"Became Test Subject","floor":20.0,"gold_loss":0.0,"damage_taken":0.0,"cards_obtained":["Poisoned Stab","Backstab"]},{"damage_healed":0.0,"max_hp_gain":0.0,"max_hp_loss":0.0,"gold_gain":0.0,"event_name":"Cursed Tome","player_choice":"Ignored","floor":29.0,"gold_loss":0.0,"damage_taken":0.0},{"damage_healed":0.0,"max_hp_gain":0.0,"max_hp_loss":0.0,"gold_gain":0.0,"event_name":"Designer","player_choice":"Upgraded Two","floor":37.0,"gold_loss":50.0,"damage_taken":0.0,"cards_upgraded":["Bouncing Flask","Defend_G"]},{"damage_healed":0.0,"max_hp_gain":0.0,"max_hp_loss":4.0,"gold_gain":0.0,"event_name":"Winding Halls","player_choice":"Max HP","floor":47.0,"gold_loss":0.0,"damage_taken":0.0}],"is_beta":false,"boss_relics":[{"not_picked":["Empty Cage","Pandora\u0027s Box"],"picked":"White Beast Statue"},{"not_picked":["Orrery","HoveringKite"],"picked":"Busted Crown"}],"items_purged_floors":[],"is_endless":false,"potions_floor_spawned":[7,14,18,21,24,27,28,31,33,35,36,38,39,40,48],"killed_by":"Shield and Spear","ascension_level":15}