{"gold_per_floor":[113,113,131,146,160,160,170,170,170,205,205,216,230,230,230,230],"floor_reached":16,"playtime":1456,"items_purged":[],"score":135,"play_id":"a5b5a61d-a2a4-4488-a96f-78b6d90bd8c5","local_time":"20180824174439","is_ascension_mode":true,"campfire_choices":[{"data":"Armaments","floor":6,"key":"SMITH"},{"floor":8,"key":"REST"},{"data":"Juggernaut","floor":11,"key":"SMITH"},{"data":"Flex","floor":15,"key":"SMITH"}],"neow_cost":"PERCENT_DAMAGE","seed_source_timestamp":230217003633439,"circlet_count":0,"master_deck":["Strike_R","Strike_R","Strike_R","Strike_R","Strike_R","Defend_R","Defend_R","Defend_R","Defend_R","Bash","Armaments+1","Heavy Blade","Flex+1","Juggernaut+1","Feel No Pain","Entrench","Shrug It Off"],"relics":["Burning Blood","Incense Burner","Pear","Question Card"],"potions_floor_usage":[12,16],"damage_taken":[{"damage":13,"enemies":"Jaw Worm","floor":1,"turns":4},{"damage":0,"enemies":"Cultist","floor":3,"turns":3},{"damage":8,"enemies":"2 Louse","floor":4,"turns":2},{"damage":5,"enemies":"2 Fungi Beasts","floor":5,"turns":4},{"damage":13,"enemies":"Red Slaver","floor":7,"turns":4},{"damage":13,"enemies":"3 Sentries","floor":10,"turns":7},{"damage":16,"enemies":"3 Louse","floor":12,"turns":3},{"damage":18,"enemies":"Lots of Slimes","floor":13,"turns":5},{"damage":48,"enemies":"Hexaghost","floor":16,"turns":12}],"seed_played":"-8245939950083046237","potions_obtained":[{"floor":3,"key":"Fire Potion"},{"floor":7,"key":"Swift Potion"}],"is_trial":false,"path_per_floor":["M","?","M","M","M","R","M","R","T","E","R","M","M","?","R"],"character_chosen":"IRONCLAD","items_purchased":[],"campfire_rested":1,"item_purchase_floors":[],"current_hp_per_floor":[44,44,50,48,49,49,42,66,76,69,69,59,47,47,47,0],"gold":230,"neow_bonus":"ONE_RARE_RELIC","is_prod":false,"is_daily":false,"chose_seed":false,"campfire_upgraded":3,"win_rate":0,"timestamp":1535150679,"path_taken":["M","?","M","M","M","R","M","R","T","E","R","?","M","?","R","BOSS"],"build_version":"2018-08-23v2","purchased_purges":0,"victory":false,"max_hp_per_floor":[80,80,80,80,80,80,80,80,90,90,90,90,90,90,90,90],"card_choices":[{"not_picked":["Body Slam","Thunderclap"],"picked":"Armaments","floor":1},{"not_picked":["True Grit","Entrench"],"picked":"Heavy Blade","floor":3},{"not_picked":["Thunderclap","Heavy Blade"],"picked":"Flex","floor":4},{"not_picked":["Flame Barrier","Dropkick"],"picked":"Juggernaut","floor":5},{"not_picked":["Clash","Wild Strike"],"picked":"Feel No Pain","floor":7},{"not_picked":["Clash","Anger"],"picked":"Entrench","floor":10},{"not_picked":["Pummel","Berserk","Perfected Strike"],"picked":"Shrug It Off","floor":12},{"not_picked":["Clothesline","Power Through","Rage","Dropkick"],"picked":"SKIP","floor":13}],"player_experience":207507,"relics_obtained":[{"floor":9,"key":"Pear"},{"floor":10,"key":"Question Card"}],"event_choices":[{"event_name":"Shining Light","player_choice":"Ignored","floor":2,"damage_taken":0},{"event_name":"Liars Game","player_choice":"disagreed","floor":14,"damage_taken":0}],"is_beta":false,"boss_relics":[],"items_purged_floors":[],"is_endless":false,"potions_floor_spawned":[3,7],"killed_by":"Hexaghost","ascension_level":6}