{"gold_per_floor":[119,136,86,86,86,86,106,106,106,29,29,45,45,10,10,114,114,124,137,170,95,20,20,20,35,35,35,35,63,75,75,75,75],"floor_reached":33,"playtime":587,"items_purged":["Strike_R"],"score":276,"play_id":"5febafdf-c09a-4453-9195-2b5077f59bc8","local_time":"20181118002236","is_ascension_mode":false,"campfire_choices":[{"data":"Bash","floor":6,"key":"SMITH"},{"data":"Seeing Red","floor":8,"key":"SMITH"},{"data":"Dropkick","floor":11,"key":"SMITH"},{"data":"Defend_R","floor":13,"key":"SMITH"},{"data":"Inflame","floor":15,"key":"SMITH"},{"data":"Feed","floor":24,"key":"SMITH"},{"data":"Dropkick","floor":27,"key":"SMITH"},{"floor":32,"key":"REST"}],"neow_cost":"NONE","seed_source_timestamp":46009023115224,"circlet_count":0,"master_deck":["Strike_R","Strike_R","Defend_R","Defend_R+1","Defend_R","Defend_R","Bash+1","Thunderclap+1","Cleave+1","Seeing Red+1","Dropkick+1","Inflame+1","Offering","Dropkick+1","Feed+1","Shrug It Off"],"relics":["Burning Blood","NeowsBlessing","Anchor","Orrery","Red Mask","CultistMask","Singing Bowl","The Courier"],"potions_floor_usage":[18,20,25,25,25],"damage_taken":[{"damage":0,"enemies":"Small Slimes","floor":1,"turns":1},{"damage":0,"enemies":"2 Louse","floor":2,"turns":1},{"damage":0,"enemies":"Cultist","floor":7,"turns":1},{"damage":0,"enemies":"3 Louse","floor":12,"turns":2},{"damage":63,"enemies":"The Guardian","floor":16,"turns":10},{"damage":6,"enemies":"Spheric Guardian","floor":18,"turns":2},{"damage":7,"enemies":"3 Byrds","floor":19,"turns":3},{"damage":27,"enemies":"Masked Bandits","floor":20,"turns":4},{"damage":32,"enemies":"Sentry and Sphere","floor":25,"turns":6},{"damage":9,"enemies":"Gremlin Leader","floor":29,"turns":5},{"damage":6,"enemies":"Cultist and Chosen","floor":30,"turns":4},{"damage":81,"enemies":"Automaton","floor":33,"turns":8}],"seed_played":"5730179875049573675","potions_obtained":[{"floor":2,"key":"Energy Potion"},{"floor":12,"key":"BloodPotion"},{"floor":16,"key":"AttackPotion"},{"floor":18,"key":"BloodPotion"},{"floor":20,"key":"Weak Potion"}],"is_trial":false,"path_per_floor":["M","M","?","?","?","R","M","R","T","$","R","M","R","$","R","B",null,"M","M","?","?","$","?","R","M","T","R","$","E","M","?","R","B"],"character_chosen":"IRONCLAD","items_purchased":["Dropkick","Inflame"],"campfire_rested":1,"item_purchase_floors":[10,14],"current_hp_per_floor":[80,80,80,80,80,80,80,80,80,80,80,80,80,80,80,23,80,80,79,69,69,69,69,69,51,51,51,51,54,60,41,71,0],"gold":75,"neow_bonus":"THREE_ENEMY_KILL","is_prod":false,"is_daily":false,"chose_seed":false,"campfire_upgraded":7,"win_rate":0,"timestamp":1542500556,"path_taken":["M","M","?","?","?","R","?","R","T","$","R","M","R","$","R","BOSS","M","M","?","?","$","?","R","?","T","R","$","E","M","?","R","BOSS"],"build_version":"2018-11-15","purchased_purges":1,"victory":false,"max_hp_per_floor":[80,80,80,80,80,80,80,80,80,80,80,80,80,80,80,80,80,80,80,83,83,83,83,83,83,83,83,83,89,95,100,100,100],"card_choices":[{"not_picked":["Body Slam","Headbutt"],"picked":"Thunderclap","floor":1},{"not_picked":["Flex","Sword Boomerang"],"picked":"Cleave","floor":2},{"not_picked":["Power Through","Second Wind"],"picked":"Seeing Red","floor":7},{"not_picked":["Hemokinesis","Headbutt","Blood for Blood"],"picked":"SKIP","floor":12},{"not_picked":["Bludgeon","Exhume"],"picked":"Offering","floor":16},{"not_picked":["Twin Strike","Wild Strike"],"picked":"Dropkick","floor":17},{"not_picked":["Wild Strike","Pummel","Clothesline"],"picked":"SKIP","floor":18},{"not_picked":["Twin Strike","Spot Weakness"],"picked":"Feed","floor":19},{"not_picked":["Feel No Pain+1","Anger"],"picked":"Shrug It Off","floor":25},{"not_picked":["Combust","Flex","Feed"],"picked":"Singing Bowl","floor":29},{"not_picked":["Headbutt","Clash","Pommel Strike"],"picked":"Singing Bowl","floor":30}],"player_experience":187882,"relics_obtained":[{"floor":9,"key":"Anchor"},{"floor":20,"key":"Red Mask"},{"floor":26,"key":"Singing Bowl"},{"floor":29,"key":"The Courier"}],"event_choices":[{"cards_removed":["Strike_R"],"damage_healed":0,"gold_gain":0,"player_choice":"Card Removal","damage_taken":0,"max_hp_gain":0,"max_hp_loss":0,"event_name":"The Cleric","floor":3,"gold_loss":50},{"damage_healed":0,"gold_gain":0,"player_choice":"Grow","damage_taken":0,"max_hp_gain":0,"max_hp_loss":0,"event_name":"Living Wall","floor":4,"gold_loss":0,"cards_upgraded":["Thunderclap"]},{"damage_healed":0,"gold_gain":0,"player_choice":"Upgraded","damage_taken":0,"max_hp_gain":0,"max_hp_loss":0,"event_name":"Upgrade Shrine","floor":5,"gold_loss":0,"cards_upgraded":["Cleave"]},{"damage_healed":0,"gold_gain":0,"player_choice":"Fought Bandits","damage_taken":0,"max_hp_gain":0,"max_hp_loss":0,"event_name":"Masked Bandits","floor":20,"gold_loss":0},{"cards_removed":["Strike_R"],"damage_healed":0,"gold_gain":0,"player_choice":"Gave Gold","damage_taken":0,"max_hp_gain":0,"max_hp_loss":0,"event_name":"Beggar","floor":21,"gold_loss":75},{"damage_healed":0,"gold_gain":0,"player_choice":"Trade","damage_taken":0,"relics_obtained":["CultistMask"],"max_hp_gain":0,"max_hp_loss":0,"event_name":"FaceTrader","floor":23,"gold_loss":0},{"damage_healed":0,"gold_gain":0,"player_choice":"Shed Blood","damage_taken":24,"max_hp_gain":5,"max_hp_loss":0,"event_name":"Forgotten Altar","floor":31,"gold_loss":0}],"is_beta":false,"boss_relics":[{"not_picked":["Busted Crown","White Beast Statue"],"picked":"Orrery"}],"items_purged_floors":[22],"is_endless":false,"potions_floor_spawned":[2,12,16,18,20],"killed_by":"Automaton","ascension_level":0}