{"gold_per_floor":[11,11,25,25,39,96,16,16,91,91,16,28,57,81,81,184,184,199,216,22,22,22,22,22],"floor_reached":24,"playtime":770,"items_purged":["Strike_G"],"score":323,"play_id":"6d2fdc3c-58ff-472e-926e-282c7a8f0d58","local_time":"20181216025032","is_ascension_mode":true,"campfire_choices":[{"floor":8,"key":"REST"},{"floor":10,"key":"REST"},{"data":"Bouncing Flask","floor":15,"key":"SMITH"},{"floor":23,"key":"REST"}],"neow_cost":"NO_GOLD","seed_source_timestamp":41512130003449,"circlet_count":0,"master_deck":["AscendersBane","Defend_G","Defend_G","Defend_G","Defend_G","Defend_G","Strike_G","Strike_G","Strike_G","Strike_G","Survivor","Neutralize+1","Escape Plan","Deadly Poison","Escape Plan","Bouncing Flask+1","Footwork","Dodge and Roll","Doppelganger","After Image","Dodge and Roll","After Image"],"relics":["Ring of the Snake","Turnip","Snake Skull","Tiny Chest","Darkstone Periapt","Potion Belt","Bronze Scales","Black Star","DollysMirror"],"potions_floor_usage":[6,12,13,16],"damage_taken":[{"damage":0,"enemies":"2 Louse","floor":1,"turns":4},{"damage":3,"enemies":"Cultist","floor":3,"turns":6},{"damage":0,"enemies":"Small Slimes","floor":5,"turns":3},{"damage":31,"enemies":"3 Sentries","floor":6,"turns":14},{"damage":0,"enemies":"Exordium Wildlife","floor":12,"turns":5},{"damage":19,"enemies":"Gremlin Nob","floor":13,"turns":5},{"damage":27,"enemies":"Slime Boss","floor":16,"turns":14},{"damage":0,"enemies":"Spheric Guardian","floor":18,"turns":3},{"damage":4,"enemies":"3 Byrds","floor":19,"turns":3},{"damage":14,"enemies":"Colosseum Slavers","floor":21,"turns":6},{"damage":66,"enemies":"Gremlin Leader","floor":24,"turns":7}],"seed_played":"-9213155654719763001","potions_obtained":[{"floor":3,"key":"Fire Potion"},{"floor":6,"key":"PowerPotion"},{"floor":12,"key":"Ancient Potion"},{"floor":13,"key":"EssenceOfSteel"}],"is_trial":false,"path_per_floor":["M","?","M","?","M","E","$","R","T","R","$","M","E","T","R","B",null,"M","M","$","?","$","R","E"],"character_chosen":"THE_SILENT","items_purchased":["Footwork","DollysMirror"],"campfire_rested":3,"item_purchase_floors":[7,20],"current_hp_per_floor":[63,63,60,42,42,11,11,32,32,53,53,53,34,34,34,7,54,54,50,50,36,36,57,0],"gold":22,"neow_bonus":"ONE_RARE_RELIC","is_prod":false,"is_daily":false,"chose_seed":false,"campfire_upgraded":1,"win_rate":0,"timestamp":1544928632,"path_taken":["M","?","?","?","M","E","$","R","T","R","$","M","E","?","R","BOSS","M","M","$","?","$","R","E"],"build_version":"2018-12-13","purchased_purges":1,"victory":false,"max_hp_per_floor":[70,70,70,70,70,70,70,70,70,70,70,70,70,70,70,70,70,70,70,70,70,70,70,70],"card_choices":[{"not_picked":["Backflip","Cloak And Dagger"],"picked":"Escape Plan","floor":1},{"not_picked":["Distraction","Outmaneuver"],"picked":"Deadly Poison","floor":3},{"not_picked":["Sucker Punch","Predator"],"picked":"Escape Plan","floor":5},{"not_picked":["Quick Slash","Underhanded Strike"],"picked":"Bouncing Flask","floor":6},{"not_picked":["Masterful Stab","Dagger Spray"],"picked":"Dodge and Roll","floor":12},{"not_picked":["Blur","Bane"],"picked":"Doppelganger","floor":13},{"not_picked":["Bullet Time","Corpse Explosion"],"picked":"After Image","floor":16},{"not_picked":["Cloak And Dagger","Outmaneuver"],"picked":"Dodge and Roll","floor":18},{"not_picked":["Underhanded Strike+1","All Out Attack+1","Slice+1"],"picked":"SKIP","floor":19}],"player_experience":276981,"relics_obtained":[{"floor":6,"key":"Tiny Chest"},{"floor":9,"key":"Darkstone Periapt"},{"floor":13,"key":"Potion Belt"},{"floor":14,"key":"Bronze Scales"}],"event_choices":[{"damage_healed":0,"gold_gain":0,"player_choice":"Upgraded","damage_taken":0,"max_hp_gain":0,"max_hp_loss":0,"event_name":"Upgrade Shrine","floor":2,"gold_loss":0,"cards_upgraded":["Neutralize"]},{"damage_healed":0,"gold_gain":0,"player_choice":"Success","damage_taken":18,"relics_obtained":["Snake Skull"],"max_hp_gain":0,"max_hp_loss":0,"event_name":"Scrap Ooze","floor":4,"gold_loss":0},{"damage_healed":0,"gold_gain":0,"player_choice":"Fight","damage_taken":0,"max_hp_gain":0,"max_hp_loss":0,"event_name":"Colosseum","floor":21,"gold_loss":0},{"damage_healed":0,"gold_gain":0,"player_choice":"Fled From Nobs","damage_taken":0,"max_hp_gain":0,"max_hp_loss":0,"event_name":"Colosseum","floor":21,"gold_loss":0}],"is_beta":false,"boss_relics":[{"not_picked":["White Beast Statue","Velvet Choker"],"picked":"Black Star"}],"items_purged_floors":[11],"is_endless":false,"potions_floor_spawned":[3,6,12,13,21],"killed_by":"Gremlin Leader","ascension_level":12}