{"gold_per_floor":[116,116,116,126,140,170,170,180,180,180,180,213,213,242,242,242],"floor_reached":16,"playtime":1125,"items_purged":[],"score":183,"play_id":"3ff34c24-0d14-43cf-8342-fb98faf5e475","local_time":"20190124185753","is_ascension_mode":true,"campfire_choices":[{"floor":7,"key":"REST"},{"data":"Neutralize","floor":10,"key":"SMITH"},{"floor":15,"key":"REST"}],"neow_cost":"NONE","seed_source_timestamp":1351953828802453,"circlet_count":0,"master_deck":["AscendersBane","Defend_G","Defend_G","Defend_G","Defend_G","Defend_G","Strike_G","Strike_G","Strike_G","Survivor","Neutralize+1","Sucker Punch","Regret","Dagger Throw","Deadly Poison","Dodge and Roll","Tools of the Trade","Outmaneuver","Cloak And Dagger","Blur"],"relics":["Ring of the Snake","PreservedInsect","Matryoshka","Dodecahedron","Orichalcum","The Courier","Boot","Blood Vial","Sundial","Bottled Lightning"],"potions_floor_usage":[6,14,16],"damage_taken":[{"damage":3,"enemies":"2 Louse","floor":1,"turns":3},{"damage":1,"enemies":"Small Slimes","floor":4,"turns":4},{"damage":9,"enemies":"Jaw Worm","floor":5,"turns":5},{"damage":16,"enemies":"3 Sentries","floor":6,"turns":10},{"damage":5,"enemies":"Red Slaver","floor":8,"turns":4},{"damage":22,"enemies":"Lagavulin","floor":12,"turns":7},{"damage":1,"enemies":"Gremlin Nob","floor":14,"turns":3},{"damage":46,"enemies":"Slime Boss","floor":16,"turns":12}],"seed_played":"-8487755652039057169","potions_obtained":[{"floor":4,"key":"Dexterity Potion"},{"floor":12,"key":"FearPotion"},{"floor":14,"key":"Dexterity Potion"}],"is_trial":false,"path_per_floor":["M","?","?","M","M","E","R","M","T","R","?","E","T","E","R","B"],"character_chosen":"THE_SILENT","items_purchased":[],"campfire_rested":2,"item_purchase_floors":[],"current_hp_per_floor":[60,53,53,52,43,27,48,43,43,43,43,21,21,22,43,0],"gold":242,"neow_bonus":"RANDOM_COMMON_RELIC","is_prod":false,"is_daily":false,"chose_seed":false,"campfire_upgraded":1,"win_rate":0,"timestamp":1548374273,"path_taken":["M","?","?","M","M","E","R","M","T","R","?","E","?","E","R","BOSS"],"build_version":"2019-01-23","purchased_purges":0,"victory":false,"max_hp_per_floor":[70,70,70,70,70,70,70,70,70,70,70,70,70,70,70,70],"card_choices":[{"not_picked":["Terror","Underhanded Strike"],"picked":"Sucker Punch","floor":1},{"not_picked":["Accuracy","Riddle With Holes"],"picked":"Dagger Throw","floor":4},{"not_picked":["Acrobatics","Prepared"],"picked":"Deadly Poison","floor":5},{"not_picked":["Blade Dance","Predator"],"picked":"Dodge and Roll","floor":6},{"not_picked":["Underhanded Strike","Bane"],"picked":"Tools of the Trade","floor":8},{"not_picked":["Slice","Eviscerate"],"picked":"Cloak And Dagger","floor":12},{"not_picked":["Flechettes","Eviscerate"],"picked":"Blur","floor":14}],"player_experience":378069,"relics_obtained":[{"floor":6,"key":"Dodecahedron"},{"floor":9,"key":"Orichalcum"},{"floor":9,"key":"The Courier"},{"floor":12,"key":"Boot"},{"floor":13,"key":"Blood Vial"},{"floor":13,"key":"Sundial"},{"floor":14,"key":"Bottled Lightning"}],"event_choices":[{"cards_removed":["Strike_G"],"damage_healed":0,"gold_gain":0,"player_choice":"Card Removal","damage_taken":7,"max_hp_gain":0,"max_hp_loss":0,"event_name":"Golden Wing","floor":2,"gold_loss":0},{"damage_healed":0,"gold_gain":0,"player_choice":"Box","damage_taken":0,"relics_obtained":["Matryoshka"],"max_hp_gain":0,"max_hp_loss":0,"event_name":"Big Fish","floor":3,"gold_loss":0,"cards_obtained":["Regret"]},{"damage_healed":0,"gold_gain":0,"cards_transformed":["Strike_G"],"player_choice":"Change","damage_taken":0,"max_hp_gain":0,"max_hp_loss":0,"event_name":"Living Wall","floor":11,"gold_loss":0,"cards_obtained":["Outmaneuver"]}],"is_beta":false,"boss_relics":[],"items_purged_floors":[],"is_endless":false,"potions_floor_spawned":[4,12,14],"killed_by":"Slime Boss","ascension_level":11}