{"gold_per_floor":[117,117,170,182,200,200,210,210,210,210,210,225,34,66,66,164,164,174,174,174,186,48,48,65,65,65,65,81,81,97,97,97,195,195,214,214,46,46,57,57,57,57,108,138,153,28,58,75,75,75],"floor_reached":51,"playtime":1570,"items_purged":["Defend_G","Strike_G","Strike_G+1"],"score":864,"play_id":"ec8297ed-816e-4c51-9ef4-ba22dc79a0a6","local_time":"20181104184952","is_ascension_mode":true,"campfire_choices":[{"data":"Blur","floor":6,"key":"SMITH"},{"data":"Blur","floor":8,"key":"SMITH"},{"data":"Cloak And Dagger","floor":10,"key":"SMITH"},{"data":"Noxious Fumes","floor":15,"key":"SMITH"},{"data":"After Image","floor":23,"key":"SMITH"},{"data":"Neutralize","floor":25,"key":"SMITH"},{"data":"Slice","floor":29,"key":"SMITH"},{"data":"Leg Sweep","floor":32,"key":"SMITH"},{"floor":40,"key":"REST"},{"data":"Transmutation","floor":42,"key":"SMITH"},{"floor":49,"key":"REST"}],"neow_cost":"NONE","seed_source_timestamp":19437647486678,"circlet_count":0,"master_deck":["Defend_G+1","Defend_G+1","Defend_G+1","Strike_G+1","Survivor+1","Neutralize+1","Blur+1","Blur+1","Leg Sweep+1","Cloak And Dagger+1","Slice+1","Noxious Fumes+1","Dash+1","After Image+1","Prepared+1","Endless Agony+1","Dodge and Roll+1","Noxious Fumes+1","Cloak And Dagger+1","Blur+1","Flash of Steel+1","Backflip+1","Well Laid Plans+1","Prepared+1","Panache+1","Transmutation+1","Blade Dance+1","Infinite Blades+1"],"relics":["Ring of the Snake","NeowsBlessing","Whetstone","Darkstone Periapt","Tough Bandages","Thread and Needle","WristBlade","Frozen Egg 2","Runic Dome","Mark of the Bloom","Centennial Puzzle","Ninja Scroll","Mercury Hourglass"],"potions_floor_usage":[16,28,30,33,50,50],"damage_taken":[{"damage":0,"enemies":"Small Slimes","floor":1,"turns":1},{"damage":0,"enemies":"Jaw Worm","floor":4,"turns":1},{"damage":0,"enemies":"Cultist","floor":5,"turns":1},{"damage":5,"enemies":"3 Louse","floor":7,"turns":6},{"damage":0,"enemies":"Blue Slaver","floor":12,"turns":5},{"damage":1,"enemies":"Lagavulin","floor":14,"turns":10},{"damage":8,"enemies":"Slime Boss","floor":16,"turns":13},{"damage":0,"enemies":"Spheric Guardian","floor":18,"turns":4},{"damage":0,"enemies":"Shell Parasite","floor":21,"turns":7},{"damage":0,"enemies":"Sentry and Sphere","floor":24,"turns":8},{"damage":0,"enemies":"Shelled Parasite and Fungi","floor":28,"turns":4},{"damage":0,"enemies":"Snecko","floor":30,"turns":6},{"damage":22,"enemies":"Collector","floor":33,"turns":10},{"damage":0,"enemies":"Orb Walker","floor":35,"turns":5},{"damage":0,"enemies":"3 Shapes","floor":39,"turns":5},{"damage":3,"enemies":"Reptomancer","floor":44,"turns":7},{"damage":0,"enemies":"Jaw Worm Horde","floor":45,"turns":4},{"damage":0,"enemies":"Giant Head","floor":47,"turns":7},{"damage":0,"enemies":"Maw","floor":48,"turns":6},{"damage":12,"enemies":"Donu and Deca","floor":50,"turns":9}],"seed_played":"5669277009875473688","potions_obtained":[{"floor":5,"key":"Ancient Potion"},{"floor":14,"key":"AttackPotion"},{"floor":24,"key":"AttackPotion"},{"floor":30,"key":"SteroidPotion"},{"floor":44,"key":"Ancient Potion"},{"floor":48,"key":"FearPotion"}],"is_trial":false,"path_per_floor":["M","?","T","M","M","R","M","R","T","R","T","M","$","E","R","B",null,"M","?","?","M","$","R","M","R","T","?","M","R","M","?","R","B",null,"M","?","$","?","M","R","?","R","T","E","M","$","E","M","R","B",null],"character_chosen":"THE_SILENT","items_purchased":["Noxious Fumes","Dash","Noxious Fumes","Flash of Steel","Backflip","Well Laid Plans+1"],"campfire_rested":2,"item_purchase_floors":[13,13,22,37,37,37],"current_hp_per_floor":[70,63,63,63,63,63,58,58,58,58,58,58,58,57,57,49,70,70,70,70,70,70,70,70,70,70,70,70,70,70,57,57,35,75,75,71,71,71,71,71,61,61,61,58,58,58,58,58,58,46],"gold":75,"neow_bonus":"THREE_ENEMY_KILL","is_prod":false,"is_daily":false,"chose_seed":false,"campfire_upgraded":9,"win_rate":0,"timestamp":1541357392,"path_taken":["M","?","?","M","M","R","M","R","T","R","?","M","$","E","R","BOSS","M","?","?","?","$","R","M","R","T","?","?","R","M","?","R","BOSS","M","?","$","?","M","R","?","R","T","E","M","$","E","M","R","BOSS"],"build_version":"2018-11-01","purchased_purges":3,"victory":true,"max_hp_per_floor":[70,70,70,70,70,70,70,70,70,70,70,70,70,70,70,70,70,70,70,70,70,70,70,70,70,70,70,70,70,70,75,75,75,75,75,71,71,71,71,71,71,71,71,71,71,71,71,71,71,71],"card_choices":[{"not_picked":["Acrobatics","Distraction"],"picked":"Blur","floor":1},{"not_picked":["Deflect","Outmaneuver"],"picked":"Blur","floor":4},{"not_picked":["Deflect","Underhanded Strike"],"picked":"Leg Sweep","floor":5},{"not_picked":["Noxious Fumes","Poisoned Stab"],"picked":"Cloak And Dagger","floor":7},{"not_picked":["Calculated Gamble","Flying Knee"],"picked":"Slice","floor":12},{"not_picked":["Poisoned Stab","Dodge and Roll","Riddle With Holes"],"picked":"SKIP","floor":14},{"not_picked":["Wraith Form v2","Doppelganger"],"picked":"After Image","floor":16},{"not_picked":["Quick Slash","Dagger Throw+1"],"picked":"Prepared+1","floor":18},{"not_picked":["Dodge and Roll","Concentrate","Backstab+1"],"picked":"SKIP","floor":21},{"not_picked":["Quick Slash","Predator","Outmaneuver+1"],"picked":"SKIP","floor":24},{"not_picked":["Infinite Blades+1","Accuracy+1"],"picked":"Cloak And Dagger+1","floor":28},{"not_picked":["Dagger Throw","Flying Knee","Riddle With Holes"],"picked":"SKIP","floor":30},{"not_picked":["Slice","Eviscerate+1"],"picked":"Blur","floor":35},{"not_picked":["Underhanded Strike","Terror+1"],"picked":"Prepared+1","floor":39},{"not_picked":["Mind Blast","Mayhem+1"],"picked":"Panache+1","floor":41},{"not_picked":["Good Instincts","Trip"],"picked":"Transmutation","floor":41},{"not_picked":["Concentrate+1","Endless Agony"],"picked":"Blade Dance+1","floor":44},{"not_picked":["Flying Knee","Crippling Poison+1"],"picked":"Infinite Blades+1","floor":45},{"not_picked":["Night Terror","Acrobatics","Well Laid Plans+1"],"picked":"SKIP","floor":47},{"not_picked":["Dodge and Roll","Quick Slash","Prepared"],"picked":"SKIP","floor":48}],"player_experience":112758,"relics_obtained":[{"floor":3,"key":"Whetstone"},{"floor":9,"key":"Darkstone Periapt"},{"floor":11,"key":"Tough Bandages"},{"floor":14,"key":"Thread and Needle"},{"floor":26,"key":"Frozen Egg 2"},{"floor":43,"key":"Centennial Puzzle"},{"floor":44,"key":"Ninja Scroll"},{"floor":47,"key":"Mercury Hourglass"}],"event_choices":[{"cards_removed":["Defend_G"],"damage_healed":0,"gold_gain":0,"player_choice":"Card Removal","damage_taken":7,"max_hp_gain":0,"max_hp_loss":0,"event_name":"Golden Wing","floor":2,"gold_loss":0},{"damage_healed":0,"gold_gain":0,"player_choice":"Ignored","damage_taken":0,"max_hp_gain":0,"max_hp_loss":0,"event_name":"Cursed Tome","floor":19,"gold_loss":0},{"damage_healed":0,"gold_gain":0,"cards_transformed":["Strike_G","Strike_G"],"player_choice":"Became Test Subject","damage_taken":0,"max_hp_gain":0,"max_hp_loss":0,"event_name":"Drug Dealer","floor":20,"gold_loss":0,"cards_obtained":["Endless Agony","Dodge and Roll"]},{"damage_healed":0,"gold_gain":0,"player_choice":"Forge","damage_taken":0,"max_hp_gain":0,"max_hp_loss":0,"event_name":"Accursed Blacksmith","floor":27,"gold_loss":0,"cards_upgraded":["Noxious Fumes"]},{"damage_healed":0,"gold_gain":0,"player_choice":"Shed Blood","damage_taken":18,"max_hp_gain":5,"max_hp_loss":0,"event_name":"Forgotten Altar","floor":31,"gold_loss":0},{"damage_healed":0,"gold_gain":0,"player_choice":"Max HP","damage_taken":0,"max_hp_gain":0,"max_hp_loss":4,"event_name":"Winding Halls","floor":36,"gold_loss":0},{"damage_healed":0,"gold_gain":0,"player_choice":"Upgrade","damage_taken":0,"relics_obtained":["Mark of the Bloom"],"max_hp_gain":0,"max_hp_loss":0,"event_name":"MindBloom","floor":38,"gold_loss":0,"cards_upgraded":["Defend_G","Defend_G","Defend_G","Survivor","Dash","Endless Agony","Dodge and Roll","Blur","Flash of Steel","Backflip"]},{"damage_healed":0,"gold_gain":0,"player_choice":"Memory 3","damage_taken":10,"max_hp_gain":0,"max_hp_loss":0,"event_name":"SensoryStone","floor":41,"gold_loss":0}],"is_beta":false,"boss_relics":[{"not_picked":["Runic Pyramid","Pandora\u0027s Box"],"picked":"WristBlade"},{"not_picked":["Cursed Key","Lizard Tail"],"picked":"Runic Dome"}],"items_purged_floors":[13,22,46],"is_endless":false,"potions_floor_spawned":[5,14,24,30,44,48],"ascension_level":4}