{"gold_per_floor":[114,127,137,89,109,143,143,143,143,143,156,156,45,45,45,122,122,135,154,154,171,171,171,190,190,190,217,23,23],"floor_reached":29,"playtime":1391,"items_purged":["Regret"],"score":394,"play_id":"6c52cf2f-934c-4d54-92ab-e6d6905e2e1f","local_time":"20190116213935","is_ascension_mode":true,"campfire_choices":[{"data":"Shockwave","floor":8,"key":"SMITH"},{"data":"Bash","floor":10,"key":"SMITH"},{"data":"Clothesline","floor":12,"key":"SMITH"},{"data":"Evolve","floor":15,"key":"SMITH"},{"data":"Demon Form","floor":23,"key":"SMITH"},{"data":"Flame Barrier","floor":25,"key":"SMITH"}],"neow_cost":"TEN_PERCENT_HP_LOSS","seed_source_timestamp":532430363624843,"circlet_count":0,"master_deck":["AscendersBane","Strike_R","Strike_R","Strike_R","Strike_R","Strike_R","Defend_R","Defend_R","Defend_R","Defend_R","Bash+1","Shockwave+1","Shrug It Off","Clothesline+1","Evolve+1","Demon Form+1","Sword Boomerang+1","Flame Barrier+1","Flame Barrier","Iron Wave"],"relics":["Burning Blood","Nunchaku","Paper Frog","Regal Pillow","Pear","Coffee Dripper","MawBank","Brimstone"],"potions_floor_usage":[6,6],"damage_taken":[{"damage":0,"enemies":"Small Slimes","floor":1,"turns":3},{"damage":0,"enemies":"Cultist","floor":2,"turns":4},{"damage":14,"enemies":"Jaw Worm","floor":3,"turns":5},{"damage":4,"enemies":"Large Slime","floor":5,"turns":8},{"damage":17,"enemies":"Lagavulin","floor":6,"turns":5},{"damage":27,"enemies":"Exordium Thugs","floor":11,"turns":5},{"damage":37,"enemies":"The Guardian","floor":16,"turns":15},{"damage":19,"enemies":"2 Thieves","floor":18,"turns":5},{"damage":11,"enemies":"Shell Parasite","floor":19,"turns":6},{"damage":31,"enemies":"Cultist and Chosen","floor":21,"turns":7},{"damage":12,"enemies":"Snake Plant","floor":24,"turns":4},{"damage":2,"enemies":"Snecko","floor":27,"turns":4},{"damage":16,"enemies":"Centurion and Healer","floor":29,"turns":2}],"seed_played":"-2819241843449154915","potions_obtained":[{"floor":1,"key":"Energy Potion"},{"floor":2,"key":"LiquidBronze"},{"floor":3,"key":"PowerPotion"},{"floor":18,"key":"SmokeBomb"},{"floor":24,"key":"SpeedPotion"}],"is_trial":false,"path_per_floor":["M","M","M","$","M","E","?","R","T","R","M","R","$","?","R","B",null,"M","M","?","M","?","R","M","R","T","M","$","M"],"character_chosen":"IRONCLAD","items_purchased":["Shrug It Off","Evolve","Brimstone"],"campfire_rested":0,"item_purchase_floors":[4,13,28],"current_hp_per_floor":[68,68,60,60,62,51,51,51,61,61,40,40,40,40,40,9,61,48,43,43,18,18,18,12,12,12,16,16,0],"gold":23,"neow_bonus":"ONE_RARE_RELIC","is_prod":false,"is_daily":false,"chose_seed":false,"campfire_upgraded":6,"win_rate":0,"timestamp":1547703575,"path_taken":["M","M","M","$","M","E","?","R","T","R","M","R","$","?","R","BOSS","M","?","?","M","?","R","?","R","T","M","$","M"],"build_version":"2019-01-10","purchased_purges":1,"victory":false,"max_hp_per_floor":[68,68,68,68,68,68,68,68,78,78,78,78,78,78,78,78,78,78,78,78,78,78,78,78,78,78,78,78,78],"card_choices":[{"not_picked":["Wild Strike","Flex","Combust"],"picked":"SKIP","floor":1},{"not_picked":["Iron Wave","Pommel Strike"],"picked":"Shockwave","floor":2},{"not_picked":["Cleave","Heavy Blade","Pommel Strike"],"picked":"SKIP","floor":3},{"not_picked":["Dark Embrace","Twin Strike","Burning Pact"],"picked":"SKIP","floor":5},{"not_picked":["Headbutt","Heavy Blade","Corruption"],"picked":"SKIP","floor":6},{"not_picked":["Rage","True Grit"],"picked":"Clothesline","floor":11},{"not_picked":["Fiend Fire","Dark Embrace"],"picked":"Demon Form","floor":16},{"not_picked":["Infernal Blade","Warcry"],"picked":"Sword Boomerang+1","floor":18},{"not_picked":["Sentinel","Anger","Havoc"],"picked":"SKIP","floor":19},{"not_picked":["Anger","Clash+1"],"picked":"Flame Barrier","floor":21},{"not_picked":["Warcry","Clash","True Grit"],"picked":"SKIP","floor":24},{"not_picked":["Power Through","Combust"],"picked":"Iron Wave","floor":27}],"player_experience":364526,"relics_obtained":[{"floor":6,"key":"Paper Frog"},{"floor":9,"key":"Pear"},{"floor":26,"key":"MawBank"}],"event_choices":[{"damage_healed":0,"gold_gain":0,"player_choice":"Box","damage_taken":0,"relics_obtained":["Regal Pillow"],"max_hp_gain":0,"max_hp_loss":0,"event_name":"Big Fish","floor":7,"gold_loss":0,"cards_obtained":["Regret"]},{"damage_healed":0,"gold_gain":0,"player_choice":"Ignored","damage_taken":0,"max_hp_gain":0,"max_hp_loss":0,"event_name":"WeMeetAgain","floor":14,"gold_loss":0},{"damage_healed":0,"gold_gain":0,"player_choice":"Ignored","damage_taken":0,"max_hp_gain":0,"max_hp_loss":0,"event_name":"Ghosts","floor":20,"gold_loss":0},{"damage_healed":0,"gold_gain":0,"player_choice":"Copied","damage_taken":0,"max_hp_gain":0,"max_hp_loss":0,"event_name":"Duplicator","floor":22,"gold_loss":0,"cards_obtained":["Flame Barrier"]}],"is_beta":false,"boss_relics":[{"not_picked":["Snecko Eye","White Beast Statue"],"picked":"Coffee Dripper"}],"items_purged_floors":[13],"is_endless":false,"potions_floor_spawned":[1,2,3,18,24],"killed_by":"Centurion and Healer","ascension_level":15}