{"gold_per_floor":[213,12,30,43,43,78,98,109,109,134,150,170,170,184,184,281,281,297,29,57,57,72,72,72,72,72,72,90,101,114,130,130,225,225,243,256,181,201,9,9,109,128,128,128,128,147,165,13,13,13],"floor_reached":51,"playtime":3206,"items_purged":["Parasite"],"score":665,"play_id":"8604a69d-1a94-4055-a494-28d80542ae1d","local_time":"20190123234942","is_ascension_mode":false,"campfire_choices":[{"floor":13,"key":"REST"},{"data":"Slimebound:TendrilStrike","floor":15,"key":"SMITH"},{"data":"Slimebound:GangUp","floor":15,"key":"SMITH"},{"data":"Slimebound:SuperSplit","floor":23,"key":"SMITH"},{"data":"Slimebound:LeechLife","floor":23,"key":"SMITH"},{"data":"Slimebound:RejuvenatingLick","floor":25,"key":"SMITH"},{"data":"Slimebound:ProtectTheBoss","floor":25,"key":"SMITH"},{"data":"Slimebound:FormABlockade","floor":27,"key":"SMITH"},{"data":"Slimebound:SlimeSpikes","floor":27,"key":"SMITH"},{"data":"Slimebound:SlimeBarrage","floor":32,"key":"SMITH"},{"data":"Slimebound:FormABlockade","floor":32,"key":"SMITH"},{"data":"Slimebound:Teamwork","floor":40,"key":"SMITH"},{"data":"Slimebound:LivingWall","floor":40,"key":"SMITH"},{"data":"Slimebound:SpikyOuterGoop","floor":45,"key":"SMITH"},{"data":"Slimebound:DivideAndConquer","floor":45,"key":"SMITH"},{"data":"Slimebound:Overexert","floor":49,"key":"SMITH"},{"data":"Slimebound:StrayGoop","floor":49,"key":"SMITH"}],"neow_cost":"NONE","seed_source_timestamp":1237285675678600,"circlet_count":0,"master_deck":["Slimebound:Strike_Slimebound","Slimebound:Strike_Slimebound","Slimebound:Defend_Slimebound","Slimebound:Defend_Slimebound","Slimebound:Defend_Slimebound","Slimebound:Defend_Slimebound","Slimebound:Split","Slimebound:CorrosiveSpit","Slimebound:PoisonLick","Slimebound:DivideAndConquer+1","Slimebound:GoopSpray","Slimebound:SamplingLick","Slimebound:ProtectTheBoss+1","Slimebound:TendrilStrike+1","Slimebound:GangUp+1","Slimebound:AcidGelatin","Slimebound:StrayGoop+1","Slimebound:AcidGelatin","Slimebound:FormABlockade+1","Slimebound:PressTheAttack","Slimebound:SlimeTap","Slimebound:SlimeSpikes+1","Slimebound:SuperSplit+1","Slimebound:HauntingLick","Slimebound:RejuvenatingLick+1","Slimebound:LeechLife+1","Slimebound:FormABlockade+1","Slimebound:LivingWall+1","Slimebound:FormABlockade+1","Slimebound:SlimeBarrage+1","Slimebound:SplitBruiser+1","Slimebound:Overexert+1","Slimebound:SelfFormingGoo+1","Slimebound:Repurpose","Slimebound:SlimeTap","Slimebound:Teamwork+1","Slimebound:TongueLash","Slimebound:TendrilStrike","Slimebound:SpikyOuterGoop+1","Slimebound:FormOfPuddle+1","Slimebound:SlimeBarrage+1","Slimebound:AcidGelatin"],"relics":["Slimebound:AbsorbEndCombat","Runic Dome","Empty Cage","Happy Flower","Darkstone Periapt","Arrowhead","ReplayTheSpireMod:Lightbulb","Replay:Bronze Core","Iron Hammer","Red Mask","MutagenicStrength","ReplayTheSpireMod:Bottled Flurry","Eternal Feather","Slimebound:StudyCardRelic"],"potions_floor_usage":[8,10,20,33,33,33,41,47,50,50],"damage_taken":[{"damage":6,"enemies":"Cultist","floor":1,"turns":5},{"damage":9,"enemies":"Small Slimes","floor":3,"turns":4},{"damage":12,"enemies":"Jaw Worm","floor":4,"turns":4},{"damage":50,"enemies":"Lagavulin","floor":6,"turns":6},{"damage":18,"enemies":"Looter","floor":7,"turns":4},{"damage":28,"enemies":"Lots of Slimes","floor":8,"turns":4},{"damage":33,"enemies":"Gremlin Nob","floor":10,"turns":5},{"damage":6,"enemies":"3 Louse","floor":11,"turns":2},{"damage":22,"enemies":"Blue Slaver","floor":12,"turns":3},{"damage":23,"enemies":"Exordium Wildlife","floor":14,"turns":4},{"damage":31,"enemies":"The Guardian","floor":16,"turns":7},{"damage":46,"enemies":"Spheric Guardian","floor":18,"turns":7},{"damage":69,"enemies":"Masked Bandits","floor":20,"turns":5},{"damage":32,"enemies":"3 Byrds","floor":22,"turns":5},{"damage":42,"enemies":"Centurion and Healer","floor":28,"turns":6},{"damage":33,"enemies":"Snake Plant","floor":29,"turns":4},{"damage":33,"enemies":"Shelled Parasite and Fungi","floor":30,"turns":5},{"damage":36,"enemies":"Cultist and Chosen","floor":31,"turns":5},{"damage":60,"enemies":"Champ","floor":33,"turns":8},{"damage":46,"enemies":"3 Shapes","floor":35,"turns":5},{"damage":41,"enemies":"3 Darklings","floor":36,"turns":8},{"damage":69,"enemies":"Maw","floor":38,"turns":8},{"damage":27,"enemies":"Maw","floor":41,"turns":7},{"damage":30,"enemies":"Jaw Worm Horde","floor":42,"turns":5},{"damage":44,"enemies":"Transient","floor":46,"turns":5},{"damage":53,"enemies":"Writhing Mass","floor":47,"turns":6},{"damage":95,"enemies":"Donu and Deca","floor":50,"turns":9}],"seed_played":"-8311795343654521458","potions_obtained":[{"floor":4,"key":"Block Potion"},{"floor":7,"key":"Dexterity Potion"},{"floor":10,"key":"Slimebound:ThreeZeroPotion"},{"floor":12,"key":"Cursed Concoction"},{"floor":14,"key":"EssenceOfSteel"},{"floor":22,"key":"Fire Potion"},{"floor":35,"key":"Elixir"},{"floor":38,"key":"Explosive Potion"},{"floor":42,"key":"SkillPotion"},{"floor":47,"key":"SkillPotion"}],"is_trial":false,"path_per_floor":["M","$","M","M","$","E","M","M","T","E","M","M","R","M","R","B",null,"M","$","?","?","M","R","$","R","T","R","M","M","M","M","R","B",null,"M","M","$","M","$","R","?","M","T","?","R","M","M","$","R","B",null],"character_chosen":"SLIMEBOUND","items_purchased":["Slimebound:DivideAndConquer","Slimebound:GoopSpray","Slimebound:SamplingLick","Slimebound:ProtectTheBoss","Iron Hammer","Slimebound:RejuvenatingLick","Slimebound:Repurpose","Slimebound:Teamwork","Slimebound:TongueLash","Slimebound:AcidGelatin"],"campfire_rested":1,"item_purchase_floors":[2,2,2,2,19,19,37,39,39,48],"current_hp_per_floor":[70,70,70,70,70,45,48,37,37,25,37,37,58,54,54,56,70,65,65,27,27,46,46,46,46,46,46,70,70,70,70,70,70,70,70,70,70,58,58,70,70,70,70,70,70,70,76,73,73,41],"gold":13,"neow_bonus":"DOUBLE_BOSS_RELIC","is_prod":false,"is_daily":false,"chose_seed":false,"campfire_upgraded":16,"win_rate":0.0,"timestamp":1548305382,"path_taken":["M","$","M","M","$","E","M","?","T","E","M","M","R","M","R","BOSS","M","$","?","?","M","R","$","R","T","R","M","M","M","M","R","BOSS","M","M","$","M","$","R","?","M","T","?","R","M","?","$","R","BOSS"],"build_version":"2019-01-23","purchased_purges":1,"victory":true,"max_hp_per_floor":[70,70,70,70,70,70,70,70,70,70,70,70,70,70,70,70,70,70,70,70,70,70,70,70,70,70,70,70,70,70,70,70,70,70,70,70,70,70,70,70,70,70,70,70,70,70,76,73,73,73],"card_choices":[{"not_picked":["Slimebound:SamplingLick","Slimebound:ComboTackle"],"picked":"Slimebound:PoisonLick","floor":1},{"not_picked":["Slimebound:SamplingLick","Slimebound:FormABlockade"],"picked":"Slimebound:TendrilStrike","floor":3},{"not_picked":["Slimebound:Dissolve","Slimebound:Replication"],"picked":"Slimebound:GangUp","floor":4},{"not_picked":["Slimebound:GoopTackle","Slimebound:SelfFormingGoo"],"picked":"Slimebound:AcidGelatin","floor":6},{"not_picked":["Slimebound:FormOfPuddle","Slimebound:ComboTackle"],"picked":"Slimebound:StrayGoop","floor":7},{"not_picked":["Slimebound:SplitMire","Slimebound:TongueLash"],"picked":"Slimebound:AcidGelatin","floor":8},{"not_picked":["Slimebound:Lick","Slimebound:HungryTackle"],"picked":"Slimebound:FormABlockade","floor":10},{"not_picked":["Slimebound:PoisonLick","Slimebound:Recycling"],"picked":"Slimebound:PressTheAttack","floor":11},{"not_picked":["Slimebound:RejuvenatingLick","Slimebound:AcidGelatin"],"picked":"Slimebound:SlimeTap","floor":12},{"not_picked":["Slimebound:GoopTackle","Slimebound:DivideAndConquer"],"picked":"Slimebound:SlimeSpikes","floor":14},{"not_picked":["Slimebound:WasteNot","Slimebound:MassRepurpose"],"picked":"Slimebound:SuperSplit","floor":16},{"not_picked":["Slimebound:AcidGelatin+1","Slimebound:RejuvenatingLick"],"picked":"Slimebound:HauntingLick","floor":18},{"not_picked":["Slimebound:Replication","Slimebound:PoisonLick"],"picked":"Slimebound:LeechLife","floor":20},{"not_picked":["Slimebound:TendrilStrike+1","Slimebound:SplitBruiser"],"picked":"Slimebound:FormABlockade+1","floor":22},{"not_picked":["Slimebound:SplitLeeching","Slimebound:Chomp"],"picked":"Slimebound:LivingWall","floor":28},{"not_picked":["Slimebound:SlimeSpikes","Slimebound:GrowthPunch"],"picked":"Slimebound:FormABlockade","floor":29},{"not_picked":["Slimebound:SplitBruiser","Slimebound:FirmFortitude"],"picked":"Slimebound:SlimeBarrage","floor":30},{"not_picked":["Slimebound:DivideAndConquer","Slimebound:PressTheAttack"],"picked":"Slimebound:SplitBruiser+1","floor":31},{"not_picked":["Slimebound:DouseInSlime","Slimebound:MassRepurpose"],"picked":"Slimebound:Overexert","floor":33},{"not_picked":["Slimebound:RollThrough+1","Slimebound:SplitBruiser"],"picked":"Slimebound:SelfFormingGoo+1","floor":35},{"not_picked":["Slimebound:GoopTackle","Slimebound:ComboTackle+1","Slimebound:RollThrough+1"],"picked":"SKIP","floor":36},{"not_picked":["Slimebound:GoopSpray+1","Slimebound:PoisonLick+1"],"picked":"Slimebound:SlimeTap","floor":38},{"not_picked":["Slimebound:Lick+1","Slimebound:Equalize"],"picked":"Slimebound:TendrilStrike","floor":41},{"not_picked":["Slimebound:Gluttony","Slimebound:SplitLeeching","Slimebound:VenomTackle+1"],"picked":"SKIP","floor":42},{"not_picked":["Slimebound:LeechEnergy+1","Slimebound:RejuvenatingLick+1"],"picked":"Slimebound:FormOfPuddle+1","floor":46},{"not_picked":["Slimebound:Equalize+1","Slimebound:SamplingLick"],"picked":"Slimebound:SlimeBarrage+1","floor":47}],"player_experience":1174667,"relics_obtained":[{"floor":6,"key":"Happy Flower"},{"floor":9,"key":"Arrowhead"},{"floor":10,"key":"ReplayTheSpireMod:Lightbulb"},{"floor":20,"key":"Red Mask"},{"floor":26,"key":"ReplayTheSpireMod:Bottled Flurry"},{"floor":41,"key":"Slimebound:StudyCardRelic"}],"event_choices":[{"damage_healed":0,"gold_gain":0,"player_choice":"Fought Bandits","damage_taken":0,"max_hp_gain":0,"max_hp_loss":0,"event_name":"Masked Bandits","floor":20,"gold_loss":0},{"damage_healed":0,"gold_gain":0,"player_choice":"Inject Mutagens","damage_taken":0,"relics_obtained":["MutagenicStrength"],"max_hp_gain":0,"max_hp_loss":0,"event_name":"Drug Dealer","floor":21,"gold_loss":0},{"damage_healed":0,"gold_gain":0,"player_choice":"1 cards matched","damage_taken":0,"max_hp_gain":0,"max_hp_loss":0,"event_name":"Match and Keep!","floor":44,"gold_loss":0,"cards_obtained":["Slimebound:SpikyOuterGoop"]}],"is_beta":true,"boss_relics":[{"not_picked":["Fusion Hammer","Sozu"],"picked":"Replay:Bronze Core"},{"not_picked":["Replay:Wanted Poster","Replay:Drink Me"],"picked":"Eternal Feather"}],"items_purged_floors":[48],"is_endless":false,"potions_floor_spawned":[4,7,10,12,14,16,18,22,28,35,38,42,47],"ascension_level":0}