{"gold_per_floor":[20,36,36,12,27,27,56,66,66,66,66,66,79,110,110,206,206,216,216,141,155,55,55,66,95,95,95,95,108,126,1,1,98,148,166,166,166,16,36,36,56,82,82,44,44,62,62,73,73,73],"floor_reached":51,"playtime":1701,"items_purged":["Strike_R","Defend_R","Defend_R","Strike_R"],"score":956,"play_id":"77e645e2-2705-4f79-b04e-d9dfb891529b","local_time":"20181029195228","is_ascension_mode":true,"campfire_choices":[{"data":"Pommel Strike","floor":6,"key":"SMITH"},{"floor":11,"key":"REST"},{"data":"Uppercut","floor":15,"key":"SMITH"},{"data":"Dropkick","floor":23,"key":"SMITH"},{"data":"Metallicize","floor":28,"key":"SMITH"},{"data":"Shrug It Off","floor":32,"key":"SMITH"},{"floor":40,"key":"REST"},{"floor":45,"key":"REST"},{"data":"Dropkick","floor":49,"key":"SMITH"}],"neow_cost":"NO_GOLD","seed_source_timestamp":102626496892970,"circlet_count":0,"master_deck":["Strike_R+1","Bash+1","Pommel Strike+1","Dropkick+1","Shrug It Off+1","Thunderclap","Uppercut+1","Metallicize+1","Double Tap+1","Dropkick+1","Rage+1","Metallicize","Burning Pact+1"],"relics":["Burning Blood","Bottled Lightning","Toxic Egg 2","Red Skull","Busted Crown","Dodecahedron","Pear","Darkstone Periapt","Tiny House","Happy Flower","Mercury Hourglass"],"potions_floor_usage":[16,33,34],"damage_taken":[{"damage":10,"enemies":"Small Slimes","floor":1,"turns":3},{"damage":3,"enemies":"Jaw Worm","floor":2,"turns":4},{"damage":6,"enemies":"Cultist","floor":5,"turns":3},{"damage":32,"enemies":"Gremlin Nob","floor":7,"turns":4},{"damage":1,"enemies":"2 Fungi Beasts","floor":8,"turns":2},{"damage":8,"enemies":"Blue Slaver","floor":13,"turns":2},{"damage":26,"enemies":"3 Sentries","floor":14,"turns":6},{"damage":25,"enemies":"Slime Boss","floor":16,"turns":10},{"damage":4,"enemies":"Chosen","floor":18,"turns":3},{"damage":14,"enemies":"2 Thieves","floor":21,"turns":4},{"damage":15,"enemies":"Snake Plant","floor":24,"turns":4},{"damage":0,"enemies":"Gremlin Leader","floor":25,"turns":6},{"damage":8,"enemies":"Snecko","floor":29,"turns":3},{"damage":11,"enemies":"Centurion and Healer","floor":30,"turns":5},{"damage":44,"enemies":"Automaton","floor":33,"turns":9},{"damage":11,"enemies":"3 Darklings","floor":35,"turns":4},{"damage":58,"enemies":"3 Shapes","floor":39,"turns":3},{"damage":0,"enemies":"Transient","floor":41,"turns":4},{"damage":49,"enemies":"Reptomancer","floor":42,"turns":5},{"damage":3,"enemies":"Spire Growth","floor":46,"turns":3},{"damage":0,"enemies":"3 Darklings","floor":48,"turns":3},{"damage":12,"enemies":"Awakened One","floor":50,"turns":5}],"seed_played":"-7457189384623739700","potions_obtained":[{"floor":2,"key":"Strength Potion"},{"floor":8,"key":"Strength Potion"},{"floor":14,"key":"PowerPotion"},{"floor":16,"key":"BloodPotion"},{"floor":18,"key":"Block Potion"},{"floor":33,"key":"Fruit Juice"},{"floor":35,"key":"Ancient Potion"},{"floor":37,"key":"Dexterity Potion"}],"is_trial":false,"path_per_floor":["M","M","?","$","M","R","E","M","T","?","R","?","M","E","R","B",null,"M","?","$","M","$","R","M","E","T","T","R","M","M","$","R","B",null,"M","?","?","$","M","R","M","E","T","$","R","M","$","M","R","B"],"character_chosen":"IRONCLAD","items_purchased":["Shrug It Off","Burning Pact+1"],"campfire_rested":3,"item_purchase_floors":[4,44],"current_hp_per_floor":[76,79,72,72,72,72,46,51,51,35,59,80,78,58,58,39,70,72,72,72,64,64,64,55,61,71,71,71,69,64,64,64,26,84,79,79,79,79,27,57,63,20,20,20,50,53,53,59,59,53],"gold":73,"neow_bonus":"REMOVE_TWO","is_prod":false,"is_daily":false,"chose_seed":false,"campfire_upgraded":6,"win_rate":0,"timestamp":1540842748,"path_taken":["M","M","?","$","M","R","E","M","T","?","R","?","M","E","R","BOSS","M","?","$","M","$","R","?","E","T","?","R","?","M","?","R","BOSS","M","?","?","$","M","R","?","E","T","$","R","M","$","M","R","BOSS"],"build_version":"2018-10-25v2","purchased_purges":4,"victory":true,"max_hp_per_floor":[80,80,80,80,80,80,80,80,80,80,80,80,80,80,80,80,80,80,80,80,80,80,80,80,80,90,90,90,90,90,90,90,90,100,100,100,100,100,100,100,100,100,100,100,100,100,100,100,100,100],"card_choices":[{"not_picked":["Perfected Strike","Sentinel"],"picked":"Pommel Strike","floor":1},{"not_picked":["Disarm","Pommel Strike"],"picked":"Dropkick","floor":2},{"not_picked":["Armaments","Iron Wave"],"picked":"Thunderclap","floor":5},{"not_picked":["Havoc","Heavy Blade","Intimidate"],"picked":"SKIP","floor":7},{"not_picked":["Fire Breathing","Evolve","Headbutt"],"picked":"SKIP","floor":8},{"not_picked":["Havoc+1","Shrug It Off+1"],"picked":"Uppercut","floor":13},{"not_picked":["Heavy Blade","Reckless Charge"],"picked":"Metallicize","floor":14},{"not_picked":["Reaper","Impervious+1"],"picked":"Double Tap+1","floor":16},{"not_picked":["Clothesline"],"picked":"SKIP","floor":18},{"not_picked":[],"picked":"Rage+1","floor":21},{"not_picked":["Clothesline"],"picked":"SKIP","floor":24},{"not_picked":["Thunderclap"],"picked":"SKIP","floor":25},{"not_picked":["Sword Boomerang"],"picked":"SKIP","floor":29},{"not_picked":[],"picked":"Metallicize","floor":30},{"not_picked":["Shrug It Off+1"],"picked":"SKIP","floor":35},{"not_picked":["Iron Wave+1"],"picked":"SKIP","floor":39},{"not_picked":["Perfected Strike"],"picked":"SKIP","floor":41},{"not_picked":["Flame Barrier+1"],"picked":"SKIP","floor":42},{"not_picked":["Body Slam"],"picked":"SKIP","floor":46},{"not_picked":["Shrug It Off+1"],"picked":"SKIP","floor":48}],"player_experience":83345,"relics_obtained":[{"floor":7,"key":"Bottled Lightning"},{"floor":9,"key":"Toxic Egg 2"},{"floor":14,"key":"Red Skull"},{"floor":25,"key":"Dodecahedron"},{"floor":26,"key":"Pear"},{"floor":27,"key":"Darkstone Periapt"},{"floor":42,"key":"Happy Flower"},{"floor":43,"key":"Mercury Hourglass"}],"event_choices":[{"cards_removed":["Strike_R"],"damage_healed":0,"gold_gain":0,"player_choice":"Card Removal","damage_taken":7,"max_hp_gain":0,"max_hp_loss":0,"event_name":"Golden Wing","floor":3,"gold_loss":0},{"damage_healed":0,"gold_gain":0,"player_choice":"Entered Light","damage_taken":16,"max_hp_gain":0,"max_hp_loss":0,"event_name":"Shining Light","floor":10,"gold_loss":0,"cards_upgraded":["Strike_R","Strike_R"]},{"damage_healed":21,"gold_gain":0,"player_choice":"Full Heal","damage_taken":0,"max_hp_gain":0,"max_hp_loss":0,"event_name":"Wheel of Change","floor":12,"gold_loss":0},{"damage_healed":0,"gold_gain":0,"player_choice":"Copied","damage_taken":0,"max_hp_gain":0,"max_hp_loss":0,"event_name":"Duplicator","floor":19,"gold_loss":0,"cards_obtained":["Dropkick"]},{"cards_removed":["Strike_R"],"damage_healed":0,"gold_gain":0,"player_choice":"Removed Attack","damage_taken":0,"max_hp_gain":0,"max_hp_loss":0,"event_name":"Falling","floor":36,"gold_loss":0},{"damage_healed":0,"gold_gain":0,"player_choice":"Got Potions","damage_taken":0,"max_hp_gain":0,"max_hp_loss":0,"event_name":"The Lab","floor":37,"gold_loss":0}],"is_beta":false,"boss_relics":[{"not_picked":["White Beast Statue","Black Star"],"picked":"Busted Crown"},{"not_picked":["Calling Bell","Coffee Dripper"],"picked":"Tiny House"}],"items_purged_floors":[20,22,31,38],"is_endless":false,"potions_floor_spawned":[2,8,14,16,18,29,30,33,35,39],"ascension_level":5}