{"gold_per_floor":[116,133,133,133,152,152,186,186,212,240,415,415,375,391,391,391],"floor_reached":16,"playtime":961,"items_purged":[],"score":203,"play_id":"a9718bde-dfed-482f-8b55-a6110d6a0166","local_time":"20190201230404","is_ascension_mode":true,"campfire_choices":[{"data":"Zap","floor":6,"key":"SMITH"},{"data":"Gash","floor":8,"key":"SMITH"},{"data":"Genetic Algorithm","floor":15,"key":"SMITH"}],"neow_cost":"NONE","seed_source_timestamp":1920321149984780,"circlet_count":0,"master_deck":["AscendersBane","Strike_B","Strike_B","Strike_B","Strike_B","Defend_B+1","Defend_B","Defend_B","Defend_B","Zap+1","Dualcast+1","BootSequence","Cold Snap","Gash+1","Genetic Algorithm+1","Doubt","Parasite"],"relics":["Cracked Core","Strawberry","Art of War","Vajra","Pear"],"potions_floor_usage":[7,7,16,16],"damage_taken":[{"damage":9,"enemies":"Jaw Worm","floor":1,"turns":3},{"damage":1,"enemies":"2 Louse","floor":2,"turns":3},{"damage":5,"enemies":"Small Slimes","floor":5,"turns":3},{"damage":23,"enemies":"Lagavulin","floor":7,"turns":6},{"damage":22,"enemies":"Gremlin Nob","floor":10,"turns":4},{"damage":12,"enemies":"3 Louse","floor":14,"turns":4},{"damage":72,"enemies":"Slime Boss","floor":16,"turns":9}],"seed_played":"6281276144358642622","potions_obtained":[{"floor":2,"key":"FearPotion"},{"floor":5,"key":"AttackPotion"},{"floor":13,"key":"Regen Potion"},{"floor":13,"key":"GamblersBrew"},{"floor":14,"key":"Swift Potion"}],"is_trial":false,"path_per_floor":["M","M","?","?","M","R","E","R","T","E","?","?","?","M","R","B"],"character_chosen":"DEFECT","items_purchased":[],"campfire_rested":0,"item_purchase_floors":[],"current_hp_per_floor":[66,65,49,76,71,71,48,48,48,36,36,59,59,47,47,0],"gold":391,"neow_bonus":"RANDOM_COMMON_RELIC","is_prod":false,"is_daily":false,"chose_seed":false,"campfire_upgraded":3,"win_rate":0,"timestamp":1549091044,"path_taken":["M","M","?","?","M","R","E","R","T","E","?","?","?","?","R","BOSS"],"build_version":"2019-01-23","purchased_purges":0,"victory":false,"max_hp_per_floor":[82,82,82,82,82,82,82,82,82,92,92,92,92,92,92,92],"card_choices":[{"not_picked":["Compile Driver","Beam Cell","Recycle"],"picked":"SKIP","floor":1},{"not_picked":["Compile Driver","Reinforced Body"],"picked":"BootSequence","floor":2},{"not_picked":["Scrape","Steam"],"picked":"Cold Snap","floor":5},{"not_picked":["Blizzard","Sweeping Beam"],"picked":"Gash","floor":7},{"not_picked":["Leap","Skim"],"picked":"Genetic Algorithm","floor":10},{"not_picked":["Redo","Consume","Doom and Gloom"],"picked":"SKIP","floor":14}],"player_experience":584248,"relics_obtained":[{"floor":7,"key":"Art of War"},{"floor":9,"key":"Vajra"},{"floor":10,"key":"Pear"}],"event_choices":[{"damage_healed":0,"gold_gain":0,"player_choice":"Entered Light","damage_taken":16,"max_hp_gain":0,"max_hp_loss":0,"event_name":"Shining Light","floor":3,"gold_loss":0,"cards_upgraded":["Defend_B","Dualcast"]},{"damage_healed":27,"gold_gain":0,"player_choice":"Banana","damage_taken":0,"max_hp_gain":0,"max_hp_loss":0,"event_name":"Big Fish","floor":4,"gold_loss":0},{"damage_healed":0,"gold_gain":175,"player_choice":"AGREE","damage_taken":0,"max_hp_gain":0,"max_hp_loss":0,"event_name":"Liars Game","floor":11,"gold_loss":0,"cards_obtained":["Doubt"]},{"damage_healed":23,"gold_gain":0,"player_choice":"Healed and dodged fight","damage_taken":0,"max_hp_gain":0,"max_hp_loss":0,"event_name":"Mushrooms","floor":12,"gold_loss":0,"cards_obtained":["Parasite"]},{"damage_healed":0,"gold_gain":0,"player_choice":"Bought 3 Potions","damage_taken":0,"max_hp_gain":0,"max_hp_loss":0,"event_name":"The Woman in Blue","floor":13,"gold_loss":0}],"is_beta":false,"boss_relics":[],"items_purged_floors":[],"is_endless":false,"potions_floor_spawned":[2,5,14],"killed_by":"Slime Boss","ascension_level":13}