{"gold_per_floor":[110,127,127,190,340,374,39,39,65,65,85,99,172,195,195,195],"floor_reached":16,"playtime":651,"items_purged":["Doubt"],"score":250,"play_id":"cf024634-68df-4509-849c-8287ab4e4da5","local_time":"20190129222604","is_ascension_mode":true,"campfire_choices":[{"floor":8,"key":"REST"},{"floor":15,"key":"REST"}],"neow_cost":"NONE","seed_source_timestamp":622828929397873,"circlet_count":0,"master_deck":["AscendersBane","Defend_G","Defend_G","Defend_G","Defend_G","Defend_G","Strike_G","Strike_G","Strike_G","Strike_G","Strike_G","Survivor","Neutralize","Sucker Punch","All Out Attack","Leg Sweep","Slice+1","Deflect","Deadly Poison","Slice+1"],"relics":["Ring of the Snake","NeowsBlessing","Golden Idol","The Courier","Molten Egg 2","Ancient Tea Set","Tiny Chest"],"potions_floor_usage":[12,13,16],"damage_taken":[{"damage":0,"enemies":"Small Slimes","floor":1,"turns":1},{"damage":0,"enemies":"2 Louse","floor":2,"turns":1},{"damage":0,"enemies":"Gremlin Nob","floor":6,"turns":1},{"damage":0,"enemies":"Jaw Worm","floor":11,"turns":4},{"damage":19,"enemies":"Large Slime","floor":12,"turns":6},{"damage":25,"enemies":"Lagavulin","floor":13,"turns":7},{"damage":0,"enemies":"Looter","floor":14,"turns":5},{"damage":44,"enemies":"The Guardian","floor":16,"turns":12}],"seed_played":"-1327908238438820037","potions_obtained":[{"floor":2,"key":"Strength Potion"},{"floor":6,"key":"Energy Potion"},{"floor":14,"key":"Explosive Potion"}],"is_trial":false,"path_per_floor":["M","M","?","?","?","E","$","R","T","?","M","M","E","M","R","B"],"character_chosen":"THE_SILENT","items_purchased":["Molten Egg 2","Slice+1"],"campfire_rested":2,"item_purchase_floors":[7,7],"current_hp_per_floor":[59,59,36,36,36,36,36,55,55,60,60,41,16,16,37,0],"gold":195,"neow_bonus":"THREE_ENEMY_KILL","is_prod":false,"is_daily":false,"chose_seed":false,"campfire_upgraded":0,"win_rate":0,"timestamp":1548822364,"path_taken":["M","M","?","?","?","E","$","R","T","?","M","M","E","M","R","BOSS"],"build_version":"2019-01-23","purchased_purges":1,"victory":false,"max_hp_per_floor":[66,66,66,66,66,66,66,66,66,71,71,71,71,71,71,71],"card_choices":[{"not_picked":["Cloak And Dagger","Catalyst"],"picked":"Sucker Punch","floor":1},{"not_picked":["Bane","Endless Agony"],"picked":"All Out Attack","floor":2},{"not_picked":["Predator","Masterful Stab"],"picked":"Leg Sweep","floor":6},{"not_picked":["Outmaneuver","Acrobatics","Terror"],"picked":"SKIP","floor":11},{"not_picked":["Prepared","Tools of the Trade"],"picked":"Deflect","floor":12},{"not_picked":["Acrobatics","Infinite Blades"],"picked":"Deadly Poison","floor":13},{"not_picked":["Flying Knee+1","Backflip"],"picked":"Slice+1","floor":14}],"player_experience":632314,"relics_obtained":[{"floor":6,"key":"The Courier"},{"floor":9,"key":"Ancient Tea Set"},{"floor":13,"key":"Tiny Chest"}],"event_choices":[{"damage_healed":0,"gold_gain":0,"player_choice":"Take Damage","damage_taken":23,"relics_obtained":["Golden Idol"],"max_hp_gain":0,"max_hp_loss":0,"event_name":"Golden Idol","floor":3,"gold_loss":0},{"damage_healed":0,"gold_gain":63,"player_choice":"Gained Gold","damage_taken":0,"max_hp_gain":0,"max_hp_loss":0,"event_name":"Golden Wing","floor":4,"gold_loss":0},{"damage_healed":0,"gold_gain":150,"player_choice":"AGREE","damage_taken":0,"max_hp_gain":0,"max_hp_loss":0,"event_name":"Liars Game","floor":5,"gold_loss":0,"cards_obtained":["Doubt"]},{"damage_healed":0,"gold_gain":0,"player_choice":"Donut","damage_taken":0,"max_hp_gain":5,"max_hp_loss":0,"event_name":"Big Fish","floor":10,"gold_loss":0}],"is_beta":false,"boss_relics":[],"items_purged_floors":[7],"is_endless":false,"potions_floor_spawned":[2,6,14],"killed_by":"The Guardian","ascension_level":17}