{"gold_per_floor":[113,128,139,139,139,139,174,174,474,474,649,677,677,692,692,795,795,810,47,47,137,125,125,156,172,172,172,188,103,103,119,119,216,216,235,0,19,19,29,29,49,61,61,61,81,81,81,93,93,93],"floor_reached":51,"playtime":6548,"items_purged":["Doubt"],"score":652,"play_id":"16f1d72e-f497-4584-a220-a0729fb195f2","local_time":"20181201195159","is_ascension_mode":false,"campfire_choices":[{"data":"1","floor":6,"key":"LIFT"},{"data":"Bouncing Flask","floor":8,"key":"SMITH"},{"floor":10,"key":"REST"},{"floor":13,"key":"REST"},{"data":"Poisoned Stab","floor":15,"key":"SMITH"},{"data":"RitualDagger","floor":23,"key":"SMITH"},{"data":"Mayhem","floor":27,"key":"SMITH"},{"floor":32,"key":"REST"},{"data":"Adrenaline","floor":40,"key":"SMITH"},{"data":"Footwork","floor":47,"key":"SMITH"},{"data":"2","floor":49,"key":"LIFT"}],"neow_cost":"NONE","seed_source_timestamp":441555107806684,"circlet_count":0,"master_deck":["Defend_G+1","Defend_G+1","Defend_G","Defend_G","Defend_G","Strike_G","Strike_G","Strike_G","Strike_G","Survivor+1","Neutralize","Flying Knee","Bouncing Flask+1","Poisoned Stab+1","Blur","Adrenaline+1","Mayhem+1","RitualDagger+1","Footwork+1","Deadly Poison","RitualDagger+1","Poisoned Stab+1","Deflect+1","Poisoned Stab+1"],"relics":["Ring of the Snake","Girya","Boot","Old Coin","Strawberry","Busted Crown","War Paint","Sling","Regal Pillow","Centennial Puzzle","Blood Vial","Potion Belt","Eternal Feather","Red Mask","Molten Egg 2"],"potions_floor_usage":[7,16,16,33,33,33,50,50],"damage_taken":[{"damage":0,"enemies":"Small Slimes","floor":1,"turns":5},{"damage":0,"enemies":"2 Louse","floor":2,"turns":4},{"damage":0,"enemies":"Jaw Worm","floor":3,"turns":4},{"damage":9,"enemies":"Gremlin Nob","floor":7,"turns":4},{"damage":25,"enemies":"3 Sentries","floor":12,"turns":8},{"damage":0,"enemies":"Looter","floor":14,"turns":3},{"damage":33,"enemies":"Slime Boss","floor":16,"turns":12},{"damage":0,"enemies":"3 Byrds","floor":18,"turns":6},{"damage":0,"enemies":"2 Thieves","floor":22,"turns":4},{"damage":7,"enemies":"Gremlin Leader","floor":24,"turns":6},{"damage":9,"enemies":"Shelled Parasite and Fungi","floor":25,"turns":6},{"damage":15,"enemies":"Snake Plant","floor":28,"turns":3},{"damage":22,"enemies":"Snecko","floor":31,"turns":4},{"damage":29,"enemies":"Collector","floor":33,"turns":7},{"damage":0,"enemies":"Orb Walker","floor":35,"turns":2},{"damage":6,"enemies":"3 Shapes","floor":37,"turns":2},{"damage":27,"enemies":"Maw","floor":39,"turns":8},{"damage":12,"enemies":"3 Darklings","floor":41,"turns":4},{"damage":12,"enemies":"Spire Growth","floor":42,"turns":4},{"damage":3,"enemies":"Sphere and 2 Shapes","floor":45,"turns":4},{"damage":8,"enemies":"Transient","floor":48,"turns":5},{"damage":58,"enemies":"Time Eater","floor":50,"turns":13}],"seed_played":"-1182286765283085050","potions_obtained":[{"floor":2,"key":"Explosive Potion"},{"floor":12,"key":"Explosive Potion"},{"floor":14,"key":"Poison Potion"},{"floor":16,"key":"Strength Potion"},{"floor":25,"key":"LiquidBronze"},{"floor":28,"key":"Ancient Potion"},{"floor":31,"key":"Ancient Potion"},{"floor":39,"key":"Dexterity Potion"},{"floor":41,"key":"SpeedPotion"},{"floor":42,"key":"SkillPotion"}],"is_trial":false,"path_per_floor":["M","M","M","?","?","R","E","R","T","R","?","E","R","M","R","B",null,"M","$","?","?","M","R","E","M","T","R","M","?","?","M","R","B",null,"M","?","M","?","M","R","M","M","T","?","M","$","R","M","R","B",null],"character_chosen":"THE_SILENT","items_purchased":["War Paint","Mayhem","Sling","Regal Pillow"],"campfire_rested":3,"item_purchase_floors":[19,19,19,19],"current_hp_per_floor":[70,70,70,75,50,50,41,41,41,63,63,45,69,69,69,36,82,82,82,76,60,60,60,53,44,44,44,31,31,31,11,50,23,82,82,82,76,76,51,63,53,43,43,43,42,42,54,48,60,4],"gold":93,"neow_bonus":"UPGRADE_CARD","is_prod":false,"is_daily":false,"chose_seed":false,"campfire_upgraded":6,"win_rate":0.0,"timestamp":1543722719,"path_taken":["M","M","M","?","?","R","E","R","T","R","?","E","R","M","R","BOSS","M","$","?","?","M","R","E","M","T","R","?","?","?","?","R","BOSS","M","?","M","?","M","R","?","M","T","?","M","$","R","M","R","BOSS"],"build_version":"2018-11-15","purchased_purges":1,"victory":true,"max_hp_per_floor":[70,70,70,75,75,75,75,75,75,75,75,82,82,82,82,82,82,82,82,82,82,82,82,82,82,82,82,82,82,82,82,82,82,82,82,82,82,82,82,82,82,82,82,82,82,82,82,82,82,82],"card_choices":[{"not_picked":["Flying Knee","Heel Hook","Prepared"],"picked":"SKIP","floor":1},{"not_picked":["Calculated Gamble","Acrobatics","Underhanded Strike"],"picked":"SKIP","floor":2},{"not_picked":["Blade Dance","Quick Slash"],"picked":"Flying Knee","floor":3},{"not_picked":["Deadly Poison","Riddle With Holes"],"picked":"Bouncing Flask","floor":7},{"not_picked":["All Out Attack","Quick Slash"],"picked":"Poisoned Stab","floor":12},{"not_picked":["Terror","Quick Slash"],"picked":"Blur","floor":14},{"not_picked":["Die Die Die","Envenom"],"picked":"Adrenaline","floor":16},{"not_picked":["Outmaneuver"],"picked":"SKIP","floor":18},{"not_picked":["Expertise+1"],"picked":"SKIP","floor":22},{"not_picked":["Outmaneuver"],"picked":"SKIP","floor":24},{"not_picked":[],"picked":"Footwork","floor":25},{"not_picked":[],"picked":"Deadly Poison","floor":28},{"not_picked":["Flechettes"],"picked":"SKIP","floor":31},{"not_picked":[],"picked":"Poisoned Stab+1","floor":35},{"not_picked":["Dagger Throw"],"picked":"SKIP","floor":37},{"not_picked":[],"picked":"Deflect+1","floor":39},{"not_picked":["Sucker Punch+1"],"picked":"SKIP","floor":41},{"not_picked":["Quick Slash+1"],"picked":"SKIP","floor":42},{"not_picked":["Blade Dance"],"picked":"SKIP","floor":45},{"not_picked":[],"picked":"Poisoned Stab+1","floor":48}],"player_experience":39382,"relics_obtained":[{"floor":7,"key":"Boot"},{"floor":9,"key":"Old Coin"},{"floor":12,"key":"Strawberry"},{"floor":24,"key":"Centennial Puzzle"},{"floor":26,"key":"Blood Vial"},{"floor":43,"key":"Molten Egg 2"}],"event_choices":[{"damage_healed":0,"gold_gain":0,"player_choice":"Donut","damage_taken":0,"max_hp_gain":5,"max_hp_loss":0,"event_name":"Big Fish","floor":4,"gold_loss":0},{"damage_healed":0,"gold_gain":0,"player_choice":"Success","damage_taken":25,"relics_obtained":["Girya"],"max_hp_gain":0,"max_hp_loss":0,"event_name":"Scrap Ooze","floor":5,"gold_loss":0},{"damage_healed":0,"gold_gain":175,"player_choice":"AGREE","damage_taken":0,"max_hp_gain":0,"max_hp_loss":0,"event_name":"Liars Game","floor":11,"gold_loss":0,"cards_obtained":["Doubt"]},{"damage_healed":0,"gold_gain":0,"player_choice":"Joined the Cult","damage_taken":6,"max_hp_gain":0,"max_hp_loss":0,"event_name":"Nest","floor":20,"gold_loss":0,"cards_obtained":["RitualDagger"]},{"damage_healed":0,"gold_gain":90,"player_choice":"GOLD ","damage_taken":16,"max_hp_gain":0,"max_hp_loss":0,"event_name":"Knowing Skull","floor":21,"potions_obtained":[],"gold_loss":0,"cards_obtained":[]},{"damage_healed":0,"gold_gain":0,"player_choice":"Obtained Relic","damage_taken":0,"relics_obtained":["Potion Belt"],"max_hp_gain":0,"max_hp_loss":0,"event_name":"Addict","floor":29,"gold_loss":85},{"damage_healed":0,"gold_gain":0,"player_choice":"Copied","damage_taken":0,"max_hp_gain":0,"max_hp_loss":0,"event_name":"Duplicator","floor":30,"gold_loss":0,"cards_obtained":["RitualDagger"]},{"damage_healed":0,"gold_gain":0,"player_choice":"Paid","damage_taken":0,"relics_obtained":["Red Mask"],"max_hp_gain":0,"max_hp_loss":0,"event_name":"Tomb of Lord Red Mask","floor":36,"gold_loss":235},{"cards_removed":["Strike_G"],"damage_healed":0,"gold_gain":0,"player_choice":"Purged","damage_taken":0,"max_hp_gain":0,"max_hp_loss":0,"event_name":"Purifier","floor":38,"gold_loss":0},{"damage_healed":0,"gold_gain":0,"player_choice":"Ignored","damage_taken":0,"max_hp_gain":0,"max_hp_loss":0,"event_name":"Mysterious Sphere","floor":44,"gold_loss":0}],"is_beta":false,"boss_relics":[{"not_picked":["Astrolabe","Sozu"],"picked":"Busted Crown"},{"not_picked":["Tiny House","Lizard Tail"],"picked":"Eternal Feather"}],"items_purged_floors":[19],"is_endless":false,"potions_floor_spawned":[2,12,14,16,25,28,31,39,41,42],"ascension_level":0}