{"gold_per_floor":[115,131,145,158,169,202,219,219],"floor_reached":8,"playtime":341,"items_purged":[],"score":87,"play_id":"a621a6a4-fc30-4162-b656-56bb47dd55ba","local_time":"20190204115146","is_ascension_mode":true,"campfire_choices":[],"neow_cost":"NONE","seed_source_timestamp":42255067467782,"circlet_count":0,"master_deck":["Strike_B","Strike_B","Strike_B","Strike_B","Defend_B","Defend_B","Defend_B","Defend_B","Zap","Dualcast","Steam Power","Compile Driver","Glacier","Consume","Melter","Capacitor","Ball Lightning"],"relics":["Cracked Core","Bag of Marbles"],"potions_floor_usage":[6,6,6,8],"damage_taken":[{"damage":2,"enemies":"2 Louse","floor":1,"turns":3},{"damage":2,"enemies":"Jaw Worm","floor":2,"turns":3},{"damage":1,"enemies":"Cultist","floor":3,"turns":3},{"damage":10,"enemies":"3 Louse","floor":4,"turns":5},{"damage":17,"enemies":"Looter","floor":5,"turns":3},{"damage":1,"enemies":"Gremlin Nob","floor":6,"turns":3},{"damage":9,"enemies":"2 Fungi Beasts","floor":7,"turns":3},{"damage":26,"enemies":"3 Sentries","floor":8,"turns":3}],"seed_played":"-3651742309588479699","potions_obtained":[{"floor":0,"key":"AttackPotion"},{"floor":0,"key":"Strength Potion"},{"floor":0,"key":"PowerPotion"},{"floor":5,"key":"SkillPotion"},{"floor":7,"key":"Fire Potion"}],"is_trial":false,"path_per_floor":["M","M","M","M","M","E","M","E"],"character_chosen":"DEFECT","items_purchased":[],"campfire_rested":0,"item_purchase_floors":[],"current_hp_per_floor":[66,64,63,53,36,35,26,0],"gold":219,"neow_bonus":"THREE_SMALL_POTIONS","is_prod":false,"is_daily":false,"chose_seed":false,"campfire_upgraded":0,"win_rate":0,"timestamp":1549299106,"path_taken":["M","M","M","M","M","E","M","E"],"build_version":"2019-01-23","purchased_purges":0,"victory":false,"max_hp_per_floor":[75,75,75,75,75,75,75,75],"card_choices":[{"not_picked":["Cold Snap","Compile Driver"],"picked":"Steam Power","floor":1},{"not_picked":["Stack","Lockon"],"picked":"Compile Driver","floor":2},{"not_picked":["Rebound","Turbo"],"picked":"Glacier","floor":3},{"not_picked":["Darkness","Leap"],"picked":"Consume","floor":4},{"not_picked":["Steam","Lockon"],"picked":"Melter","floor":5},{"not_picked":["Sweeping Beam","Creative AI"],"picked":"Capacitor","floor":6},{"not_picked":["Gash","Auto Shields"],"picked":"Ball Lightning","floor":7}],"player_experience":448453,"relics_obtained":[{"floor":6,"key":"Bag of Marbles"}],"event_choices":[],"is_beta":false,"boss_relics":[],"items_purged_floors":[],"is_endless":false,"potions_floor_spawned":[3,4,5,7],"killed_by":"3 Sentries","ascension_level":8}