{"gold_per_floor":[116,391,411,18,37,37,71,71,146,175,175,207,157,157,157,261,311,322,340,31,55,55,69,69,84,84,116,192,192,292,304,304,304],"floor_reached":33,"playtime":2340,"items_purged":["Regret","Expertise"],"score":450,"play_id":"6160ab23-e12c-4d3b-a640-98498413fff6","local_time":"20181201012617","is_ascension_mode":true,"campfire_choices":[{"data":"Dramatic Entrance","floor":6,"key":"SMITH"},{"floor":8,"key":"REST"},{"data":"Malaise","floor":11,"key":"SMITH"},{"data":"Blade Dance","floor":15,"key":"SMITH"},{"data":"Footwork","floor":24,"key":"SMITH"},{"data":"Accuracy","floor":29,"key":"SMITH"},{"floor":32,"key":"REST"}],"neow_cost":"CURSE","seed_source_timestamp":2959152137839559,"circlet_count":0,"master_deck":["AscendersBane","Defend_G+1","Defend_G","Defend_G","Defend_G","Defend_G","Strike_G","Strike_G","Strike_G","Strike_G","Survivor","Neutralize","Slice","Dash","Caltrops","Dramatic Entrance+1","Cloak And Dagger+1","Blade Dance+1","Cloak And Dagger","Malaise+1","A Thousand Cuts+1","Footwork+1","Infinite Blades","Malaise","Accuracy+1","Slice"],"relics":["Ring of the Snake","Bird Faced Urn","Blood Vial","Anchor","Tiny Chest","Sundial","War Paint","Tiny House","Lee\u0027s Waffle","Art of War","The Courier","Ginger","Letter Opener"],"potions_floor_usage":[7,7,16,19,19],"damage_taken":[{"damage":2,"enemies":"Jaw Worm","floor":1,"turns":7},{"damage":3,"enemies":"Cultist","floor":3,"turns":5},{"damage":7,"enemies":"2 Louse","floor":5,"turns":2},{"damage":32,"enemies":"Gremlin Nob","floor":7,"turns":5},{"damage":19,"enemies":"3 Sentries","floor":10,"turns":7},{"damage":11,"enemies":"Lagavulin","floor":12,"turns":10},{"damage":16,"enemies":"Hexaghost","floor":16,"turns":14},{"damage":0,"enemies":"Chosen","floor":18,"turns":6},{"damage":18,"enemies":"Spheric Guardian","floor":19,"turns":6},{"damage":32,"enemies":"Chosen and Byrds","floor":23,"turns":6},{"damage":2,"enemies":"Snake Plant","floor":25,"turns":5},{"damage":24,"enemies":"Book of Stabbing","floor":27,"turns":8},{"damage":15,"enemies":"Centurion and Healer","floor":31,"turns":9},{"damage":77,"enemies":"Champ","floor":33,"turns":17}],"seed_played":"1729347355132279052","potions_obtained":[{"floor":1,"key":"LiquidBronze"},{"floor":5,"key":"Strength Potion"},{"floor":10,"key":"GhostInAJar"},{"floor":12,"key":"Energy Potion"},{"floor":17,"key":"AttackPotion"}],"is_trial":false,"path_per_floor":["M","?","M","$","M","R","E","R","T","E","R","E","?","?","R","B",null,"M","M","$","T","$","M","R","M","T","E","T","R","?","M","R","B"],"character_chosen":"THE_SILENT","items_purchased":["Blood Vial","Caltrops","Dramatic Entrance","Cloak And Dagger","Lee\u0027s Waffle"],"campfire_rested":2,"item_purchase_floors":[4,4,4,4,20],"current_hp_per_floor":[61,61,58,58,55,55,25,46,46,31,31,24,24,24,24,12,61,69,57,82,82,82,52,52,60,60,44,44,44,44,41,65,0],"gold":304,"neow_bonus":"ONE_RARE_RELIC","is_prod":false,"is_daily":false,"chose_seed":false,"campfire_upgraded":5,"win_rate":0,"timestamp":1543649177,"path_taken":["M","?","M","$","?","R","E","R","T","E","R","E","?","?","R","BOSS","M","?","$","?","$","?","R","M","T","E","?","R","?","?","R","BOSS"],"build_version":"2018-11-15","purchased_purges":2,"victory":false,"max_hp_per_floor":[70,70,70,70,70,70,70,70,70,70,70,70,70,70,70,70,75,75,75,82,82,82,82,82,82,82,82,82,82,82,82,82,82],"card_choices":[{"not_picked":["PiercingWail","Flechettes"],"picked":"Slice","floor":1},{"not_picked":["Terror","Acrobatics"],"picked":"Dash","floor":3},{"not_picked":["Setup","Slice"],"picked":"Blade Dance","floor":5},{"not_picked":["Concentrate","PiercingWail"],"picked":"Cloak And Dagger","floor":7},{"not_picked":["PiercingWail","Dodge and Roll"],"picked":"Malaise","floor":10},{"not_picked":["Acrobatics","Deadly Poison"],"picked":"Expertise","floor":12},{"not_picked":["Doppelganger","Envenom"],"picked":"A Thousand Cuts","floor":16},{"not_picked":["PiercingWail","Quick Slash"],"picked":"Footwork","floor":17},{"not_picked":["Poisoned Stab","Underhanded Strike"],"picked":"Infinite Blades","floor":18},{"not_picked":["Outmaneuver","Prepared","Poisoned Stab"],"picked":"SKIP","floor":19},{"not_picked":["Prepared","Concentrate","Setup"],"picked":"SKIP","floor":23},{"not_picked":["PiercingWail","Deadly Poison"],"picked":"Malaise","floor":25},{"not_picked":["Backstab+1","Quick Slash"],"picked":"Accuracy","floor":27},{"not_picked":["Prepared","Dagger Spray"],"picked":"Slice","floor":31}],"player_experience":441099,"relics_obtained":[{"floor":7,"key":"Anchor"},{"floor":9,"key":"Tiny Chest"},{"floor":10,"key":"Sundial"},{"floor":12,"key":"War Paint"},{"floor":21,"key":"Art of War"},{"floor":26,"key":"The Courier"},{"floor":27,"key":"Ginger"},{"floor":28,"key":"Letter Opener"}],"event_choices":[{"damage_healed":0,"gold_gain":275,"player_choice":"Desecrate","damage_taken":0,"max_hp_gain":0,"max_hp_loss":0,"event_name":"Golden Shrine","floor":2,"gold_loss":0,"cards_obtained":["Regret"]},{"cards_removed":["Injury"],"damage_healed":0,"gold_gain":0,"player_choice":"Card Removal","damage_taken":0,"max_hp_gain":0,"max_hp_loss":0,"event_name":"The Cleric","floor":13,"gold_loss":50},{"cards_removed":["Strike_G"],"damage_healed":0,"gold_gain":0,"player_choice":"Card Removal","damage_taken":0,"max_hp_gain":0,"max_hp_loss":0,"event_name":"Wheel of Change","floor":14,"gold_loss":0},{"damage_healed":0,"gold_gain":100,"player_choice":"Pray","damage_taken":0,"max_hp_gain":0,"max_hp_loss":0,"event_name":"Golden Shrine","floor":30,"gold_loss":0}],"is_beta":false,"boss_relics":[{"not_picked":["HoveringKite","Black Star"],"picked":"Tiny House"}],"items_purged_floors":[4,20],"is_endless":false,"potions_floor_spawned":[1,5,10,12,18],"killed_by":"Champ","ascension_level":12}