{"gold_per_floor":[116,166,182,8,8,8,26,37,37,37,11,11,11,43,43,43],"floor_reached":16,"playtime":392,"items_purged":["Strike_B"],"score":176,"play_id":"633b0abb-675b-475a-a553-12de2c9d840e","local_time":"20181106202429","is_ascension_mode":true,"campfire_choices":[{"floor":6,"key":"DIG"},{"floor":13,"key":"REST"},{"floor":15,"key":"REST"}],"neow_cost":"NONE","seed_source_timestamp":6947038564578,"circlet_count":0,"master_deck":["AscendersBane","Strike_B","Strike_B","Defend_B","Defend_B+1","Defend_B","Defend_B+1","Zap","Dualcast","Deep Breath","Cold Snap","Capacitor","Flash of Steel","Glacier","Gash","Coolheaded","Conserve Battery","Defragment"],"relics":["Cracked Core","Shovel","Prayer Wheel","Molten Egg 2","Blood Vial"],"potions_floor_usage":[7,14],"damage_taken":[{"damage":2,"enemies":"Jaw Worm","floor":1,"turns":4},{"damage":0,"enemies":"Cultist","floor":3,"turns":4},{"damage":0,"enemies":"Small Slimes","floor":7,"turns":3},{"damage":16,"enemies":"Gremlin Gang","floor":8,"turns":7},{"damage":42,"enemies":"Gremlin Nob","floor":14,"turns":6},{"damage":33,"enemies":"Hexaghost","floor":16,"turns":16}],"seed_played":"-9141647129072202369","potions_obtained":[{"floor":1,"key":"Energy Potion"},{"floor":3,"key":"Explosive Potion"},{"floor":8,"key":"Fire Potion"}],"is_trial":false,"path_per_floor":["M","?","M","$","?","R","M","M","T","?","$","?","R","E","R","B"],"character_chosen":"DEFECT","items_purchased":["Flash of Steel","Conserve Battery"],"campfire_rested":2,"item_purchase_floors":[4,11],"current_hp_per_floor":[62,62,62,62,62,62,62,46,46,46,46,25,46,4,25,0],"gold":43,"neow_bonus":"RANDOM_COLORLESS","is_prod":false,"is_daily":false,"chose_seed":false,"campfire_upgraded":0,"win_rate":0,"timestamp":1541535869,"path_taken":["M","?","M","?","?","R","M","?","T","?","$","?","R","E","R","BOSS"],"build_version":"2018-11-01","purchased_purges":1,"victory":false,"max_hp_per_floor":[71,71,71,71,71,71,71,71,71,71,71,71,71,71,71,71],"card_choices":[{"not_picked":["Genetic Algorithm","Capacitor"],"picked":"Cold Snap","floor":1},{"not_picked":["Chaos","Leap"],"picked":"Capacitor","floor":3},{"not_picked":["Leap","Reprogram"],"picked":"Glacier","floor":7},{"not_picked":["Double Energy","Genetic Algorithm","Force Field"],"picked":"SKIP","floor":7},{"not_picked":["Blizzard","Redo"],"picked":"Gash","floor":8},{"not_picked":["Steam","Turbo"],"picked":"Coolheaded","floor":8},{"not_picked":["Hologram","Streamline+1"],"picked":"Defragment","floor":14}],"player_experience":119764,"relics_obtained":[{"floor":6,"key":"Prayer Wheel"},{"floor":9,"key":"Molten Egg 2"},{"floor":14,"key":"Blood Vial"}],"event_choices":[{"damage_healed":0,"gold_gain":50,"player_choice":"Pray","damage_taken":0,"max_hp_gain":0,"max_hp_loss":0,"event_name":"Golden Shrine","floor":2,"gold_loss":0},{"damage_healed":0,"gold_gain":0,"player_choice":"Gave Potion","damage_taken":0,"relics_obtained":["Shovel"],"max_hp_gain":0,"max_hp_loss":0,"event_name":"WeMeetAgain","floor":5,"gold_loss":0},{"cards_removed":["Strike_B"],"damage_healed":0,"gold_gain":0,"player_choice":"Forget","damage_taken":0,"max_hp_gain":0,"max_hp_loss":0,"event_name":"Living Wall","floor":10,"gold_loss":0},{"damage_healed":0,"gold_gain":0,"player_choice":"Entered Light","damage_taken":21,"max_hp_gain":0,"max_hp_loss":0,"event_name":"Shining Light","floor":12,"gold_loss":0,"cards_upgraded":["Defend_B","Defend_B"]}],"is_beta":false,"boss_relics":[],"items_purged_floors":[4],"is_endless":false,"potions_floor_spawned":[1,3,8],"killed_by":"Hexaghost","ascension_level":16}