{"gold_per_floor":[116,132,132,207,225,225,254,97,97,122,135,135,85,85,85,185,185,205,53,153,166,181,210,228,242,242,262,280,205,205,216,216,315,315,333,7,7,7,18,18,18,18,91,111,111,111,0,0,0,0],"floor_reached":51,"playtime":1465,"items_purged":["Strike_B","Defend_B","Dualcast"],"score":885,"play_id":"26313fd8-179a-4dfe-a83e-43dec5b632fb","local_time":"20180930155028","is_ascension_mode":true,"campfire_choices":[{"data":"Scrape","floor":6,"key":"SMITH"},{"data":"Defragment","floor":15,"key":"SMITH"},{"floor":30,"key":"REST"},{"data":"Fission","floor":32,"key":"SMITH"},{"data":"Thinking Ahead","floor":40,"key":"SMITH"},{"floor":42,"key":"REST"},{"floor":45,"key":"REST"},{"data":"Thinking Ahead","floor":49,"key":"SMITH"}],"neow_cost":"NONE","seed_source_timestamp":3395526641831,"circlet_count":0,"master_deck":["Defend_B+1","Gash+1","Scrape+1","Glacier+1","Beam Cell+1","Defragment+1","Chill+1","Fission+1","Cold Snap+1","Conserve Battery+1","Go for the Eyes+1","Gash+1","Defragment+1","Gash+1","Thinking Ahead+1","Finesse","Thinking Ahead+1","Panache+1"],"relics":["Cracked Core","Cables","Darkstone Periapt","Dead Branch","Runic Pyramid","Shuriken","Blue Candle","Sozu","Mark of the Bloom","Frozen Egg 2","Red Mask"],"potions_floor_usage":[7,11,18,25,50],"damage_taken":[{"damage":0,"enemies":"2 Louse","floor":1,"turns":3},{"damage":0,"enemies":"Cultist","floor":2,"turns":3},{"damage":0,"enemies":"Jaw Worm","floor":5,"turns":4},{"damage":20,"enemies":"Gremlin Nob","floor":7,"turns":4},{"damage":4,"enemies":"Lagavulin","floor":10,"turns":8},{"damage":0,"enemies":"2 Fungi Beasts","floor":11,"turns":3},{"damage":14,"enemies":"Hexaghost","floor":16,"turns":9},{"damage":2,"enemies":"2 Thieves","floor":18,"turns":2},{"damage":0,"enemies":"Spheric Guardian","floor":21,"turns":3},{"damage":26,"enemies":"Snake Plant","floor":22,"turns":6},{"damage":5,"enemies":"Gremlin Leader","floor":23,"turns":6},{"damage":5,"enemies":"Centurion and Healer","floor":24,"turns":3},{"damage":0,"enemies":"Snecko","floor":25,"turns":15},{"damage":2,"enemies":"Shelled Parasite and Fungi","floor":27,"turns":4},{"damage":0,"enemies":"Centurion and Healer","floor":28,"turns":4},{"damage":2,"enemies":"Snake Plant","floor":31,"turns":5},{"damage":0,"enemies":"Collector","floor":33,"turns":6},{"damage":7,"enemies":"3 Darklings","floor":35,"turns":5},{"damage":0,"enemies":"3 Shapes","floor":39,"turns":6},{"damage":0,"enemies":"Spire Growth","floor":44,"turns":3},{"damage":48,"enemies":"Donu and Deca","floor":50,"turns":8}],"seed_played":"2544952898204988728","potions_obtained":[{"floor":1,"key":"Block Potion"},{"floor":10,"key":"SpeedPotion"},{"floor":16,"key":"AttackPotion"},{"floor":23,"key":"LiquidBronze"},{"floor":24,"key":"Energy Potion"},{"floor":25,"key":"Dexterity Potion"},{"floor":27,"key":"Strength Potion"},{"floor":28,"key":"AttackPotion"}],"is_trial":false,"path_per_floor":["M","M","?","?","M","R","E","$","T","E","M","?","?","?","R","B",null,"M","$","?","M","M","E","M","M","T","M","M","?","R","M","R","B",null,"M","$","?","$","M","R","?","R","T","M","R","?","?","?","R","B"],"character_chosen":"DEFECT","items_purchased":["Defragment","Conserve Battery","Thinking Ahead"],"campfire_rested":3,"item_purchase_floors":[8,19,36],"current_hp_per_floor":[75,75,75,64,64,64,44,44,44,40,40,40,40,33,33,19,75,73,73,73,73,47,42,37,37,37,42,42,42,64,62,62,62,75,68,68,68,68,75,75,75,75,75,75,75,75,75,65,65,17],"gold":0,"neow_bonus":"REMOVE_CARD","is_prod":false,"is_daily":false,"chose_seed":false,"campfire_upgraded":5,"win_rate":0,"timestamp":1538319028,"path_taken":["M","M","?","?","?","R","E","$","T","E","?","?","?","?","R","BOSS","M","$","?","M","M","E","M","?","T","M","?","?","R","M","R","BOSS","M","$","?","$","M","R","?","R","T","?","R","?","?","?","R","BOSS"],"build_version":"2018-09-27","purchased_purges":3,"victory":true,"max_hp_per_floor":[75,75,75,75,75,75,75,75,75,75,75,75,75,75,75,75,75,75,75,75,75,75,75,75,75,75,75,75,75,75,75,75,75,75,75,75,75,75,75,75,75,75,75,75,75,75,75,75,75,75],"card_choices":[{"not_picked":["Genetic Algorithm","Go for the Eyes"],"picked":"Gash","floor":1},{"not_picked":["Fusion","Sweeping Beam"],"picked":"Scrape","floor":2},{"not_picked":["Stack","Barrage"],"picked":"Glacier","floor":5},{"not_picked":["Conserve Battery","Streamline"],"picked":"Beam Cell","floor":7},{"not_picked":["Auto Shields","Blizzard","Rebound"],"picked":"SKIP","floor":10},{"not_picked":["Go for the Eyes","Auto Shields"],"picked":"Chill","floor":11},{"not_picked":["Electrodynamics","Rainbow"],"picked":"Fission","floor":16},{"not_picked":["Force Field","Loop"],"picked":"Cold Snap","floor":18},{"not_picked":["Glacier+1","Coolheaded","Redo"],"picked":"SKIP","floor":21},{"not_picked":["Compile Driver","Rebound+1","Cold Snap"],"picked":"SKIP","floor":22},{"not_picked":["Thunder Strike","Rebound","Sweeping Beam"],"picked":"SKIP","floor":23},{"not_picked":["Defragment","Steam"],"picked":"Go for the Eyes","floor":24},{"not_picked":["Storm","Self Repair"],"picked":"Gash","floor":25},{"not_picked":["Compile Driver","Conserve Battery"],"picked":"Defragment","floor":27},{"not_picked":["Double Energy+1","Cold Snap+1"],"picked":"Gash","floor":28},{"not_picked":["Compile Driver+1","Stack","Tempest"],"picked":"SKIP","floor":31},{"not_picked":["Redo+1","Leap+1","Compile Driver+1"],"picked":"SKIP","floor":35},{"not_picked":["Stack+1","Redo+1","Hologram"],"picked":"SKIP","floor":39},{"not_picked":["Beam Cell","Streamline+1","Ball Lightning"],"picked":"SKIP","floor":44},{"not_picked":["Chrysalis","Dramatic Entrance"],"picked":"Finesse","floor":48},{"not_picked":["Panacea","Secret Weapon"],"picked":"Thinking Ahead","floor":48},{"not_picked":["Bandage Up","Trip"],"picked":"Panache+1","floor":48}],"player_experience":53665,"relics_obtained":[{"floor":7,"key":"Cables"},{"floor":9,"key":"Darkstone Periapt"},{"floor":10,"key":"Dead Branch"},{"floor":23,"key":"Shuriken"},{"floor":26,"key":"Blue Candle"},{"floor":43,"key":"Frozen Egg 2"}],"event_choices":[{"event_name":"Living Wall","player_choice":"Forget","floor":3,"damage_taken":0},{"event_name":"World of Goop","player_choice":"Gather Gold","floor":4,"damage_taken":0},{"event_name":"Scrap Ooze","player_choice":"unsuccessful","floor":12,"damage_taken":0},{"event_name":"The Cleric","player_choice":"Card Removal","floor":13,"damage_taken":0},{"event_name":"Golden Wing","player_choice":"Card Removal","floor":14,"damage_taken":0},{"event_name":"Golden Shrine","player_choice":"Pray","floor":20,"damage_taken":0},{"event_name":"Beggar","player_choice":"Gave Gold","floor":29,"damage_taken":0},{"event_name":"Mysterious Sphere","player_choice":"Ignore","floor":37,"damage_taken":0},{"event_name":"MindBloom","player_choice":"Upgrade","floor":41,"damage_taken":0},{"event_name":"Falling","player_choice":"Removed Skill","floor":46,"damage_taken":0},{"event_name":"Tomb of Lord Red Mask","player_choice":"Paid","floor":47,"damage_taken":0},{"event_name":"SensoryStone","player_choice":"Memory 3","floor":48,"damage_taken":0}],"is_beta":false,"boss_relics":[{"not_picked":["Snecko Eye","Fusion Hammer"],"picked":"Runic Pyramid"},{"not_picked":["White Beast Statue","Runic Dome"],"picked":"Sozu"}],"items_purged_floors":[8,19,36],"is_endless":false,"potions_floor_spawned":[1,10,16,23,24,25,27,28,35],"ascension_level":4}