{"gold_per_floor":[116,116,18,18,38,65,65,79,159,189,199,199,199,232,232,332,332,346,346,105,105,119,152,152,169,195,195,223,238,238,253,253,353,353,366,381,105,105,119,147,147,175,175,175,175,175,175,19,19,19],"floor_reached":51,"playtime":2933,"items_purged":["Injury"],"score":1103,"play_id":"2f352f22-f68b-482c-adea-1952e28585f4","local_time":"20180909224639","is_ascension_mode":true,"campfire_choices":[{"data":"Feed","floor":7,"key":"SMITH"},{"data":"Reaper","floor":13,"key":"SMITH"},{"data":"Barricade","floor":15,"key":"SMITH"},{"data":"Inflame","floor":24,"key":"SMITH"},{"data":"Limit Break","floor":27,"key":"SMITH"},{"data":"Shrug It Off","floor":30,"key":"SMITH"},{"data":"Inflame","floor":32,"key":"SMITH"},{"data":"Demon Form","floor":41,"key":"SMITH"},{"data":"Secret Technique","floor":44,"key":"SMITH"},{"floor":46,"key":"REST"},{"floor":49,"key":"REST"}],"neow_cost":"CURSE","seed_source_timestamp":946841948190167,"circlet_count":0,"master_deck":["Strike_R","Strike_R","Strike_R","Strike_R+1","Defend_R","Defend_R","Defend_R","Defend_R+1","Bash","Immolate+1","Iron Wave","Feed+1","Heavy Blade+1","Thunderclap","Reaper+1","Heavy Blade","Shrug It Off+1","Barricade+1","Limit Break+1","Inflame+1","Entrench+1","Disarm+1","Inflame+1","Demon Form+1","Flex","Armaments","Secret Technique+1","Inflame","Armaments+1","Ghostly Armor","Dual Wield"],"relics":["Burning Blood","Strawberry","Pear","Pocketwatch","Mango","Magic Flower","Runic Dome","Singing Bowl","MutagenicStrength","WingedGreaves","Whetstone","Peace Pipe","Velvet Choker","Frozen Eye","Mercury Hourglass","Oddly Smooth Stone","Dodecahedron"],"potions_floor_usage":[16,16,18,23,40,42,50],"damage_taken":[{"damage":0,"enemies":"Small Slimes","floor":1,"turns":2},{"damage":0,"enemies":"Cultist","floor":5,"turns":2},{"damage":15,"enemies":"3 Sentries","floor":6,"turns":4},{"damage":2,"enemies":"Jaw Worm","floor":8,"turns":3},{"damage":27,"enemies":"Gremlin Nob","floor":10,"turns":4},{"damage":0,"enemies":"2 Fungi Beasts","floor":11,"turns":2},{"damage":12,"enemies":"3 Sentries","floor":14,"turns":4},{"damage":35,"enemies":"Slime Boss","floor":16,"turns":12},{"damage":27,"enemies":"2 Thieves","floor":18,"turns":4},{"damage":1,"enemies":"Spheric Guardian","floor":22,"turns":3},{"damage":46,"enemies":"Book of Stabbing","floor":23,"turns":4},{"damage":10,"enemies":"Centurion and Healer","floor":25,"turns":4},{"damage":55,"enemies":"Gremlin Leader","floor":28,"turns":7},{"damage":39,"enemies":"Snake Plant","floor":29,"turns":4},{"damage":20,"enemies":"Snecko","floor":31,"turns":6},{"damage":17,"enemies":"Automaton","floor":33,"turns":6},{"damage":17,"enemies":"3 Shapes","floor":35,"turns":4},{"damage":22,"enemies":"Orb Walker","floor":36,"turns":4},{"damage":36,"enemies":"Sphere and 2 Shapes","floor":39,"turns":5},{"damage":53,"enemies":"2 Orb Walkers","floor":40,"turns":4},{"damage":93,"enemies":"Nemesis","floor":42,"turns":7},{"damage":95,"enemies":"Time Eater","floor":50,"turns":9}],"seed_played":"-6723090187204068060","potions_obtained":[{"floor":6,"key":"Dexterity Potion"},{"floor":10,"key":"Energy Potion"},{"floor":11,"key":"SkillPotion"},{"floor":18,"key":"SteroidPotion"},{"floor":25,"key":"Dexterity Potion"},{"floor":29,"key":"Regen Potion"},{"floor":39,"key":"Poison Potion"},{"floor":40,"key":"EssenceOfSteel"},{"floor":42,"key":"SneckoOil"}],"is_trial":false,"path_per_floor":["M","?","$","?","M","E","R","M","T","E","M","?","R","E","R","B",null,"M","?","$","?","M","E","R","M","T","R","E","M","R","M","R","B",null,"M","M","$","?","M","E","R","E","T","R","?","R","?","$","R","B"],"character_chosen":"IRONCLAD","items_purchased":["Heavy Blade","Singing Bowl","Frozen Eye","Flex","Armaments","Ghostly Armor","Dual Wield","PowerPotion"],"campfire_rested":2,"item_purchase_floors":[3,20,37,37,37,48,48,48],"current_hp_per_floor":[78,78,78,62,68,66,66,70,80,63,73,80,80,88,88,62,105,93,93,93,93,107,83,83,103,103,103,111,106,106,103,103,145,145,145,146,146,140,145,140,140,82,82,82,82,132,132,132,167,167],"gold":19,"neow_bonus":"THREE_RARE_CARDS","is_prod":false,"is_daily":false,"chose_seed":false,"campfire_upgraded":9,"win_rate":0,"timestamp":1536551199,"path_taken":["M","?","$","?","M","E","R","M","T","E","M","?","R","E","R","BOSS","M","?","$","?","M","E","R","M","T","R","E","?","R","M","R","BOSS","M","M","$","?","M","E","R","E","T","R","?","R","?","$","R","BOSS"],"build_version":"2018-09-06","purchased_purges":1,"victory":true,"max_hp_per_floor":[80,80,80,80,80,87,87,87,97,97,101,115,115,119,119,119,119,123,123,123,123,127,129,129,133,133,133,135,141,141,141,141,145,145,151,157,157,161,167,167,167,167,167,167,167,167,167,167,167,167],"card_choices":[{"not_picked":["Juggernaut","Reaper"],"picked":"Immolate","floor":0},{"not_picked":["Shockwave","Wild Strike"],"picked":"Iron Wave","floor":1},{"not_picked":["Burning Pact","Havoc"],"picked":"Thunderclap","floor":5},{"not_picked":["Disarm","Iron Wave"],"picked":"Reaper","floor":6},{"not_picked":["Clothesline","Warcry"],"picked":"Iron Wave","floor":8},{"not_picked":["Shockwave","Perfected Strike"],"picked":"Heavy Blade","floor":10},{"not_picked":["Havoc","Sever Soul"],"picked":"Shrug It Off","floor":11},{"not_picked":["Havoc","Sentinel"],"picked":"Barricade","floor":14},{"not_picked":["Immolate","Juggernaut"],"picked":"Limit Break","floor":16},{"not_picked":["Heavy Blade","Anger","Warcry+1"],"picked":"SKIP","floor":18},{"not_picked":["Disarm","Warcry"],"picked":"Entrench+1","floor":22},{"not_picked":["Clash+1","Bludgeon","Anger"],"picked":"Singing Bowl","floor":23},{"not_picked":["Spot Weakness","Second Wind"],"picked":"Disarm+1","floor":25},{"not_picked":["Anger","Clash+1","Uppercut"],"picked":"Singing Bowl","floor":28},{"not_picked":["Twin Strike","Thunderclap+1","Clothesline+1"],"picked":"Singing Bowl","floor":29},{"not_picked":["Clothesline+1","Iron Wave"],"picked":"Inflame","floor":31},{"not_picked":["Immolate","Feed"],"picked":"Demon Form","floor":33},{"not_picked":["Headbutt","Sentinel+1","Sword Boomerang+1"],"picked":"Singing Bowl","floor":35},{"not_picked":["Iron Wave","Evolve+1","Anger"],"picked":"Singing Bowl","floor":36},{"not_picked":["Mayhem","Discovery"],"picked":"Secret Technique","floor":38},{"not_picked":["Forethought","Transmutation","The Bomb"],"picked":"Singing Bowl","floor":38},{"not_picked":["Impatience","PanicButton","Finesse"],"picked":"Singing Bowl","floor":38},{"not_picked":["Spot Weakness+1","Wild Strike+1","Dropkick+1"],"picked":"Singing Bowl","floor":39},{"not_picked":["Second Wind","Perfected Strike+1"],"picked":"Inflame","floor":40},{"not_picked":["Iron Wave+1","Combust+1"],"picked":"Armaments+1","floor":42}],"player_experience":288544,"relics_obtained":[{"floor":6,"key":"Strawberry"},{"floor":9,"key":"Pear"},{"floor":10,"key":"Pocketwatch"},{"floor":14,"key":"Magic Flower"},{"floor":23,"key":"WingedGreaves"},{"floor":26,"key":"Whetstone"},{"floor":28,"key":"Peace Pipe"},{"floor":40,"key":"Mercury Hourglass"},{"floor":42,"key":"Oddly Smooth Stone"},{"floor":43,"key":"Dodecahedron"}],"event_choices":[{"event_name":"Match and Keep!","player_choice":"1 cards matched","floor":2,"damage_taken":0},{"event_name":"Shining Light","player_choice":"Entered Light","floor":4,"damage_taken":0},{"event_name":"Scrap Ooze","player_choice":"success","floor":12,"damage_taken":7},{"event_name":"The Library","player_choice":"Read","floor":19,"damage_taken":0},{"event_name":"Drug Dealer","player_choice":"Inject Mutagens","floor":21,"damage_taken":0},{"event_name":"SensoryStone","player_choice":"Memory 3","floor":38,"damage_taken":0},{"event_name":"Purifier","player_choice":"One Purge","floor":45,"damage_taken":0},{"event_name":"Falling","player_choice":"Removed Attack","floor":47,"damage_taken":0}],"is_beta":false,"boss_relics":[{"not_picked":["Orrery","Black Blood"],"picked":"Runic Dome"},{"not_picked":["Busted Crown","Black Star"],"picked":"Velvet Choker"}],"items_purged_floors":[3],"is_endless":false,"potions_floor_spawned":[6,10,11,18,25,29,39,40,42],"ascension_level":8}