{"gold_per_floor":[18,36,8,8,21,21,43,43,43,43,61,79,112,124,124,201,201,220,199,30,40,40,40,40],"floor_reached":24,"playtime":527,"items_purged":["Barricade"],"score":366,"play_id":"f1276228-876c-4115-b410-2f98b26be4a6","local_time":"20190113011138","is_ascension_mode":true,"campfire_choices":[{"data":"Immolate","floor":6,"key":"SMITH"},{"data":"Bash","floor":15,"key":"SMITH"},{"data":"Reaper","floor":23,"key":"SMITH"}],"neow_cost":"NO_GOLD","seed_source_timestamp":91745603568949,"circlet_count":0,"master_deck":["AscendersBane","Bash+1","Twin Strike","Immolate+1","Shrug It Off","Rage","Armaments+1","Iron Wave","Clothesline","Iron Wave","Reckless Charge","Feed","Reaper+1","Immolate","Rage","Inflame","Demon Form","Anger","True Grit","Blind","Shrug It Off"],"relics":["Burning Blood","Odd Mushroom","Bag of Marbles","Red Skull","Pandora\u0027s Box"],"potions_floor_usage":[13,24],"damage_taken":[{"damage":1,"enemies":"Cultist","floor":1,"turns":3},{"damage":0,"enemies":"2 Louse","floor":2,"turns":2},{"damage":4,"enemies":"Jaw Worm","floor":5,"turns":3},{"damage":7,"enemies":"The Mushroom Lair","floor":7,"turns":2},{"damage":0,"enemies":"3 Louse","floor":11,"turns":1},{"damage":1,"enemies":"Exordium Wildlife","floor":12,"turns":3},{"damage":25,"enemies":"Lagavulin","floor":13,"turns":5},{"damage":1,"enemies":"Looter","floor":14,"turns":3},{"damage":54,"enemies":"The Guardian","floor":16,"turns":13},{"damage":12,"enemies":"Chosen","floor":18,"turns":5},{"damage":25,"enemies":"2 Thieves","floor":19,"turns":4},{"damage":16,"enemies":"Snecko","floor":21,"turns":5},{"damage":50,"enemies":"Slavers","floor":24,"turns":5}],"seed_played":"5151738051810692833","potions_obtained":[{"floor":2,"key":"LiquidBronze"},{"floor":12,"key":"SteroidPotion"},{"floor":13,"key":"Fire Potion"}],"is_trial":false,"path_per_floor":["M","M","$","?","M","R","?","?","T","$","M","M","E","M","R","B",null,"M","M","$","M","?","R","E"],"character_chosen":"IRONCLAD","items_purchased":["Armaments","Blind"],"campfire_rested":0,"item_purchase_floors":[3,20],"current_hp_per_floor":[73,75,75,75,75,75,74,74,74,74,75,75,56,61,61,13,60,65,56,56,46,46,46,0],"gold":40,"neow_bonus":"TRANSFORM_TWO_CARDS","is_prod":false,"is_daily":false,"chose_seed":false,"campfire_upgraded":3,"win_rate":0,"timestamp":1547341898,"path_taken":["M","M","?","?","?","R","?","?","T","?","M","M","E","M","R","BOSS","M","M","$","M","?","R","E"],"build_version":"2019-01-10","purchased_purges":1,"victory":false,"max_hp_per_floor":[75,75,75,75,75,75,75,75,75,75,75,75,75,75,75,75,75,75,75,75,75,75,75,75],"card_choices":[{"not_picked":["Clash","Iron Wave"],"picked":"Shrug It Off","floor":1},{"not_picked":["Sword Boomerang","Twin Strike"],"picked":"Rage","floor":2},{"not_picked":["Rampage","Clash"],"picked":"Iron Wave","floor":5},{"not_picked":["Wild Strike","Fiend Fire"],"picked":"Clothesline","floor":7},{"not_picked":["Body Slam","Sentinel","Sword Boomerang"],"picked":"SKIP","floor":11},{"not_picked":["Bloodletting","True Grit","Clothesline"],"picked":"SKIP","floor":12},{"not_picked":["Sever Soul","Pummel"],"picked":"Iron Wave","floor":13},{"not_picked":["Pommel Strike","Havoc"],"picked":"Reckless Charge","floor":14},{"not_picked":["Bludgeon","Reaper"],"picked":"Feed","floor":16},{"not_picked":["Cleave+1","Sentinel"],"picked":"Anger","floor":18},{"not_picked":["Sentinel","Sever Soul"],"picked":"True Grit","floor":19},{"not_picked":["Whirlwind","Demon Form"],"picked":"Shrug It Off","floor":21}],"player_experience":376201,"relics_obtained":[{"floor":7,"key":"Odd Mushroom"},{"floor":9,"key":"Bag of Marbles"},{"floor":13,"key":"Red Skull"}],"event_choices":[{"damage_healed":0,"gold_gain":0,"player_choice":"Forge","damage_taken":0,"max_hp_gain":0,"max_hp_loss":0,"event_name":"Accursed Blacksmith","floor":4,"gold_loss":0,"cards_upgraded":["Armaments"]},{"damage_healed":0,"gold_gain":0,"player_choice":"Fought Mushrooms","damage_taken":0,"max_hp_gain":0,"max_hp_loss":0,"event_name":"Mushrooms","floor":7,"gold_loss":0},{"cards_removed":["Defend_R"],"damage_healed":0,"gold_gain":0,"player_choice":"Forget","damage_taken":0,"max_hp_gain":0,"max_hp_loss":0,"event_name":"Living Wall","floor":8,"gold_loss":0},{"damage_healed":0,"gold_gain":0,"player_choice":"Ignored","damage_taken":0,"max_hp_gain":0,"max_hp_loss":0,"event_name":"Beggar","floor":22,"gold_loss":0}],"is_beta":false,"boss_relics":[{"not_picked":["Coffee Dripper","Philosopher\u0027s Stone"],"picked":"Pandora\u0027s Box"}],"items_purged_floors":[20],"is_endless":false,"potions_floor_spawned":[2,12,13,14,18,19,21],"killed_by":"Slavers","ascension_level":17}