{"gold_per_floor":[109,59,73,22,22,57,73,73,149,160,160,160,178,278,278,381,381,391,48,48,48,48,48,60,78,78,78,78,78,9,109,109,109],"floor_reached":33,"playtime":696,"items_purged":["Strike_G"],"score":241,"play_id":"0f8c4282-f7ad-4ab0-928d-508b0016aafc","local_time":"20181230173354","is_ascension_mode":false,"campfire_choices":[{"data":"Poisoned Stab","floor":8,"key":"SMITH"},{"data":"Expertise","floor":11,"key":"SMITH"},{"floor":15,"key":"REST"},{"data":"Metamorphosis","floor":23,"key":"SMITH"},{"data":"Deadly Poison","floor":28,"key":"SMITH"},{"data":"Flash of Steel","floor":32,"key":"SMITH"}],"neow_cost":"NONE","seed_source_timestamp":12640516718221,"circlet_count":0,"master_deck":["Defend_G+1","Defend_G","Defend_G","Defend_G+1","Strike_G","Strike_G","Strike_G","Strike_G","Survivor","Neutralize","Dodge and Roll","Poisoned Stab+1","Expertise+1","Terror","Deadly Poison+1","Corpse Explosion","Flash of Steel+1","Metamorphosis+1","Leg Sweep","Noxious Fumes"],"relics":["Busted Crown","Question Card","Sozu","Darkstone Periapt","Juzu Bracelet","Nloth\u0027s Gift"],"potions_floor_usage":[18,33],"damage_taken":[{"damage":0,"enemies":"2 Louse","floor":1,"turns":3},{"damage":0,"enemies":"Small Slimes","floor":3,"turns":4},{"damage":43,"enemies":"Lagavulin","floor":6,"turns":11},{"damage":0,"enemies":"Cultist","floor":7,"turns":3},{"damage":0,"enemies":"Blue Slaver","floor":10,"turns":3},{"damage":1,"enemies":"Looter","floor":13,"turns":3},{"damage":23,"enemies":"Hexaghost","floor":16,"turns":9},{"damage":3,"enemies":"2 Thieves","floor":18,"turns":5},{"damage":1,"enemies":"Chosen","floor":24,"turns":4},{"damage":17,"enemies":"Snecko","floor":25,"turns":4},{"damage":57,"enemies":"Automaton","floor":33,"turns":10}],"seed_played":"5265758721772494267","potions_obtained":[{"floor":1,"key":"Explosive Potion"},{"floor":10,"key":"PowerPotion"},{"floor":16,"key":"Fire Potion"}],"is_trial":false,"path_per_floor":["M","?","M","$","?","E","M","R","T","M","R","?","M","?","R","B",null,"M","$","$","?","?","R","M","M","T","T","R","?","$","?","R","B"],"character_chosen":"THE_SILENT","items_purchased":["Poisoned Stab","Flash of Steel","Metamorphosis","Noxious Fumes"],"campfire_rested":1,"item_purchase_floors":[4,19,19,30],"current_hp_per_floor":[70,70,70,70,70,27,29,29,29,31,31,17,18,18,39,18,70,67,67,67,67,67,67,68,53,53,53,53,53,53,53,53,0],"gold":109,"neow_bonus":"BOSS_RELIC","is_prod":false,"is_daily":false,"chose_seed":false,"campfire_upgraded":5,"win_rate":0,"timestamp":1546191234,"path_taken":["M","?","M","$","?","E","M","R","T","M","R","?","M","?","R","BOSS","M","?","$","?","?","R","M","M","T","?","R","?","?","?","R","BOSS"],"build_version":"2018-12-20","purchased_purges":1,"victory":false,"max_hp_per_floor":[70,70,70,70,70,70,70,70,70,70,70,70,70,70,70,70,70,70,70,70,70,70,70,70,70,70,70,70,70,70,70,70,70],"card_choices":[{"not_picked":[],"picked":"Dodge and Roll","floor":1},{"not_picked":["Slice"],"picked":"SKIP","floor":3},{"not_picked":[],"picked":"Expertise","floor":6},{"not_picked":[],"picked":"Terror","floor":7},{"not_picked":["Endless Agony","Finisher"],"picked":"SKIP","floor":10},{"not_picked":["Tactician"],"picked":"Deadly Poison","floor":13},{"not_picked":["Grand Finale"],"picked":"Corpse Explosion","floor":16},{"not_picked":["Finisher","Sucker Punch"],"picked":"SKIP","floor":18},{"not_picked":["Sucker Punch","Blur"],"picked":"SKIP","floor":24},{"not_picked":["Distraction"],"picked":"Leg Sweep","floor":25}],"player_experience":327726,"relics_obtained":[{"floor":6,"key":"Blood Vial"},{"floor":9,"key":"Question Card"},{"floor":26,"key":"Darkstone Periapt"},{"floor":27,"key":"Juzu Bracelet"}],"event_choices":[{"cards_removed":["Defend_G"],"damage_healed":0,"gold_gain":0,"player_choice":"Card Removal","damage_taken":0,"max_hp_gain":0,"max_hp_loss":0,"event_name":"The Cleric","floor":2,"gold_loss":50},{"damage_healed":0,"gold_gain":0,"player_choice":"Ignored","damage_taken":0,"max_hp_gain":0,"max_hp_loss":0,"event_name":"Liars Game","floor":5,"gold_loss":0},{"damage_healed":0,"gold_gain":0,"player_choice":"Entered Light","damage_taken":14,"max_hp_gain":0,"max_hp_loss":0,"event_name":"Shining Light","floor":12,"gold_loss":0,"cards_upgraded":["Defend_G","Defend_G"]},{"damage_healed":0,"gold_gain":100,"player_choice":"Pray","damage_taken":0,"max_hp_gain":0,"max_hp_loss":0,"event_name":"Golden Shrine","floor":14,"gold_loss":0},{"damage_healed":0,"gold_gain":0,"player_choice":"Ignored","damage_taken":0,"max_hp_gain":0,"max_hp_loss":0,"event_name":"Beggar","floor":21,"gold_loss":0},{"damage_healed":0,"gold_gain":0,"player_choice":"Ignored","damage_taken":0,"max_hp_gain":0,"max_hp_loss":0,"event_name":"Ghosts","floor":22,"gold_loss":0},{"damage_healed":0,"gold_gain":0,"player_choice":"Traded Relic","damage_taken":0,"relics_obtained":["Nloth\u0027s Gift"],"max_hp_gain":0,"max_hp_loss":0,"event_name":"N\u0027loth","floor":29,"relics_lost":["Blood Vial"],"gold_loss":0},{"damage_healed":0,"gold_gain":100,"player_choice":"Pray","damage_taken":0,"max_hp_gain":0,"max_hp_loss":0,"event_name":"Golden Shrine","floor":31,"gold_loss":0}],"is_beta":false,"boss_relics":[{"not_picked":["Velvet Choker","Fusion Hammer"],"picked":"Sozu"}],"items_purged_floors":[19],"is_endless":false,"potions_floor_spawned":[1,10,16,24,25],"killed_by":"Automaton","ascension_level":0}