{"gold_per_floor":[111,111,127,143,34,34,62,62,62,78,109,59,72,72,72,177,177,188,113,113,113,16,16,16,16,16,16,81,31,31,50,50,148,148,161,214,83,101,114,114,128,78,78,96,113,126,46,56,56,56],"floor_reached":50,"playtime":2086,"items_purged":["Writhe","Reflex","Expertise","Survivor","Leg Sweep+1"],"score":635,"play_id":"c793c926-e925-433d-a6b1-ad55547f02bb","local_time":"20181117195747","is_ascension_mode":true,"campfire_choices":[{"data":"Neutralize","floor":6,"key":"SMITH"},{"data":"Backstab","floor":8,"key":"SMITH"},{"floor":15,"key":"REST"},{"data":"Neutralize","floor":23,"key":"SMITH"},{"data":"Footwork","floor":25,"key":"SMITH"},{"data":"Cloak And Dagger","floor":30,"key":"SMITH"},{"data":"Leg Sweep","floor":32,"key":"SMITH"},{"data":"Deep Breath","floor":40,"key":"SMITH"},{"floor":49,"key":"REST"}],"neow_cost":"NONE","seed_source_timestamp":28625253106561,"circlet_count":0,"master_deck":["Neutralize+1","Heel Hook","Neutralize+1","Cloak And Dagger+1","Backstab+1","Well Laid Plans","Footwork+1","Adrenaline","Backflip","Slice+1","Dagger Spray+1","Acrobatics","Masterful Stab+1","Dagger Spray+1","Backflip","Malaise","Backstab+1","Deep Breath+1","Slice+1","Heel Hook+1","Poisoned Stab+1","Noxious Fumes","Poisoned Stab+1"],"relics":["Ring of the Serpent","Molten Egg 2","Mercury Hourglass","Smiling Mask","Pandora\u0027s Box","Ginger","Bottled Flame","Tiny Chest","Boot","Bag of Preparation"],"potions_floor_usage":[7,33,33,39,50,50,50],"damage_taken":[{"damage":3,"enemies":"2 Louse","floor":1,"turns":4},{"damage":0,"enemies":"Cultist","floor":3,"turns":5},{"damage":2,"enemies":"Small Slimes","floor":4,"turns":4},{"damage":30,"enemies":"Gremlin Nob","floor":7,"turns":6},{"damage":0,"enemies":"Looter","floor":10,"turns":2},{"damage":23,"enemies":"Lagavulin","floor":11,"turns":7},{"damage":0,"enemies":"2 Fungi Beasts","floor":13,"turns":2},{"damage":14,"enemies":"The Guardian","floor":16,"turns":18},{"damage":2,"enemies":"Chosen","floor":18,"turns":4},{"damage":8,"enemies":"Slavers","floor":28,"turns":4},{"damage":0,"enemies":"Spheric Guardian","floor":31,"turns":1},{"damage":23,"enemies":"Automaton","floor":33,"turns":9},{"damage":3,"enemies":"3 Darklings","floor":35,"turns":3},{"damage":6,"enemies":"Orb Walker","floor":38,"turns":2},{"damage":17,"enemies":"Maw","floor":39,"turns":6},{"damage":24,"enemies":"Writhing Mass","floor":41,"turns":6},{"damage":0,"enemies":"Sphere and 2 Shapes","floor":44,"turns":3},{"damage":0,"enemies":"Transient","floor":45,"turns":5},{"damage":0,"enemies":"4 Shapes","floor":46,"turns":3},{"damage":23,"enemies":"Writhing Mass","floor":48,"turns":4},{"damage":38,"enemies":"Time Eater","floor":50,"turns":5}],"seed_played":"6579806284883632963","potions_obtained":[{"floor":1,"key":"Dexterity Potion"},{"floor":10,"key":"Ancient Potion"},{"floor":11,"key":"Dexterity Potion"},{"floor":28,"key":"AttackPotion"},{"floor":33,"key":"Regen Potion"},{"floor":45,"key":"EssenceOfSteel"},{"floor":46,"key":"Energy Potion"}],"is_trial":false,"path_per_floor":["M","?","M","M","$","R","E","R","T","M","E","?","M","?","R","B",null,"M","?","?","T","$","R","?","R","T","$","E","$","R","M","R","B",null,"M","T","$","M","M","R","M","$","T","M","M","M","$","M","R","B"],"character_chosen":"THE_SILENT","items_purchased":["Backstab","Backflip","Deep Breath","Noxious Fumes","Poisoned Stab+1"],"campfire_rested":2,"item_purchase_floors":[5,22,37,47,47],"current_hp_per_floor":[67,67,67,65,65,65,35,35,35,35,12,12,12,37,60,46,69,67,67,67,67,67,67,67,67,67,67,59,59,59,59,59,36,67,64,64,64,58,55,55,31,31,31,31,31,31,31,8,31,0],"gold":56,"neow_bonus":"TEN_PERCENT_HP_BONUS","is_prod":false,"is_daily":false,"chose_seed":false,"campfire_upgraded":7,"win_rate":0,"timestamp":1542484667,"path_taken":["M","?","M","?","$","R","E","R","T","M","E","?","M","?","R","BOSS","M","?","?","?","$","R","?","R","T","$","E","?","R","M","R","BOSS","M","?","?","M","?","R","M","$","T","M","?","M","$","M","R","BOSS"],"build_version":"2018-11-15","purchased_purges":5,"victory":false,"max_hp_per_floor":[77,77,77,77,77,77,77,77,77,77,77,77,77,77,77,77,77,77,77,77,77,77,77,77,77,77,77,77,77,77,77,77,77,77,77,77,77,77,77,77,77,77,77,77,77,77,77,77,77,77],"card_choices":[{"not_picked":["Finisher","Sucker Punch"],"picked":"Heel Hook","floor":1},{"not_picked":["Deflect","Dodge and Roll","Blade Dance"],"picked":"SKIP","floor":3},{"not_picked":["Tactician","PiercingWail"],"picked":"Cloak And Dagger","floor":4},{"not_picked":["Wraith Form v2","Outmaneuver","Flechettes"],"picked":"SKIP","floor":7},{"not_picked":["Calculated Gamble","Sucker Punch+1"],"picked":"Well Laid Plans","floor":10},{"not_picked":["Terror","Setup"],"picked":"Footwork","floor":11},{"not_picked":["Tactician","Reflex","Deadly Poison"],"picked":"SKIP","floor":13},{"not_picked":["Venomology","Doppelganger"],"picked":"Adrenaline","floor":16},{"not_picked":["Bane+1","Dagger Throw+1"],"picked":"Dagger Spray+1","floor":18},{"not_picked":["Riddle With Holes+1","Flechettes+1","Quick Slash+1"],"picked":"SKIP","floor":28},{"not_picked":["Bouncing Flask","Backflip","Flying Knee+1"],"picked":"SKIP","floor":31},{"not_picked":["Die Die Die+1","Tools of the Trade"],"picked":"Malaise","floor":33},{"not_picked":["Masterful Stab+1","Cloak And Dagger+1"],"picked":"Backstab+1","floor":35},{"not_picked":["Underhanded Strike+1","Setup"],"picked":"Slice+1","floor":38},{"not_picked":["Blade Dance","Bane+1","Blur"],"picked":"SKIP","floor":39},{"not_picked":["Tactician+1","Venomology"],"picked":"Heel Hook+1","floor":41},{"not_picked":["Endless Agony+1","Acrobatics","Deadly Poison+1"],"picked":"SKIP","floor":44},{"not_picked":["Masterful Stab+1","Acrobatics+1"],"picked":"Poisoned Stab+1","floor":45},{"not_picked":["Dagger Throw+1","Prepared+1","Quick Slash+1"],"picked":"SKIP","floor":46},{"not_picked":["Sucker Punch+1","Caltrops","Flying Knee+1"],"picked":"SKIP","floor":48}],"player_experience":182689,"relics_obtained":[{"floor":7,"key":"Molten Egg 2"},{"floor":9,"key":"Mercury Hourglass"},{"floor":11,"key":"Smiling Mask"},{"floor":21,"key":"Ginger"},{"floor":26,"key":"Bottled Flame"},{"floor":28,"key":"Tiny Chest"},{"floor":36,"key":"Boot"},{"floor":43,"key":"Bag of Preparation"}],"event_choices":[{"damage_healed":0,"gold_gain":0,"player_choice":"2 cards matched","damage_taken":0,"max_hp_gain":0,"max_hp_loss":0,"event_name":"Match and Keep!","floor":2,"gold_loss":0,"cards_obtained":["Writhe","Neutralize"]},{"cards_removed":["Strike_G"],"damage_healed":0,"gold_gain":0,"player_choice":"Card Removal","damage_taken":0,"max_hp_gain":0,"max_hp_loss":0,"event_name":"The Cleric","floor":12,"gold_loss":50},{"damage_healed":25,"gold_gain":0,"player_choice":"Banana","damage_taken":0,"max_hp_gain":0,"max_hp_loss":0,"event_name":"Big Fish","floor":14,"gold_loss":0},{"cards_removed":["Blade Dance"],"damage_healed":0,"gold_gain":0,"player_choice":"Gave Gold","damage_taken":0,"max_hp_gain":0,"max_hp_loss":0,"event_name":"Beggar","floor":19,"gold_loss":75},{"damage_healed":0,"gold_gain":0,"player_choice":"Read","damage_taken":0,"max_hp_gain":0,"max_hp_loss":0,"event_name":"The Library","floor":20,"gold_loss":0,"cards_obtained":["Leg Sweep"]},{"cards_removed":["Dodge and Roll"],"damage_healed":0,"gold_gain":0,"player_choice":"Elegance","damage_taken":0,"max_hp_gain":0,"max_hp_loss":0,"event_name":"Back to Basics","floor":24,"gold_loss":0}],"is_beta":false,"boss_relics":[{"not_picked":["Eternal Feather","Coffee Dripper"],"picked":"Pandora\u0027s Box"},{"not_picked":["Velvet Choker","Calling Bell"],"picked":"Ring of the Serpent"}],"items_purged_floors":[5,22,29,37,42],"is_endless":false,"potions_floor_spawned":[1,10,11,28,33,45,46,48],"killed_by":"Time Eater","ascension_level":7}