{"gold_per_floor":[112,125,136,136,136,136,136,162,162,194,194,211,19,19,19,123,123,140,140,140,63,63,63,75,75,75,75,102,117,135,95,95,95],"floor_reached":33,"playtime":2774,"items_purged":[],"score":296,"play_id":"1b5dccd1-8924-4a7a-8425-92f781ff2bb4","local_time":"20180729200004","is_ascension_mode":false,"campfire_choices":[{"floor":6,"key":"REST"},{"floor":11,"key":"REST"},{"floor":15,"key":"REST"},{"floor":23,"key":"REST"},{"floor":25,"key":"REST"},{"data":"Chaos","floor":27,"key":"SMITH"},{"floor":32,"key":"REST"}],"neow_cost":"NONE","seed_source_timestamp":1009098944932511,"circlet_count":0,"master_deck":["Strike_B+1","Strike_B+1","Strike_B+1","Strike_B+1","Defend_B+1","Defend_B+1","Defend_B+1","Defend_B+1","Zap+1","Dualcast","Capacitor","Ball Lightning","Cold Snap+1","Chaos+1","Fusion+1","Doom and Gloom","Enlightenment+1","Amplify+1","J.A.X.+1","Writhe","Self Repair","Steam+1","Conserve Battery+1","Double Energy+1"],"relics":["Lizard Tail","Sundial","Bottled Lightning","Mummified Hand","Toxic Egg 2","Nuclear Battery","Vajra","Smiling Mask","Oddly Smooth Stone"],"potions_floor_usage":[8,16,28,28,30,33,33,33],"damage_taken":[{"damage":0,"enemies":"2 Louse","floor":1,"turns":2},{"damage":6,"enemies":"Jaw Worm","floor":2,"turns":5},{"damage":12,"enemies":"Small Slimes","floor":3,"turns":3},{"damage":18,"enemies":"3 Sentries","floor":8,"turns":6},{"damage":12,"enemies":"Lagavulin","floor":10,"turns":5},{"damage":14,"enemies":"2 Fungi Beasts","floor":12,"turns":3},{"damage":54,"enemies":"Hexaghost","floor":16,"turns":11},{"damage":16,"enemies":"Chosen","floor":18,"turns":5},{"damage":23,"enemies":"2 Thieves","floor":24,"turns":3},{"damage":89,"enemies":"Gremlin Leader","floor":28,"turns":10},{"damage":23,"enemies":"Snecko","floor":29,"turns":6},{"damage":4,"enemies":"3 Cultists","floor":30,"turns":6},{"damage":60,"enemies":"Champ","floor":33,"turns":10}],"seed_played":"5595096174102855877","potions_obtained":[{"floor":1,"key":"Explosive Potion"},{"floor":2,"key":"Swift Potion"},{"floor":16,"key":"Dexterity Potion"},{"floor":24,"key":"Block Potion"},{"floor":28,"key":"SkillPotion"},{"floor":31,"key":"Fruit Juice"},{"floor":31,"key":"FocusPotion"},{"floor":31,"key":"Block Potion"}],"is_trial":false,"path_per_floor":["M","M","M","?","?","R","$","E","T","E","R","M","$","?","R","B",null,"M","?","?","?","?","R","M","R","T","R","E","M","M","?","R"],"character_chosen":"DEFECT","items_purchased":["Enlightenment+1"],"campfire_rested":6,"item_purchase_floors":[13],"current_hp_per_floor":[75,69,57,42,39,61,61,43,43,31,53,39,39,44,68,14,80,64,49,49,49,49,74,51,76,76,76,37,14,17,17,42,0],"gold":95,"neow_bonus":"BOSS_RELIC","is_prod":false,"is_daily":false,"chose_seed":false,"campfire_upgraded":1,"win_rate":0.0,"timestamp":1532912404,"path_taken":["M","M","M","?","?","R","?","E","T","E","R","M","$","?","R","BOSS","M","?","?","?","?","R","M","R","T","R","E","M","?","?","R","BOSS"],"build_version":"2018-07-26","purchased_purges":0,"victory":false,"max_hp_per_floor":[75,75,75,75,75,75,75,75,75,75,75,75,75,80,80,80,80,80,85,85,85,85,85,85,85,85,85,85,85,85,85,85,90],"card_choices":[{"not_picked":["Aggregate","Doom and Gloom"],"picked":"Capacitor","floor":1},{"not_picked":["Sweeping Beam","Turbo"],"picked":"Ball Lightning","floor":2},{"not_picked":["Compile Driver","Leap"],"picked":"Cold Snap","floor":3},{"not_picked":["Barrage","Coolheaded"],"picked":"Chaos","floor":8},{"not_picked":["Barrage","Turbo"],"picked":"Fusion","floor":10},{"not_picked":["Streamline","Leap+1"],"picked":"Doom and Gloom","floor":12},{"not_picked":["Buffer","All For One"],"picked":"Amplify+1","floor":16},{"not_picked":["Stack+1","Lockon","Skim+1"],"picked":"SKIP","floor":18},{"not_picked":["Hologram+1","Stack+1"],"picked":"Self Repair","floor":24},{"not_picked":["Streamline","Rebound"],"picked":"Steam+1","floor":28},{"not_picked":["Stack+1","Gash+1"],"picked":"Conserve Battery+1","floor":29},{"not_picked":["Amplify+1","Go for the Eyes"],"picked":"Double Energy+1","floor":30}],"player_experience":47308,"relics_obtained":[{"floor":8,"key":"Bottled Lightning"},{"floor":9,"key":"Mummified Hand"},{"floor":10,"key":"Toxic Egg 2"},{"floor":26,"key":"Smiling Mask"},{"floor":28,"key":"Oddly Smooth Stone"}],"event_choices":[{"event_name":"Shining Light","player_choice":"Entered Light","floor":4,"damage_taken":0},{"event_name":"Scrap Ooze","player_choice":"success","floor":5,"damage_taken":3},{"event_name":"Big Fish","player_choice":"Donut","floor":14,"damage_taken":0},{"event_name":"Forgotten Altar","player_choice":"Shed Blood","floor":19,"damage_taken":0},{"event_name":"Back to Basics","player_choice":"Simplicity","floor":20,"damage_taken":0},{"event_name":"Drug Dealer","player_choice":"Got JAXXED","floor":21,"damage_taken":0},{"event_name":"The Mausoleum","player_choice":"Yes","floor":22,"damage_taken":0},{"event_name":"The Woman in Blue","player_choice":"Bought 3 Potions","floor":31,"damage_taken":0}],"is_beta":false,"boss_relics":[{"not_picked":["Orrery","White Beast Statue"],"picked":"Nuclear Battery"}],"items_purged_floors":[],"is_endless":false,"potions_floor_spawned":[1,2,16,24,28],"killed_by":"Champ","ascension_level":0}