{"gold_per_floor":[142,156,174,191,39,39,69,69,69,101,117,117,117,117],"floor_reached":14,"playtime":1810,"items_purged":[],"score":105,"play_id":"8b1c8228-19d6-4298-a01d-7a0835a4bfe6","local_time":"20181202183300","is_ascension_mode":true,"campfire_choices":[{"data":"Leg Sweep","floor":6,"key":"SMITH"},{"floor":8,"key":"REST"},{"floor":12,"key":"DIG"}],"neow_cost":"NONE","seed_source_timestamp":527974560992124,"circlet_count":0,"master_deck":["Defend_G","Defend_G","Defend_G","Defend_G","Defend_G","Strike_G","Strike_G","Strike_G","Strike_G","Strike_G","Survivor","Neutralize+1","Flying Knee","Leg Sweep+1","Blur","Backflip"],"relics":["Ring of the Snake","Tiny Chest","Oddly Smooth Stone","Unceasing Top","Tingsha","Shovel","Boot"],"potions_floor_usage":[],"damage_taken":[{"damage":0,"enemies":"Cultist","floor":1,"turns":5},{"damage":0,"enemies":"2 Louse","floor":2,"turns":5},{"damage":7,"enemies":"Small Slimes","floor":3,"turns":4},{"damage":0,"enemies":"3 Louse","floor":4,"turns":6},{"damage":49,"enemies":"Lagavulin","floor":7,"turns":16},{"damage":27,"enemies":"3 Sentries","floor":10,"turns":18},{"damage":0,"enemies":"2 Fungi Beasts","floor":11,"turns":4},{"damage":23,"enemies":"Gremlin Nob","floor":14,"turns":4}],"seed_played":"3212697207571313414","potions_obtained":[{"floor":3,"key":"Weak Potion"},{"floor":7,"key":"GamblersBrew"},{"floor":10,"key":"Dexterity Potion"}],"is_trial":false,"path_per_floor":["M","M","M","M","$","R","E","R","T","E","M","R","?","E"],"character_chosen":"THE_SILENT","items_purchased":["Oddly Smooth Stone"],"campfire_rested":1,"item_purchase_floors":[5],"current_hp_per_floor":[70,70,63,63,63,63,14,35,35,8,8,8,8,0],"gold":117,"neow_bonus":"RANDOM_COMMON_RELIC","is_prod":false,"is_daily":false,"chose_seed":false,"campfire_upgraded":1,"win_rate":0,"timestamp":1543804380,"path_taken":["M","M","M","M","?","R","E","R","T","E","M","R","?","E"],"build_version":"2018-11-15","purchased_purges":0,"victory":false,"max_hp_per_floor":[70,70,70,70,70,70,70,70,70,70,70,70,70,70],"card_choices":[{"not_picked":["Deflect","Backstab"],"picked":"Flying Knee","floor":1},{"not_picked":["Eviscerate","Dodge and Roll","Endless Agony"],"picked":"SKIP","floor":2},{"not_picked":["Expertise","Infinite Blades"],"picked":"Leg Sweep","floor":3},{"not_picked":["Blade Dance","Infinite Blades"],"picked":"Blur","floor":4},{"not_picked":["Dagger Throw","Masterful Stab"],"picked":"Backflip","floor":7},{"not_picked":["Dash","Finisher","Caltrops"],"picked":"SKIP","floor":10},{"not_picked":["Dodge and Roll","Skewer","Prepared"],"picked":"SKIP","floor":11}],"player_experience":52031,"relics_obtained":[{"floor":7,"key":"Unceasing Top"},{"floor":9,"key":"Tingsha"},{"floor":10,"key":"Shovel"},{"floor":12,"key":"Boot"}],"event_choices":[{"damage_healed":0,"gold_gain":0,"player_choice":"Grow","damage_taken":0,"max_hp_gain":0,"max_hp_loss":0,"event_name":"Living Wall","floor":13,"gold_loss":0,"cards_upgraded":["Neutralize"]}],"is_beta":false,"boss_relics":[],"items_purged_floors":[],"is_endless":false,"potions_floor_spawned":[3,7,10],"killed_by":"Gremlin Nob","ascension_level":1}