{"gold_per_floor":[366,441,441,458,468,468,484,484,484,484,484,504,504,520,520,625,625,641,659,671,470,482,482,482,482,482,517,292,318,318,233,233,329,329,344,344,50,62,76,76,86,50,50,108,108,153,153,153,153,153],"floor_reached":50,"playtime":2609,"items_purged":["Strike_G","Writhe"],"score":747,"play_id":"479a15f3-8699-4787-9161-e66bfadc0f7b","local_time":"20181002221934","is_ascension_mode":true,"campfire_choices":[{"floor":6,"key":"REST"},{"floor":8,"key":"REST"},{"data":"Crippling Poison","floor":10,"key":"SMITH"},{"floor":13,"key":"REST"},{"data":"Bouncing Flask","floor":15,"key":"SMITH"},{"data":"Burst","floor":23,"key":"SMITH"},{"data":"RitualDagger","floor":25,"key":"SMITH"},{"floor":30,"key":"REST"},{"data":"Footwork","floor":32,"key":"SMITH"},{"data":"Crippling Poison","floor":40,"key":"SMITH"},{"data":"Skewer","floor":47,"key":"SMITH"},{"data":"Noxious Fumes","floor":49,"key":"SMITH"}],"neow_cost":"PERCENT_DAMAGE","seed_source_timestamp":910074278657976,"circlet_count":0,"master_deck":["Defend_G","Defend_G+1","Defend_G","Defend_G","Defend_G","Strike_G","Strike_G","Strike_G","Strike_G","Survivor","Neutralize+1","AscendersBane","Quick Slash","Bouncing Flask+1","Dagger Spray","Crippling Poison+1","Poisoned Stab","Backflip","Burst+1","Backflip","Terror+1","RitualDagger+1","Glass Knife","Footwork+1","Crippling Poison+1","Deflect","Unload","Mayhem","Acrobatics+1","Deadly Poison","Acrobatics+1","Noxious Fumes+1","Skewer+1"],"relics":["Ring of the Snake","Ninja Scroll","Busted Crown","Lee\u0027s Waffle","Pantograph","Bottled Flame","Bottled Tornado","Centennial Puzzle","Sozu","Ornamental Fan","Tiny Chest","Unceasing Top"],"potions_floor_usage":[16,27,27,29],"damage_taken":[{"damage":9,"enemies":"Cultist","floor":1,"turns":6},{"damage":0,"enemies":"2 Louse","floor":4,"turns":4},{"damage":2,"enemies":"Jaw Worm","floor":5,"turns":4},{"damage":23,"enemies":"Large Slime","floor":7,"turns":8},{"damage":4,"enemies":"Exordium Thugs","floor":12,"turns":3},{"damage":1,"enemies":"Blue Slaver","floor":14,"turns":3},{"damage":22,"enemies":"Hexaghost","floor":16,"turns":9},{"damage":14,"enemies":"Spheric Guardian","floor":18,"turns":4},{"damage":16,"enemies":"2 Thieves","floor":19,"turns":3},{"damage":6,"enemies":"Snecko","floor":20,"turns":4},{"damage":14,"enemies":"Centurion and Healer","floor":22,"turns":5},{"damage":14,"enemies":"Slavers","floor":27,"turns":4},{"damage":17,"enemies":"Book of Stabbing","floor":29,"turns":7},{"damage":41,"enemies":"Collector","floor":33,"turns":9},{"damage":19,"enemies":"3 Darklings","floor":35,"turns":3},{"damage":7,"enemies":"Orb Walker","floor":38,"turns":3},{"damage":1,"enemies":"Transient","floor":39,"turns":5},{"damage":0,"enemies":"Spire Growth","floor":41,"turns":4},{"damage":9,"enemies":"Nemesis","floor":44,"turns":9},{"damage":1,"enemies":"Mysterious Sphere","floor":46,"turns":5},{"damage":84,"enemies":"Time Eater","floor":50,"turns":11}],"seed_played":"8184340184229214557","potions_obtained":[{"floor":7,"key":"SteroidPotion"},{"floor":14,"key":"Poison Potion"},{"floor":16,"key":"Dexterity Potion"},{"floor":27,"key":"Weak Potion"}],"is_trial":false,"path_per_floor":["M","?","?","M","M","R","M","R","T","R","?","M","R","M","R","B",null,"M","M","M","$","M","R","?","R","T","E","$","E","R","?","R","B",null,"M","?","$","M","M","R","M","$","T","E","?","?","R","?","R"],"character_chosen":"THE_SILENT","items_purchased":["Lee\u0027s Waffle","Footwork","Crippling Poison","Mayhem","Noxious Fumes"],"campfire_rested":4,"item_purchase_floors":[21,28,28,37,42],"current_hp_per_floor":[36,25,25,25,23,44,21,42,42,42,28,24,45,44,44,22,58,44,28,22,77,63,63,57,57,57,43,43,26,49,49,49,33,66,47,66,66,59,58,58,58,58,58,49,49,48,48,48,48,0],"gold":153,"neow_bonus":"TWO_FIFTY_GOLD","is_prod":false,"is_daily":false,"chose_seed":false,"campfire_upgraded":8,"win_rate":0,"timestamp":1538536774,"path_taken":["M","?","?","M","?","R","M","R","T","R","?","M","R","M","R","BOSS","M","M","M","$","M","R","?","R","T","E","$","E","R","?","R","BOSS","M","?","$","M","M","R","M","$","T","E","?","?","R","?","R","BOSS"],"build_version":"2018-09-27","purchased_purges":2,"victory":false,"max_hp_per_floor":[70,70,70,70,70,70,70,70,70,70,70,70,70,70,70,70,70,70,70,70,77,77,77,77,77,77,77,77,77,77,77,77,77,77,77,77,77,77,77,77,77,77,77,77,77,77,77,77,77,77],"card_choices":[{"not_picked":["Backflip","Prepared"],"picked":"Quick Slash","floor":1},{"not_picked":["Slice","Underhanded Strike"],"picked":"Bouncing Flask","floor":4},{"not_picked":["Acrobatics","Tools of the Trade"],"picked":"Dagger Spray","floor":5},{"not_picked":["PiercingWail","Prepared"],"picked":"Crippling Poison","floor":7},{"not_picked":["Dagger Throw","Quick Slash"],"picked":"Poisoned Stab","floor":12},{"not_picked":["Underhanded Strike","Setup"],"picked":"Backflip","floor":14},{"not_picked":["Bullet Time","Grand Finale"],"picked":"Burst","floor":16},{"not_picked":["Underhanded Strike"],"picked":"SKIP","floor":18},{"not_picked":["Distraction"],"picked":"SKIP","floor":19},{"not_picked":[],"picked":"Backflip","floor":20},{"not_picked":[],"picked":"Terror+1","floor":22},{"not_picked":[],"picked":"Glass Knife","floor":27},{"not_picked":[],"picked":"Deflect","floor":29},{"not_picked":[],"picked":"Unload","floor":33},{"not_picked":["All Out Attack"],"picked":"SKIP","floor":35},{"not_picked":[],"picked":"Acrobatics+1","floor":38},{"not_picked":[],"picked":"Deadly Poison","floor":39},{"not_picked":[],"picked":"Acrobatics+1","floor":41},{"not_picked":["Outmaneuver+1"],"picked":"SKIP","floor":44},{"not_picked":[],"picked":"Skewer","floor":46}],"player_experience":383590,"relics_obtained":[{"floor":9,"key":"Ninja Scroll"},{"floor":26,"key":"Pantograph"},{"floor":27,"key":"Bottled Flame"},{"floor":29,"key":"Bottled Tornado"},{"floor":43,"key":"Ornamental Fan"},{"floor":44,"key":"Tiny Chest"},{"floor":46,"key":"Unceasing Top"}],"event_choices":[{"event_name":"World of Goop","player_choice":"Gather Gold","floor":2,"damage_taken":0},{"event_name":"Scrap Ooze","player_choice":"unsuccessful","floor":3,"damage_taken":0},{"event_name":"Shining Light","player_choice":"Entered Light","floor":11,"damage_taken":0},{"event_name":"Nest","player_choice":"Joined the Cult","floor":24,"damage_taken":0},{"event_name":"Addict","player_choice":"Obtained Relic","floor":31,"damage_taken":0},{"event_name":"Winding Halls","player_choice":"Writhe","floor":36,"damage_taken":0},{"event_name":"SensoryStone","player_choice":"Memory 1","floor":45,"damage_taken":0},{"event_name":"Mysterious Sphere","player_choice":"Fight","floor":46,"damage_taken":0},{"event_name":"The Woman in Blue","player_choice":"Bought 0 Potions","floor":48,"damage_taken":0}],"is_beta":false,"boss_relics":[{"not_picked":["HoveringKite","Calling Bell"],"picked":"Busted Crown"},{"not_picked":["Astrolabe","Lizard Tail"],"picked":"Sozu"}],"items_purged_floors":[28,37],"is_endless":false,"potions_floor_spawned":[7,14,16,27,35,39,44],"killed_by":"Time Eater","ascension_level":10}