{"gold_per_floor":[117,133,133,14,25,25,40,40,40,54,54,54,54,72,72,145,145,159,5,17,67,86,86,114,114],"floor_reached":25,"playtime":649,"items_purged":["Strike_R","Strike_R"],"score":394,"play_id":"e04b3e74-82e0-40e0-9ec8-c343e8738ebe","local_time":"20190112125241","is_ascension_mode":true,"campfire_choices":[{"data":"Inflame","floor":6,"key":"SMITH"},{"data":"Anger","floor":11,"key":"SMITH"},{"data":"Double Tap","floor":15,"key":"SMITH"},{"data":"Battle Trance","floor":23,"key":"SMITH"}],"neow_cost":"NONE","seed_source_timestamp":47291986934606,"circlet_count":0,"master_deck":["AscendersBane","Strike_R","Defend_R","Defend_R","Defend_R","Defend_R","Bash","Double Tap+1","Thunderclap","Battle Trance+1","Inflame+1","True Grit","Anger+1","Ghostly Armor","Shrug It Off","Impervious","Shrug It Off"],"relics":["Burning Blood","Paper Frog","Question Card","Busted Crown","Strawberry"],"potions_floor_usage":[20,25],"damage_taken":[{"damage":12,"enemies":"Cultist","floor":1,"turns":4},{"damage":19,"enemies":"Jaw Worm","floor":2,"turns":4},{"damage":7,"enemies":"Small Slimes","floor":5,"turns":3},{"damage":10,"enemies":"3 Louse","floor":7,"turns":3},{"damage":13,"enemies":"Exordium Wildlife","floor":10,"turns":5},{"damage":10,"enemies":"Lots of Slimes","floor":14,"turns":4},{"damage":38,"enemies":"Hexaghost","floor":16,"turns":9},{"damage":9,"enemies":"3 Byrds","floor":18,"turns":5},{"damage":1,"enemies":"Chosen","floor":20,"turns":6},{"damage":9,"enemies":"Centurion and Healer","floor":22,"turns":5},{"damage":26,"enemies":"Gremlin Leader","floor":24,"turns":6},{"damage":71,"enemies":"Cultist and Chosen","floor":25,"turns":9}],"seed_played":"-5867987485249824659","potions_obtained":[{"floor":5,"key":"Dexterity Potion"},{"floor":14,"key":"SteroidPotion"},{"floor":16,"key":"FairyPotion"},{"floor":24,"key":"Swift Potion"}],"is_trial":false,"path_per_floor":["M","M","?","$","M","R","M","?","T","M","R","?","?","M","R","B",null,"M","$","M","?","M","R","E","M"],"character_chosen":"IRONCLAD","items_purchased":["Inflame","Shrug It Off"],"campfire_rested":0,"item_purchase_floors":[4,19],"current_hp_per_floor":[62,49,49,49,48,48,44,44,44,37,37,30,55,51,51,19,61,58,58,63,63,60,60,47,0],"gold":114,"neow_bonus":"ONE_RANDOM_RARE_CARD","is_prod":false,"is_daily":false,"chose_seed":false,"campfire_upgraded":4,"win_rate":0,"timestamp":1547297561,"path_taken":["M","?","?","$","?","R","?","?","T","?","R","?","?","?","R","BOSS","M","?","?","?","M","R","E","M"],"build_version":"2019-01-10","purchased_purges":2,"victory":false,"max_hp_per_floor":[75,75,75,75,75,75,75,75,75,75,75,75,75,75,75,75,75,75,75,75,75,75,75,82,82],"card_choices":[{"not_picked":["Perfected Strike","Headbutt"],"picked":"Thunderclap","floor":1},{"not_picked":["Havoc","Warcry"],"picked":"Battle Trance","floor":2},{"not_picked":["Clothesline","Headbutt"],"picked":"True Grit","floor":5},{"not_picked":["Thunderclap","Warcry"],"picked":"Anger","floor":7},{"not_picked":["Anger","Reckless Charge","Juggernaut"],"picked":"Ghostly Armor","floor":10},{"not_picked":["Clash","Anger","Thunderclap"],"picked":"Shrug It Off","floor":14},{"not_picked":["Immolate","Feed","Bludgeon"],"picked":"Impervious","floor":16},{"not_picked":["Seeing Red","True Grit"],"picked":"SKIP","floor":18},{"not_picked":["Shrug It Off","Wild Strike"],"picked":"SKIP","floor":20},{"not_picked":["Perfected Strike","Fiend Fire"],"picked":"SKIP","floor":22},{"not_picked":["Clash","Cleave+1"],"picked":"SKIP","floor":24}],"player_experience":369593,"relics_obtained":[{"floor":9,"key":"Question Card"},{"floor":24,"key":"Strawberry"}],"event_choices":[{"cards_removed":["Strike_R"],"damage_healed":0,"gold_gain":0,"player_choice":"Offered Basic","damage_taken":0,"max_hp_gain":0,"max_hp_loss":0,"event_name":"Bonfire Elementals","floor":3,"gold_loss":0},{"damage_healed":0,"gold_gain":0,"player_choice":"Gave Potion","damage_taken":0,"relics_obtained":["Paper Frog"],"max_hp_gain":0,"max_hp_loss":0,"event_name":"WeMeetAgain","floor":8,"gold_loss":0},{"cards_removed":["Strike_R"],"damage_healed":0,"gold_gain":0,"player_choice":"Card Removal","damage_taken":7,"max_hp_gain":0,"max_hp_loss":0,"event_name":"Golden Wing","floor":12,"gold_loss":0},{"damage_healed":25,"gold_gain":0,"player_choice":"Banana","damage_taken":0,"max_hp_gain":0,"max_hp_loss":0,"event_name":"Big Fish","floor":13,"gold_loss":0},{"damage_healed":0,"gold_gain":50,"player_choice":"Pray","damage_taken":0,"max_hp_gain":0,"max_hp_loss":0,"event_name":"Golden Shrine","floor":21,"gold_loss":0}],"is_beta":false,"boss_relics":[{"not_picked":["White Beast Statue","Runic Pyramid"],"picked":"Busted Crown"}],"items_purged_floors":[4,19],"is_endless":false,"potions_floor_spawned":[5,14,16,24],"killed_by":"Cultist and Chosen","ascension_level":17}