{"gold_per_floor":[16,31,31,51,51,51,226,226,280,280,280,315,327,364,376,388],"floor_reached":16,"playtime":666,"items_purged":[],"score":127,"play_id":"a9c68b70-412d-49a2-8c35-ceb571a43320","local_time":"20190119150339","is_ascension_mode":true,"campfire_choices":[{"data":"Zap","floor":6,"key":"SMITH"},{"data":"Dramatic Entrance","floor":8,"key":"SMITH"},{"data":"Cold Snap","floor":11,"key":"SMITH"},{"data":"Transmutation","floor":15,"key":"SMITH"}],"neow_cost":"NO_GOLD","seed_source_timestamp":768599347624815,"circlet_count":0,"master_deck":["Strike_B","Strike_B","Strike_B","Strike_B","Defend_B","Defend_B+1","Defend_B","Defend_B","Zap+1","Dualcast+1","Dramatic Entrance+1","Cold Snap+1","Doubt","Transmutation+1"],"relics":["Cracked Core","Golden Idol","Blood Vial","MawBank"],"potions_floor_usage":[12,14],"damage_taken":[{"damage":4,"enemies":"2 Louse","floor":1,"turns":2},{"damage":4,"enemies":"Jaw Worm","floor":2,"turns":4},{"damage":0,"enemies":"Small Slimes","floor":4,"turns":3},{"damage":29,"enemies":"Lagavulin","floor":12,"turns":5},{"damage":0,"enemies":"2 Fungi Beasts","floor":14,"turns":3},{"damage":36,"enemies":"Slime Boss","floor":16,"turns":3}],"seed_played":"6263812026983987174","potions_obtained":[{"floor":4,"key":"GamblersBrew"},{"floor":14,"key":"Fruit Juice"}],"is_trial":false,"path_per_floor":["M","M","?","M","?","R","?","R","T","?","R","E","?","M","R","B"],"character_chosen":"DEFECT","items_purchased":[],"campfire_rested":0,"item_purchase_floors":[],"current_hp_per_floor":[64,60,42,42,27,27,27,27,27,52,52,25,25,32,32,0],"gold":388,"neow_bonus":"RANDOM_COLORLESS_2","is_prod":false,"is_daily":false,"chose_seed":false,"campfire_upgraded":4,"win_rate":0,"timestamp":1547939019,"path_taken":["M","M","?","M","?","R","?","R","T","?","R","E","?","M","R","BOSS"],"build_version":"2019-01-17v2","purchased_purges":0,"victory":false,"max_hp_per_floor":[75,75,75,75,75,75,75,75,75,75,75,75,75,80,80,80],"card_choices":[{"not_picked":["Static Discharge","Double Energy","Rip and Tear"],"picked":"SKIP","floor":1},{"not_picked":["Stack","Barrage"],"picked":"Cold Snap","floor":2},{"not_picked":["Ball Lightning","Storm","Rebound"],"picked":"SKIP","floor":4},{"not_picked":["Beam Cell","Steam","Redo"],"picked":"SKIP","floor":12},{"not_picked":["Barrage","Recycle","Doom and Gloom"],"picked":"SKIP","floor":14}],"player_experience":401266,"relics_obtained":[{"floor":9,"key":"Blood Vial"},{"floor":12,"key":"MawBank"}],"event_choices":[{"damage_healed":0,"gold_gain":0,"player_choice":"Take Damage","damage_taken":18,"relics_obtained":["Golden Idol"],"max_hp_gain":0,"max_hp_loss":0,"event_name":"Golden Idol","floor":3,"gold_loss":0},{"damage_healed":0,"gold_gain":0,"player_choice":"Entered Light","damage_taken":15,"max_hp_gain":0,"max_hp_loss":0,"event_name":"Shining Light","floor":5,"gold_loss":0,"cards_upgraded":["Dualcast","Defend_B"]},{"damage_healed":0,"gold_gain":175,"player_choice":"AGREE","damage_taken":0,"max_hp_gain":0,"max_hp_loss":0,"event_name":"Liars Game","floor":7,"gold_loss":0,"cards_obtained":["Doubt"]},{"damage_healed":25,"gold_gain":0,"player_choice":"Banana","damage_taken":0,"max_hp_gain":0,"max_hp_loss":0,"event_name":"Big Fish","floor":10,"gold_loss":0},{"damage_healed":0,"gold_gain":0,"cards_transformed":["Impatience"],"player_choice":"Change","damage_taken":0,"max_hp_gain":0,"max_hp_loss":0,"event_name":"Living Wall","floor":13,"gold_loss":0,"cards_obtained":["Transmutation"]}],"is_beta":false,"boss_relics":[],"items_purged_floors":[],"is_endless":false,"potions_floor_spawned":[4,14],"killed_by":"Slime Boss","ascension_level":6}