{"gold_per_floor":[18,18,18,30,43,43,58,72,96,21,38,38,38,63,63,183,183,198,213,128,142,142,142,158,9,9,9,9,9,9,22,22,146,146,161,184,184,184,197,197,197,197,197,197,197,210,225,243,243,243],"floor_reached":51,"playtime":1359,"items_purged":["Strike_B","Strike_B"],"score":691,"play_id":"57a80651-6e4b-40bd-9656-1d4900167bc2","local_time":"20180902211025","is_ascension_mode":false,"campfire_choices":[{"data":"Go for the Eyes","floor":6,"key":"SMITH"},{"data":"Defend_B","floor":15,"key":"SMITH"},{"data":"Defend_B","floor":23,"key":"SMITH"},{"floor":27,"key":"REST"},{"data":"Conserve Battery","floor":32,"key":"SMITH"},{"floor":40,"key":"REST"},{"data":"Reboot","floor":42,"key":"SMITH"},{"data":"Echo Form","floor":44,"key":"SMITH"},{"floor":49,"key":"REST"}],"neow_cost":"NO_GOLD","seed_source_timestamp":23229180518996,"circlet_count":0,"master_deck":["Strike_B","Defend_B+1","Defend_B+1","Defend_B","Defend_B","Dualcast","All For One","Go for the Eyes+1","Gash","Rebound","Echo Form+1","Skim+1","Gash","Conserve Battery+1","Reboot+1","Gash+1","Deep Breath","Good Instincts","Gash"],"relics":["Cracked Core","Regal Pillow","Golden Idol","Sozu","Bronze Scales","Darkstone Periapt","Lizard Tail","Mango","Bottled Flame"],"potions_floor_usage":[16,16,21],"damage_taken":[{"damage":1,"enemies":"Jaw Worm","floor":1,"turns":3},{"damage":7,"enemies":"2 Louse","floor":4,"turns":2},{"damage":0,"enemies":"Cultist","floor":5,"turns":2},{"damage":7,"enemies":"Exordium Wildlife","floor":7,"turns":3},{"damage":0,"enemies":"Large Slime","floor":8,"turns":4},{"damage":0,"enemies":"Looter","floor":11,"turns":3},{"damage":8,"enemies":"Exordium Wildlife","floor":14,"turns":2},{"damage":9,"enemies":"Slime Boss","floor":16,"turns":7},{"damage":2,"enemies":"Chosen","floor":18,"turns":4},{"damage":15,"enemies":"Shell Parasite","floor":19,"turns":6},{"damage":11,"enemies":"3 Cultists","floor":21,"turns":5},{"damage":13,"enemies":"Sentry and Sphere","floor":24,"turns":4},{"damage":12,"enemies":"Chosen and Byrds","floor":31,"turns":5},{"damage":53,"enemies":"Automaton","floor":33,"turns":8},{"damage":36,"enemies":"3 Darklings","floor":35,"turns":5},{"damage":0,"enemies":"Orb Walker","floor":36,"turns":3},{"damage":25,"enemies":"Reptomancer","floor":39,"turns":6},{"damage":4,"enemies":"Mind Bloom Boss Battle","floor":41,"turns":4},{"damage":12,"enemies":"Maw","floor":46,"turns":6},{"damage":8,"enemies":"Spire Growth","floor":47,"turns":3},{"damage":3,"enemies":"Sphere and 2 Shapes","floor":48,"turns":4},{"damage":85,"enemies":"Awakened One","floor":50,"turns":8}],"seed_played":"-2381359610259746153","potions_obtained":[{"floor":5,"key":"Block Potion"},{"floor":8,"key":"Swift Potion"},{"floor":14,"key":"Explosive Potion"}],"is_trial":false,"path_per_floor":["M","?","$","M","M","R","M","M","T","$","M","?","?","M","R","B",null,"M","M","?","M","?","R","M","$","T","R","$","?","$","M","R","B",null,"M","M","?","?","M","R","?","R","T","R","?","M","M","M","R","B"],"character_chosen":"DEFECT","items_purchased":["Conserve Battery"],"campfire_rested":3,"item_purchase_floors":[25],"current_hp_per_floor":[74,74,74,67,67,67,60,60,60,60,60,60,65,57,57,48,74,72,57,57,46,46,46,33,33,33,70,70,70,70,58,58,5,74,38,38,28,28,3,39,49,49,49,49,49,37,29,26,66,42],"gold":243,"neow_bonus":"THREE_RARE_CARDS","is_prod":false,"is_daily":false,"chose_seed":false,"campfire_upgraded":6,"win_rate":0,"timestamp":1535919025,"path_taken":["M","?","$","M","M","R","M","M","T","$","M","?","?","M","R","BOSS","M","M","?","M","?","R","M","$","T","R","?","?","$","?","R","BOSS","M","M","?","?","?","R","?","R","T","R","?","?","?","M","R","BOSS"],"build_version":"2018-08-30","purchased_purges":2,"victory":true,"max_hp_per_floor":[75,75,75,75,75,75,75,75,75,75,75,69,74,74,74,74,74,74,74,74,74,74,74,74,74,74,74,74,74,74,74,74,74,74,74,74,74,70,70,70,84,84,84,84,84,84,84,84,84,84],"card_choices":[{"not_picked":["Multi-Cast","Thunder Strike"],"picked":"All For One","floor":0},{"not_picked":["Coolheaded","Rebound"],"picked":"Go for the Eyes","floor":1},{"not_picked":["Compile Driver","Sweeping Beam"],"picked":"Gash","floor":4},{"not_picked":["Stack","Chaos","Leap"],"picked":"SKIP","floor":5},{"not_picked":["Rip and Tear","Glacier"],"picked":"Rebound","floor":7},{"not_picked":["Loop","Redo","Rebound"],"picked":"SKIP","floor":8},{"not_picked":["Chaos","Leap","Darkness"],"picked":"SKIP","floor":11},{"not_picked":["Beam Cell","Loop","Streamline"],"picked":"SKIP","floor":14},{"not_picked":["Biased Cognition","Multi-Cast"],"picked":"Echo Form","floor":16},{"not_picked":["Doom and Gloom","Rip and Tear","Glacier"],"picked":"SKIP","floor":18},{"not_picked":["Sweeping Beam+1","Auto Shields"],"picked":"Skim+1","floor":19},{"not_picked":["Hologram","Consume","Sweeping Beam"],"picked":"SKIP","floor":21},{"not_picked":["Chaos","Compile Driver"],"picked":"Gash","floor":24},{"not_picked":["Hologram","Force Field+1","Compile Driver"],"picked":"SKIP","floor":31},{"not_picked":["Amplify","Creative AI"],"picked":"Reboot","floor":33},{"not_picked":["Melter","Sweeping Beam+1","Storm"],"picked":"SKIP","floor":35},{"not_picked":["Self Repair","Cold Snap"],"picked":"Gash+1","floor":36},{"not_picked":["Master of Strategy","Mind Blast"],"picked":"Deep Breath","floor":37},{"not_picked":["Master of Strategy","Deep Breath"],"picked":"Good Instincts","floor":37},{"not_picked":["Stack","Ball Lightning+1","Sweeping Beam+1"],"picked":"SKIP","floor":39},{"not_picked":["Redo+1","Machine Learning"],"picked":"Gash","floor":46},{"not_picked":["Consume+1","Sweeping Beam","Rebound+1"],"picked":"SKIP","floor":47},{"not_picked":["Rebound+1","Chaos+1","Storm"],"picked":"SKIP","floor":48}],"player_experience":9232,"relics_obtained":[{"floor":9,"key":"Regal Pillow"},{"floor":26,"key":"Darkstone Periapt"},{"floor":41,"key":"Mango"},{"floor":43,"key":"Bottled Flame"}],"event_choices":[{"event_name":"Living Wall","player_choice":"Grow","floor":2,"damage_taken":0},{"event_name":"Golden Idol","player_choice":"Lose Max HP","floor":12,"damage_taken":0},{"event_name":"Big Fish","player_choice":"Donut","floor":13,"damage_taken":0},{"event_name":"Addict","player_choice":"Obtained Relic","floor":20,"damage_taken":0},{"event_name":"Vampires","player_choice":"Ignored","floor":22,"damage_taken":0},{"event_name":"Purifier","player_choice":"One Purge","floor":29,"damage_taken":0},{"event_name":"SensoryStone","player_choice":"Memory 3","floor":37,"damage_taken":0},{"event_name":"Winding Halls","player_choice":"Max HP","floor":38,"damage_taken":0},{"event_name":"MindBloom","player_choice":"Fight","floor":41,"damage_taken":0},{"event_name":"Falling","player_choice":"Removed Skill","floor":45,"damage_taken":0}],"is_beta":false,"boss_relics":[{"not_picked":["Philosopher\u0027s Stone","Tiny House"],"picked":"Sozu"},{"not_picked":["Fusion Hammer","White Beast Statue"],"picked":"Lizard Tail"}],"items_purged_floors":[10,25],"is_endless":false,"potions_floor_spawned":[5,8,14,19,33,35,36,39,48],"ascension_level":0}