{"gold_per_floor":[366,206,206,26,45,45,45,45,68,86,86,130,148,172,172,303,303,319,319,333,258,276,307,307,339,339,339,43,72,82,82,82,179,179,194,211,229,79,0,0,14,14,40,40,40,51,51,68,68,68],"floor_reached":51,"playtime":1807,"items_purged":["Strike_B","Strike_B","Strike_B","Defend_B"],"score":1065,"play_id":"96ba44ac-e120-4a25-9934-db3185e19998","local_time":"20181101202256","is_ascension_mode":true,"campfire_choices":[{"data":"Gash","floor":6,"key":"SMITH"},{"floor":8,"key":"REST"},{"data":"Dualcast","floor":11,"key":"SMITH"},{"data":"Hologram","floor":15,"key":"SMITH"},{"data":"Hologram","floor":24,"key":"SMITH"},{"floor":27,"key":"REST"},{"data":"Thinking Ahead","floor":32,"key":"SMITH"},{"data":"Seek","floor":40,"key":"SMITH"},{"data":"Reboot","floor":42,"key":"SMITH"},{"data":"Chill","floor":49,"key":"SMITH"}],"neow_cost":"TEN_PERCENT_HP_LOSS","seed_source_timestamp":3844866232771,"circlet_count":0,"master_deck":["Defend_B","Defend_B","Defend_B","Zap+1","Dualcast+1","AscendersBane","Sweeping Beam","Cold Snap","Self Repair","Chill+1","Gash+1","All For One","Hologram+1","Hologram+1","Seek+1","Go for the Eyes+1","Defragment+1","Decay","Thinking Ahead+1","Reboot+1","Decay","Doubt","White Noise","Gash+1"],"relics":["FrozenCore","Bloody Idol","Dream Catcher","Incense Burner","Cursed Key","Ornamental Fan","Bottled Tornado","Vajra","Pear","Red Mask","DataDisk","Singing Bowl"],"potions_floor_usage":[20,20,25,41,50],"damage_taken":[{"damage":6,"enemies":"2 Louse","floor":1,"turns":2},{"damage":0,"enemies":"Small Slimes","floor":5,"turns":4},{"damage":0,"enemies":"Cultist","floor":10,"turns":4},{"damage":6,"enemies":"3 Sentries","floor":12,"turns":6},{"damage":0,"enemies":"Large Slime","floor":13,"turns":4},{"damage":1,"enemies":"3 Louse","floor":14,"turns":2},{"damage":26,"enemies":"Slime Boss","floor":16,"turns":11},{"damage":4,"enemies":"Spheric Guardian","floor":18,"turns":3},{"damage":7,"enemies":"Shell Parasite","floor":20,"turns":4},{"damage":12,"enemies":"Shelled Parasite and Fungi","floor":22,"turns":5},{"damage":13,"enemies":"Gremlin Leader","floor":23,"turns":7},{"damage":49,"enemies":"Slavers","floor":25,"turns":5},{"damage":8,"enemies":"Book of Stabbing","floor":29,"turns":5},{"damage":2,"enemies":"Chosen and Byrds","floor":30,"turns":8},{"damage":36,"enemies":"Champ","floor":33,"turns":9},{"damage":0,"enemies":"3 Darklings","floor":35,"turns":7},{"damage":4,"enemies":"3 Shapes","floor":36,"turns":7},{"damage":0,"enemies":"Sphere and 2 Shapes","floor":37,"turns":5},{"damage":19,"enemies":"Transient","floor":41,"turns":5},{"damage":0,"enemies":"Jaw Worm Horde","floor":46,"turns":4},{"damage":12,"enemies":"Maw","floor":48,"turns":8},{"damage":47,"enemies":"Donu and Deca","floor":50,"turns":9}],"seed_played":"-6386778747406560203","potions_obtained":[{"floor":10,"key":"Dexterity Potion"},{"floor":13,"key":"Block Potion"},{"floor":22,"key":"Regen Potion"},{"floor":23,"key":"Strength Potion"},{"floor":25,"key":"Fire Potion"},{"floor":41,"key":"Poison Potion"}],"is_trial":false,"path_per_floor":["M","$","?","$","M","R","?","R","T","M","R","E","M","M","R","B",null,"M","?","M","?","M","E","R","E","T","R","$","E","M","$","R","B",null,"M","M","M","$","?","R","M","R","T","T","$","M","?","M","R","B"],"character_chosen":"DEFECT","items_purchased":["Cold Snap","Self Repair","Chill","Thinking Ahead"],"campfire_rested":2,"item_purchase_floors":[2,2,4,28],"current_hp_per_floor":[62,62,62,62,63,63,63,63,63,63,63,63,63,62,62,43,58,61,61,63,63,63,62,62,37,37,55,55,69,73,73,73,49,67,73,73,73,73,73,73,66,66,71,71,71,73,69,69,69,29],"gold":68,"neow_bonus":"TWO_FIFTY_GOLD","is_prod":false,"is_daily":false,"chose_seed":false,"campfire_upgraded":8,"win_rate":0,"timestamp":1541103776,"path_taken":["M","$","?","$","M","R","?","R","T","M","R","E","M","M","R","BOSS","M","?","M","?","M","E","R","E","T","R","$","E","M","$","R","BOSS","M","M","M","$","?","R","M","R","T","?","?","?","?","?","R","BOSS"],"build_version":"2018-10-25v2","purchased_purges":4,"victory":true,"max_hp_per_floor":[68,68,63,63,63,63,63,63,63,63,63,63,63,63,63,63,63,63,63,63,63,63,63,63,63,63,63,63,73,73,73,73,73,73,73,73,73,73,73,73,73,73,73,73,73,73,69,69,69,69],"card_choices":[{"not_picked":["Chaos","Rebound"],"picked":"Sweeping Beam","floor":1},{"not_picked":["Storm","Double Energy"],"picked":"Gash","floor":5},{"not_picked":["Steam","Hologram"],"picked":"All For One","floor":10},{"not_picked":["Leap","Streamline"],"picked":"Hologram","floor":12},{"not_picked":["Chaos","Sweeping Beam"],"picked":"Hologram","floor":13},{"not_picked":["Stack","Fusion","Skim"],"picked":"SKIP","floor":14},{"not_picked":["Biased Cognition","Meteor Strike"],"picked":"Seek","floor":16},{"not_picked":["Chaos+1","Aggregate","Compile Driver"],"picked":"SKIP","floor":18},{"not_picked":["Cold Snap","Lockon","Redo"],"picked":"SKIP","floor":20},{"not_picked":["Stack","Auto Shields"],"picked":"Go for the Eyes+1","floor":22},{"not_picked":["Redo","Meteor Strike"],"picked":"Defragment+1","floor":23},{"not_picked":["Blizzard+1","Storm","Fusion"],"picked":"SKIP","floor":25},{"not_picked":["Sweeping Beam","Beam Cell","Cold Snap"],"picked":"SKIP","floor":29},{"not_picked":["Reinforced Body","Turbo","Streamline"],"picked":"SKIP","floor":30},{"not_picked":["Multi-Cast","Echo Form"],"picked":"Reboot","floor":33},{"not_picked":["Beam Cell+1","Rebound","Double Energy+1"],"picked":"SKIP","floor":35},{"not_picked":["BootSequence+1","Force Field","Glacier"],"picked":"SKIP","floor":36},{"not_picked":["Sweeping Beam","Ball Lightning","Rebound"],"picked":"SKIP","floor":37},{"not_picked":["Fusion","Melter","Conserve Battery"],"picked":"SKIP","floor":41},{"not_picked":["Sweeping Beam","Hologram"],"picked":"White Noise","floor":46},{"not_picked":["Leap+1","White Noise"],"picked":"Gash+1","floor":48}],"player_experience":97440,"relics_obtained":[{"floor":9,"key":"Dream Catcher"},{"floor":12,"key":"Incense Burner"},{"floor":23,"key":"Ornamental Fan"},{"floor":25,"key":"Bottled Tornado"},{"floor":26,"key":"Vajra"},{"floor":29,"key":"Pear"},{"floor":43,"key":"DataDisk"},{"floor":44,"key":"Singing Bowl"}],"event_choices":[{"damage_healed":0,"gold_gain":0,"player_choice":"Lose Max HP","damage_taken":0,"relics_obtained":["Golden Idol"],"max_hp_gain":0,"max_hp_loss":5,"event_name":"Golden Idol","floor":3,"gold_loss":0},{"damage_healed":0,"gold_gain":0,"player_choice":"Upgraded","damage_taken":0,"max_hp_gain":0,"max_hp_loss":0,"event_name":"Upgrade Shrine","floor":7,"gold_loss":0,"cards_upgraded":["Zap"]},{"damage_healed":0,"gold_gain":0,"player_choice":"Gave Idol","damage_taken":0,"relics_obtained":["Bloody Idol"],"max_hp_gain":0,"max_hp_loss":0,"event_name":"Forgotten Altar","floor":19,"relics_lost":["Golden Idol"],"gold_loss":0},{"cards_removed":["Strike_B"],"damage_healed":0,"gold_gain":0,"player_choice":"Gave Gold","damage_taken":0,"max_hp_gain":0,"max_hp_loss":0,"event_name":"Beggar","floor":21,"gold_loss":75},{"damage_healed":0,"gold_gain":0,"player_choice":"Paid","damage_taken":0,"relics_obtained":["Red Mask"],"max_hp_gain":0,"max_hp_loss":0,"event_name":"Tomb of Lord Red Mask","floor":39,"gold_loss":79},{"damage_healed":0,"gold_gain":0,"player_choice":"Max HP","damage_taken":0,"max_hp_gain":0,"max_hp_loss":4,"event_name":"Winding Halls","floor":47,"gold_loss":0}],"is_beta":false,"boss_relics":[{"not_picked":["Philosopher\u0027s Stone","Busted Crown"],"picked":"Cursed Key"},{"not_picked":["Velvet Choker","Runic Dome"],"picked":"FrozenCore"}],"items_purged_floors":[2,4,28,38],"is_endless":false,"potions_floor_spawned":[10,13,16,22,23,25,29,30,41],"ascension_level":11}