{"gold_per_floor":[114,114,24,47,21,21,21,33,33,63,63,80,80,94,94,94],"floor_reached":16,"playtime":291,"items_purged":[],"score":186,"play_id":"6f91e26d-4f3f-4866-8388-374814922a51","local_time":"20190127004712","is_ascension_mode":true,"campfire_choices":[{"data":"Pommel Strike","floor":6,"key":"SMITH"},{"data":"Dropkick","floor":11,"key":"SMITH"},{"data":"Bash","floor":13,"key":"SMITH"},{"data":"Shrug It Off","floor":15,"key":"SMITH"}],"neow_cost":"NONE","seed_source_timestamp":2431541784193,"circlet_count":0,"master_deck":["AscendersBane","Strike_R","Strike_R","Strike_R","Strike_R","Defend_R+1","Defend_R","Defend_R","Defend_R+1","Bash+1","Combust","Finesse","Pommel Strike+1","Thunderclap","Dropkick+1","Shrug It Off+1"],"relics":["Burning Blood","Blood Vial","Dream Catcher","Pen Nib","War Paint"],"potions_floor_usage":[10,10,10,16],"damage_taken":[{"damage":5,"enemies":"2 Louse","floor":1,"turns":3},{"damage":3,"enemies":"Cultist","floor":8,"turns":3},{"damage":48,"enemies":"Lagavulin","floor":10,"turns":6},{"damage":2,"enemies":"Small Slimes","floor":12,"turns":4},{"damage":9,"enemies":"Looter","floor":14,"turns":2},{"damage":54,"enemies":"Hexaghost","floor":16,"turns":9}],"seed_played":"-8772968291246267733","potions_obtained":[{"floor":1,"key":"Block Potion"},{"floor":7,"key":"EntropicBrew"}],"is_trial":false,"path_per_floor":["M","?","$","T","$","R","?","M","T","E","R","M","R","M","R","B"],"character_chosen":"IRONCLAD","items_purchased":["Finesse","Pommel Strike"],"campfire_rested":0,"item_purchase_floors":[3,5],"current_hp_per_floor":[71,71,71,71,71,71,71,75,75,45,45,51,51,50,50,0],"gold":94,"neow_bonus":"RANDOM_COMMON_RELIC","is_prod":false,"is_daily":false,"chose_seed":false,"campfire_upgraded":4,"win_rate":0,"timestamp":1548550032,"path_taken":["M","?","$","?","$","R","?","?","T","E","R","M","R","M","R","BOSS"],"build_version":"2019-01-23","purchased_purges":0,"victory":false,"max_hp_per_floor":[75,75,75,75,75,75,75,75,75,75,75,75,75,75,75,75],"card_choices":[{"not_picked":["Battle Trance","Burning Pact"],"picked":"Combust","floor":1},{"not_picked":["Iron Wave","Headbutt"],"picked":"Thunderclap","floor":8},{"not_picked":["Clash","Blood for Blood"],"picked":"Dropkick","floor":10},{"not_picked":["Searing Blow","Second Wind","Havoc"],"picked":"SKIP","floor":12},{"not_picked":["Armaments","Heavy Blade"],"picked":"Shrug It Off","floor":14}],"player_experience":412482,"relics_obtained":[{"floor":4,"key":"Dream Catcher"},{"floor":9,"key":"Pen Nib"},{"floor":10,"key":"War Paint"}],"event_choices":[{"cards_removed":["Strike_R"],"damage_healed":0,"gold_gain":0,"player_choice":"Offered Basic","damage_taken":0,"max_hp_gain":0,"max_hp_loss":0,"event_name":"Bonfire Elementals","floor":2,"gold_loss":0},{"damage_healed":0,"gold_gain":0,"player_choice":"Got Potions","damage_taken":0,"max_hp_gain":0,"max_hp_loss":0,"event_name":"Lab","floor":7,"gold_loss":0}],"is_beta":false,"boss_relics":[],"items_purged_floors":[],"is_endless":false,"potions_floor_spawned":[1],"killed_by":"Hexaghost","ascension_level":18}