{"gold_per_floor":[114,64,64,77,101,101,121,138,138,153,173,186,132,162,162,261,261,280,298,308,308,129,162,173,206,206,221,234,245,245,258,258,359,359,379,390,216,231,67,67],"floor_reached":40,"playtime":2469,"items_purged":["Pain","Normality","Normality"],"score":436,"play_id":"da240f5f-410e-40e1-a037-c226f2a7b037","local_time":"20190129222251","is_ascension_mode":false,"campfire_choices":[{"data":"True Grit","floor":6,"key":"SMITH"},{"data":"Bash","floor":15,"key":"SMITH"},{"data":"Barricade","floor":32,"key":"SMITH"}],"neow_cost":"NONE","seed_source_timestamp":158599463710199,"circlet_count":0,"master_deck":["Strike_R","Strike_R","Strike_R","Strike_R","Strike_R","Defend_R","Defend_R","Defend_R","Bash+1","True Grit+1","Sentinel","Cleave","Pummel","Shrug It Off","Flame Barrier","Double Tap","Clothesline","Barricade+1","Body Slam+1","Thunderclap+1","Shrug It Off","Entrench","Armaments","Juggernaut","Shrug It Off","Dual Wield+1","Headbutt+1","Writhe","Decay","Flame Barrier","True Grit+1","Feel No Pain","Rage+1","Entrench"],"relics":["Burning Blood","NeowsBlessing","Ornamental Fan","Lantern","Shuriken","Ancient Tea Set","Mark of Pain","WarpedTongs","Red Skull","Orichalcum","Pear","Anchor","Calling Bell","Vajra","Sundial","Gambling Chip"],"potions_floor_usage":[10,11,14,19,25,27,33],"damage_taken":[{"damage":0,"enemies":"Small Slimes","floor":1,"turns":1},{"damage":0,"enemies":"Jaw Worm","floor":4,"turns":1},{"damage":0,"enemies":"2 Louse","floor":7,"turns":1},{"damage":3,"enemies":"Red Slaver","floor":8,"turns":4},{"damage":2,"enemies":"Large Slime","floor":10,"turns":6},{"damage":0,"enemies":"Exordium Wildlife","floor":11,"turns":1},{"damage":2,"enemies":"Looter","floor":12,"turns":4},{"damage":5,"enemies":"3 Sentries","floor":14,"turns":6},{"damage":61,"enemies":"The Guardian","floor":16,"turns":17},{"damage":0,"enemies":"Chosen","floor":18,"turns":7},{"damage":0,"enemies":"3 Byrds","floor":19,"turns":4},{"damage":27,"enemies":"Sentry and Sphere","floor":20,"turns":6},{"damage":38,"enemies":"Slavers","floor":23,"turns":31},{"damage":4,"enemies":"Snecko","floor":24,"turns":5},{"damage":1,"enemies":"Gremlin Leader","floor":25,"turns":5},{"damage":0,"enemies":"Centurion and Healer","floor":27,"turns":6},{"damage":12,"enemies":"Snake Plant","floor":28,"turns":3},{"damage":3,"enemies":"Chosen and Byrds","floor":29,"turns":4},{"damage":6,"enemies":"Cultist and Chosen","floor":31,"turns":5},{"damage":25,"enemies":"Automaton","floor":33,"turns":10},{"damage":29,"enemies":"3 Darklings","floor":35,"turns":7},{"damage":18,"enemies":"Orb Walker","floor":36,"turns":7},{"damage":14,"enemies":"Jaw Worm Horde","floor":38,"turns":4},{"damage":52,"enemies":"2 Orb Walkers","floor":40,"turns":5}],"seed_played":"-1624889573685340065","potions_obtained":[{"floor":4,"key":"EssenceOfSteel"},{"floor":7,"key":"Explosive Potion"},{"floor":10,"key":"Explosive Potion"},{"floor":11,"key":"SteroidPotion"},{"floor":24,"key":"AttackPotion"},{"floor":25,"key":"EssenceOfSteel"},{"floor":29,"key":"Dexterity Potion"},{"floor":33,"key":"LiquidBronze"},{"floor":36,"key":"GamblersBrew"},{"floor":38,"key":"SteroidPotion"}],"is_trial":false,"path_per_floor":["M","?","T","M","T","R","M","M","T","M","M","M","$","E","R","B",null,"M","M","M","?","$","E","M","E","T","M","M","M","?","M","R","B",null,"M","M","$","M","$","?"],"character_chosen":"IRONCLAD","items_purchased":["Clothesline","Entrench","Armaments","Feel No Pain","Entrench"],"campfire_rested":0,"item_purchase_floors":[13,22,22,37,39],"current_hp_per_floor":[80,80,80,80,80,80,80,80,80,80,80,80,80,80,80,25,80,80,80,59,59,59,27,29,34,44,50,44,47,47,47,47,28,90,67,55,55,47,47,0],"gold":67,"neow_bonus":"THREE_ENEMY_KILL","is_prod":false,"is_daily":false,"chose_seed":false,"campfire_upgraded":3,"win_rate":0,"timestamp":1548818571,"path_taken":["M","?","?","M","?","R","M","M","T","M","M","M","$","E","R","BOSS","M","M","M","?","$","E","M","E","T","M","M","?","?","M","R","BOSS","M","M","$","M","$","?"],"build_version":"2019-01-23","purchased_purges":3,"victory":false,"max_hp_per_floor":[80,80,80,80,80,80,80,80,80,80,80,80,80,80,80,80,80,80,80,80,80,80,80,80,80,90,90,90,90,90,90,90,90,90,90,90,90,90,90,90],"card_choices":[{"not_picked":["Sword Boomerang","Clothesline"],"picked":"True Grit","floor":1},{"not_picked":["Heavy Blade","Perfected Strike"],"picked":"Sentinel","floor":4},{"not_picked":["Warcry","Carnage"],"picked":"Cleave","floor":7},{"not_picked":["Anger","Feed"],"picked":"Pummel","floor":8},{"not_picked":["Anger","Wild Strike"],"picked":"Shrug It Off","floor":10},{"not_picked":["Power Through","Twin Strike"],"picked":"Flame Barrier","floor":11},{"not_picked":["Thunderclap","Headbutt"],"picked":"Double Tap","floor":12},{"not_picked":["Warcry","Flex","Whirlwind"],"picked":"SKIP","floor":14},{"not_picked":["Demon Form","Limit Break"],"picked":"Barricade","floor":16},{"not_picked":["Feel No Pain","Blood for Blood"],"picked":"Body Slam+1","floor":18},{"not_picked":["Shockwave","Wild Strike"],"picked":"Thunderclap+1","floor":19},{"not_picked":["Fire Breathing+1","Pommel Strike"],"picked":"Shrug It Off","floor":20},{"not_picked":["Inflame","Havoc"],"picked":"Juggernaut","floor":23},{"not_picked":["Clash","Sever Soul"],"picked":"Shrug It Off","floor":24},{"not_picked":["Cleave","Shrug It Off"],"picked":"Dual Wield+1","floor":25},{"not_picked":["Anger","Havoc","Clash"],"picked":"SKIP","floor":27},{"not_picked":["Feed","Havoc","Armaments"],"picked":"SKIP","floor":28},{"not_picked":["Clash","Havoc"],"picked":"Headbutt+1","floor":29},{"not_picked":["Heavy Blade","Shrug It Off","Clothesline+1"],"picked":"SKIP","floor":31},{"not_picked":["Clash","Searing Blow"],"picked":"Flame Barrier","floor":35},{"not_picked":["Perfected Strike+1","Sword Boomerang+1"],"picked":"True Grit+1","floor":36},{"not_picked":["Flex","Wild Strike"],"picked":"Rage+1","floor":38}],"player_experience":411586,"relics_obtained":[{"floor":3,"key":"Ornamental Fan"},{"floor":5,"key":"Lantern"},{"floor":9,"key":"Shuriken"},{"floor":14,"key":"Ancient Tea Set"},{"floor":23,"key":"Red Skull"},{"floor":25,"key":"Orichalcum"},{"floor":26,"key":"Pear"},{"floor":34,"key":"Vajra"},{"floor":34,"key":"Sundial"},{"floor":34,"key":"Gambling Chip"}],"event_choices":[{"cards_removed":["Defend_R"],"damage_healed":0,"gold_gain":0,"player_choice":"Card Removal","damage_taken":0,"max_hp_gain":0,"max_hp_loss":0,"event_name":"The Cleric","floor":2,"gold_loss":50},{"damage_healed":0,"gold_gain":0,"player_choice":"Rummage","damage_taken":0,"relics_obtained":["WarpedTongs"],"max_hp_gain":0,"max_hp_loss":0,"event_name":"Accursed Blacksmith","floor":21,"gold_loss":0,"cards_obtained":["Pain"]},{"damage_healed":0,"gold_gain":0,"player_choice":"Opened","damage_taken":0,"relics_obtained":["Anchor"],"max_hp_gain":0,"max_hp_loss":0,"event_name":"The Mausoleum","floor":30,"gold_loss":0,"cards_obtained":["Writhe"]},{"damage_healed":0,"gold_gain":0,"player_choice":"Fight","damage_taken":0,"max_hp_gain":0,"max_hp_loss":0,"event_name":"Mysterious Sphere","floor":40,"gold_loss":0}],"is_beta":false,"boss_relics":[{"not_picked":["Busted Crown","White Beast Statue"],"picked":"Mark of Pain"},{"not_picked":["Orrery","Tiny House"],"picked":"Calling Bell"}],"items_purged_floors":[22,37,39],"is_endless":false,"potions_floor_spawned":[4,7,10,11,24,25,29,33,36,38],"killed_by":"2 Orb Walkers","ascension_level":0}