{"gold_per_floor":[115,190,202,202,202,231,250,250,250,270,37,53,72,101,101,205,205,215,140,153,53,0,28,43,43,67,15,15,35,35,35,35,35],"floor_reached":33,"playtime":3048,"items_purged":["Strike_R","Strike_R"],"score":275,"play_id":"5d66ae95-7a25-46fd-b3fb-a9b165001938","local_time":"20181227120932","is_ascension_mode":false,"campfire_choices":[{"data":"Pommel Strike","floor":8,"key":"SMITH"},{"data":"Whirlwind","floor":15,"key":"SMITH"},{"floor":28,"key":"REST"},{"data":"Demon Form","floor":32,"key":"SMITH"}],"neow_cost":"NONE","seed_source_timestamp":502289822540054,"circlet_count":0,"master_deck":["Defend_R","Defend_R","Defend_R","Defend_R+1","Twin Strike","Pommel Strike+1","Cleave","Pommel Strike","Demon Form+1","Whirlwind+1","Disarm","Shrug It Off","Shrug It Off+1","Iron Wave"],"relics":["Burning Blood","StoneCalendar","Bag of Marbles","Letter Opener","Molten Egg 2","Empty Cage","Meat on the Bone","Juzu Bracelet"],"potions_floor_usage":[16,16,33,33],"damage_taken":[{"damage":0,"enemies":"Small Slimes","floor":1,"turns":3},{"damage":12,"enemies":"Jaw Worm","floor":3,"turns":4},{"damage":26,"enemies":"Gremlin Nob","floor":6,"turns":5},{"damage":0,"enemies":"Cultist","floor":7,"turns":2},{"damage":18,"enemies":"Large Slime","floor":10,"turns":5},{"damage":0,"enemies":"3 Louse","floor":12,"turns":1},{"damage":9,"enemies":"2 Fungi Beasts","floor":13,"turns":3},{"damage":27,"enemies":"3 Sentries","floor":14,"turns":4},{"damage":30,"enemies":"Slime Boss","floor":16,"turns":6},{"damage":14,"enemies":"Chosen","floor":18,"turns":5},{"damage":10,"enemies":"3 Byrds","floor":20,"turns":3},{"damage":30,"enemies":"Gremlin Leader","floor":23,"turns":7},{"damage":40,"enemies":"Centurion and Healer","floor":24,"turns":7},{"damage":21,"enemies":"Snake Plant","floor":29,"turns":7},{"damage":50,"enemies":"Automaton","floor":33,"turns":10}],"seed_played":"-1794292595274285491","potions_obtained":[{"floor":3,"key":"SkillPotion"},{"floor":6,"key":"EssenceOfSteel"},{"floor":10,"key":"PowerPotion"},{"floor":13,"key":"Strength Potion"},{"floor":16,"key":"Weak Potion"},{"floor":23,"key":"SteroidPotion"}],"is_trial":false,"path_per_floor":["M","?","M","?","?","E","M","R","T","M","$","M","M","E","R","B",null,"M","?","M","$","?","E","M","?","T","$","R","M","?","?","R","B"],"character_chosen":"IRONCLAD","items_purchased":["Demon Form","Whirlwind","Shrug It Off"],"campfire_rested":1,"item_purchase_floors":[11,11,27],"current_hp_per_floor":[80,69,63,60,80,60,66,66,66,54,54,60,57,36,36,12,80,72,72,68,68,68,44,22,22,22,22,46,43,43,43,43,0],"gold":35,"neow_bonus":"UPGRADE_CARD","is_prod":false,"is_daily":false,"chose_seed":false,"campfire_upgraded":3,"win_rate":0.0,"timestamp":1545941372,"path_taken":["M","?","M","?","?","E","M","R","T","M","$","M","?","E","R","BOSS","M","?","M","$","?","E","M","?","T","$","R","M","?","?","R","BOSS"],"build_version":"2018-12-20","purchased_purges":2,"victory":false,"max_hp_per_floor":[80,80,80,80,80,80,80,80,80,80,80,80,80,80,80,80,80,80,80,80,80,80,80,80,80,80,80,80,80,80,80,80,80],"card_choices":[{"not_picked":["Warcry","Anger","Dual Wield"],"picked":"SKIP","floor":1},{"not_picked":["Hemokinesis","Warcry"],"picked":"Twin Strike","floor":3},{"not_picked":["Warcry","Sword Boomerang"],"picked":"Pommel Strike","floor":6},{"not_picked":["Flex","Corruption"],"picked":"Cleave","floor":7},{"not_picked":["Flex","Warcry"],"picked":"Pommel Strike","floor":10},{"not_picked":["Barricade","Flex","Pummel"],"picked":"SKIP","floor":12},{"not_picked":["Intimidate","Fire Breathing","Inflame"],"picked":"SKIP","floor":13},{"not_picked":["Anger","Fire Breathing","Spot Weakness"],"picked":"SKIP","floor":14},{"not_picked":["Armaments+1","Fire Breathing","Ghostly Armor"],"picked":"SKIP","floor":18},{"not_picked":["Warcry","Reckless Charge+1"],"picked":"Disarm","floor":20},{"not_picked":["Spot Weakness+1","Clash+1","Disarm+1"],"picked":"SKIP","floor":23},{"not_picked":["Clash+1","Armaments","Battle Trance"],"picked":"SKIP","floor":24},{"not_picked":["Armaments","Warcry"],"picked":"Shrug It Off+1","floor":29}],"player_experience":6515,"relics_obtained":[{"floor":6,"key":"Bag of Marbles"},{"floor":9,"key":"Letter Opener"},{"floor":14,"key":"Molten Egg 2"},{"floor":23,"key":"Meat on the Bone"},{"floor":26,"key":"Juzu Bracelet"}],"event_choices":[{"damage_healed":0,"gold_gain":75,"player_choice":"Gather Gold","damage_taken":11,"max_hp_gain":0,"max_hp_loss":0,"event_name":"World of Goop","floor":2,"gold_loss":0},{"damage_healed":0,"gold_gain":0,"player_choice":"Success","damage_taken":3,"relics_obtained":["StoneCalendar"],"max_hp_gain":0,"max_hp_loss":0,"event_name":"Scrap Ooze","floor":4,"gold_loss":0},{"damage_healed":20,"gold_gain":0,"player_choice":"Full Heal","damage_taken":0,"max_hp_gain":0,"max_hp_loss":0,"event_name":"Wheel of Change","floor":5,"gold_loss":0},{"cards_removed":["Bash"],"damage_healed":0,"gold_gain":0,"player_choice":"Gave Gold","damage_taken":0,"max_hp_gain":0,"max_hp_loss":0,"event_name":"Beggar","floor":19,"gold_loss":75},{"damage_healed":0,"gold_gain":0,"player_choice":"Paid Fearfully","damage_taken":0,"max_hp_gain":0,"max_hp_loss":0,"event_name":"Masked Bandits","floor":22,"gold_loss":53},{"damage_healed":0,"gold_gain":0,"player_choice":"Ignored","damage_taken":0,"max_hp_gain":0,"max_hp_loss":0,"event_name":"The Mausoleum","floor":25,"gold_loss":0},{"cards_removed":["Strike_R"],"damage_healed":0,"gold_gain":0,"player_choice":"Took Card","damage_taken":0,"max_hp_gain":0,"max_hp_loss":0,"event_name":"NoteForYourself","floor":31,"gold_loss":0,"cards_obtained":["Iron Wave"]}],"is_beta":false,"boss_relics":[{"not_picked":["Lizard Tail","Busted Crown"],"picked":"Empty Cage"}],"items_purged_floors":[11,21],"is_endless":false,"potions_floor_spawned":[3,6,10,13,16,23,24],"killed_by":"Automaton","ascension_level":0}