{"gold_per_floor":[111,121,140,140,215,215,234,234,260,260,293,318,337,337],"floor_reached":14,"playtime":963,"items_purged":[],"score":110,"play_id":"aaa9ca08-6932-42ca-9db1-068f54c30214","local_time":"20190203203736","is_ascension_mode":true,"campfire_choices":[{"data":"Footwork","floor":6,"key":"SMITH"},{"data":"Footwork","floor":8,"key":"SMITH"}],"neow_cost":"NONE","seed_source_timestamp":200846796062863,"circlet_count":0,"master_deck":["Defend_G","Defend_G","Defend_G","Defend_G","Defend_G","Strike_G","Strike_G","Strike_G","Strike_G","Strike_G","Survivor","Neutralize","PiercingWail","Acrobatics","Footwork+1","Cloak And Dagger","Footwork+1","Blur","Leg Sweep","Calculated Gamble"],"relics":["Ring of the Snake","PreservedInsect","Golden Idol","Pen Nib"],"potions_floor_usage":[],"damage_taken":[{"damage":10,"enemies":"Small Slimes","floor":1,"turns":6},{"damage":1,"enemies":"2 Louse","floor":2,"turns":4},{"damage":1,"enemies":"Jaw Worm","floor":3,"turns":9},{"damage":1,"enemies":"Large Slime","floor":7,"turns":10},{"damage":7,"enemies":"Lagavulin","floor":11,"turns":12},{"damage":17,"enemies":"Lots of Slimes","floor":12,"turns":9},{"damage":0,"enemies":"Looter","floor":13,"turns":5},{"damage":15,"enemies":"Gremlin Nob","floor":14,"turns":3}],"seed_played":"-2113666346849561364","potions_obtained":[{"floor":3,"key":"Poison Potion"},{"floor":11,"key":"Dexterity Potion"}],"is_trial":false,"path_per_floor":["M","M","M","?","?","R","M","R","T","?","E","M","M","E"],"character_chosen":"THE_SILENT","items_purchased":[],"campfire_rested":0,"item_purchase_floors":[],"current_hp_per_floor":[60,59,58,63,52,52,51,51,51,33,26,9,9,0],"gold":337,"neow_bonus":"THREE_CARDS","is_prod":false,"is_daily":false,"chose_seed":false,"campfire_upgraded":2,"win_rate":0,"timestamp":1549222656,"path_taken":["M","M","M","?","?","R","M","R","T","?","E","M","M","E"],"build_version":"2019-01-23","purchased_purges":0,"victory":false,"max_hp_per_floor":[70,70,70,75,75,75,75,75,75,75,75,75,75,75],"card_choices":[{"not_picked":["Deadly Poison","Riddle With Holes"],"picked":"PiercingWail","floor":0},{"not_picked":["Prepared","Deadly Poison"],"picked":"Acrobatics","floor":1},{"not_picked":["Outmaneuver","Dagger Spray"],"picked":"Footwork","floor":2},{"not_picked":["Escape Plan","Predator"],"picked":"Cloak And Dagger","floor":3},{"not_picked":["Distraction","Sucker Punch"],"picked":"Footwork","floor":7},{"not_picked":["Crippling Poison","Deadly Poison"],"picked":"Blur","floor":11},{"not_picked":["Slice","Flechettes"],"picked":"Leg Sweep","floor":12},{"not_picked":["Quick Slash","Endless Agony"],"picked":"Calculated Gamble","floor":13}],"player_experience":528275,"relics_obtained":[{"floor":9,"key":"PreservedInsect"},{"floor":11,"key":"Pen Nib"}],"event_choices":[{"damage_healed":0,"gold_gain":0,"player_choice":"Donut","damage_taken":0,"max_hp_gain":5,"max_hp_loss":0,"event_name":"Big Fish","floor":4,"gold_loss":0},{"damage_healed":0,"gold_gain":75,"player_choice":"Gather Gold","damage_taken":11,"max_hp_gain":0,"max_hp_loss":0,"event_name":"World of Goop","floor":5,"gold_loss":0},{"damage_healed":0,"gold_gain":0,"player_choice":"Take Damage","damage_taken":18,"relics_obtained":["Golden Idol"],"max_hp_gain":0,"max_hp_loss":0,"event_name":"Golden Idol","floor":10,"gold_loss":0}],"is_beta":false,"boss_relics":[],"items_purged_floors":[],"is_endless":false,"potions_floor_spawned":[3,11],"killed_by":"Gremlin Nob","ascension_level":4}