{"gold_per_floor":[116,134,134,134,154,154,169,200,255,255,284,284,314,324,324,422,422,435,635,652,567,667,667,667],"floor_reached":24,"playtime":1637,"items_purged":[],"score":335,"play_id":"5d318508-d44d-4ec3-aaff-5948b69cc67e","local_time":"20190127234742","is_ascension_mode":true,"campfire_choices":[{"data":"Zap","floor":6,"key":"SMITH"},{"floor":12,"key":"REST"},{"data":"Multi-Cast","floor":15,"key":"SMITH"},{"floor":23,"key":"REST"}],"neow_cost":"TEN_PERCENT_HP_LOSS","seed_source_timestamp":453938934178292,"circlet_count":0,"master_deck":["Strike_B","Strike_B","Strike_B","Defend_B","Defend_B","Defend_B","Defend_B","Zap+1","Dualcast","All For One","Beam Cell","Coolheaded","Gash","Leap","Go for the Eyes","Multi-Cast+1","Scrape","Leap","Gash","FTL","Chill","Beam Cell","Streamline","Skim","Blizzard","Coolheaded","Coolheaded+1"],"relics":["Cracked Core","FaceOfCleric","Symbiotic Virus","Art of War","Blood Vial","Kunai","Orrery","Sundial","Mango","Molten Egg 2"],"potions_floor_usage":[11,14,20,22],"damage_taken":[{"damage":0,"enemies":"Small Slimes","floor":1,"turns":2},{"damage":7,"enemies":"Jaw Worm","floor":2,"turns":2},{"damage":0,"enemies":"Cultist","floor":5,"turns":2},{"damage":8,"enemies":"Blue Slaver","floor":7,"turns":2},{"damage":31,"enemies":"3 Sentries","floor":8,"turns":5},{"damage":8,"enemies":"Lagavulin","floor":11,"turns":4},{"damage":21,"enemies":"3 Sentries","floor":13,"turns":6},{"damage":17,"enemies":"Exordium Thugs","floor":14,"turns":2},{"damage":2,"enemies":"Hexaghost","floor":16,"turns":8},{"damage":1,"enemies":"Chosen","floor":18,"turns":4},{"damage":4,"enemies":"Shell Parasite","floor":20,"turns":7},{"damage":29,"enemies":"Colosseum Slavers","floor":22,"turns":4},{"damage":26,"enemies":"Colosseum Nobs","floor":22,"turns":4},{"damage":55,"enemies":"Book of Stabbing","floor":24,"turns":7}],"seed_played":"-2043836875874265886","potions_obtained":[{"floor":2,"key":"LiquidBronze"},{"floor":7,"key":"PowerPotion"},{"floor":8,"key":"Explosive Potion"},{"floor":14,"key":"SpeedPotion"}],"is_trial":false,"path_per_floor":["M","M","?","?","M","R","M","E","T","?","E","R","E","M","R","B",null,"M","?","M","?","?","R","E"],"character_chosen":"DEFECT","items_purchased":[],"campfire_rested":2,"item_purchase_floors":[],"current_hp_per_floor":[68,61,61,61,62,62,55,25,25,25,18,39,21,7,7,8,58,60,60,59,59,24,51,0],"gold":667,"neow_bonus":"THREE_RARE_CARDS","is_prod":false,"is_daily":false,"chose_seed":false,"campfire_upgraded":2,"win_rate":0,"timestamp":1548654462,"path_taken":["M","M","?","?","?","R","M","E","T","?","E","R","E","M","R","BOSS","M","?","?","?","?","R","E"],"build_version":"2019-01-23","purchased_purges":0,"victory":false,"max_hp_per_floor":[68,68,68,68,69,69,70,71,71,71,72,72,73,74,74,75,75,76,76,77,77,93,93,93],"card_choices":[{"not_picked":["Meteor Strike","Thunder Strike"],"picked":"All For One","floor":0},{"not_picked":["Stack","Skim"],"picked":"Beam Cell","floor":1},{"not_picked":["Hello World","Self Repair"],"picked":"Coolheaded","floor":2},{"not_picked":["Stack","Redo"],"picked":"Gash","floor":5},{"not_picked":["Turbo","Rebound"],"picked":"Leap","floor":7},{"not_picked":["Doom and Gloom","Recycle"],"picked":"Go for the Eyes","floor":8},{"not_picked":["Rip and Tear","Hello World"],"picked":"Scrape","floor":11},{"not_picked":["Barrage","Heatsinks"],"picked":"Leap","floor":13},{"not_picked":["Go for the Eyes","Defragment"],"picked":"Gash","floor":14},{"not_picked":["White Noise","Doom and Gloom"],"picked":"FTL","floor":17},{"not_picked":["Go for the Eyes","Genetic Algorithm"],"picked":"Chill","floor":17},{"not_picked":["Conserve Battery","Sweeping Beam"],"picked":"Beam Cell","floor":17},{"not_picked":["Steam","Lockon"],"picked":"Streamline","floor":17},{"not_picked":["Turbo","Sweeping Beam"],"picked":"Skim","floor":17},{"not_picked":["Ball Lightning","White Noise"],"picked":"Blizzard","floor":18},{"not_picked":["Streamline","Darkness"],"picked":"Coolheaded","floor":20},{"not_picked":["Storm+1","Fission"],"picked":"Coolheaded+1","floor":22}],"player_experience":586593,"relics_obtained":[{"floor":8,"key":"Symbiotic Virus"},{"floor":9,"key":"Art of War"},{"floor":11,"key":"Blood Vial"},{"floor":13,"key":"Kunai"},{"floor":22,"key":"Mango"},{"floor":22,"key":"Molten Egg 2"}],"event_choices":[{"damage_healed":0,"gold_gain":0,"player_choice":"Ignored","damage_taken":0,"max_hp_gain":0,"max_hp_loss":0,"event_name":"Liars Game","floor":3,"gold_loss":0},{"damage_healed":0,"gold_gain":0,"player_choice":"Trade","damage_taken":0,"relics_obtained":["FaceOfCleric"],"max_hp_gain":0,"max_hp_loss":0,"event_name":"FaceTrader","floor":4,"gold_loss":0},{"damage_healed":0,"gold_gain":0,"cards_transformed":["Strike_B"],"player_choice":"Transformed","damage_taken":0,"max_hp_gain":0,"max_hp_loss":0,"event_name":"Transmorgrifier","floor":10,"gold_loss":0,"cards_obtained":["Multi-Cast"]},{"damage_healed":0,"gold_gain":200,"player_choice":"Gold","damage_taken":0,"max_hp_gain":0,"max_hp_loss":0,"event_name":"Wheel of Change","floor":19,"gold_loss":0},{"damage_healed":0,"gold_gain":0,"player_choice":"Obtained Relic","damage_taken":0,"relics_obtained":["Sundial"],"max_hp_gain":0,"max_hp_loss":0,"event_name":"Addict","floor":21,"gold_loss":85},{"damage_healed":0,"gold_gain":0,"player_choice":"Fight","damage_taken":0,"max_hp_gain":0,"max_hp_loss":0,"event_name":"Colosseum","floor":22,"gold_loss":0},{"damage_healed":0,"gold_gain":0,"player_choice":"Fought Nobs","damage_taken":0,"max_hp_gain":0,"max_hp_loss":0,"event_name":"Colosseum","floor":22,"gold_loss":0}],"is_beta":false,"boss_relics":[{"not_picked":["White Beast Statue","Lizard Tail"],"picked":"Orrery"}],"items_purged_floors":[],"is_endless":false,"potions_floor_spawned":[2,7,8,14],"killed_by":"Book of Stabbing","ascension_level":9}