{"gold_per_floor":[368,368,380,380,555,555,555,555,637,662,662,680,287,79,79,79],"floor_reached":16,"playtime":1357,"items_purged":["Doubt"],"score":139,"play_id":"26c751a3-867a-4ee3-85c6-c5f9261606b6","local_time":"20181230183044","is_ascension_mode":true,"campfire_choices":[{"data":"Neutralize","floor":6,"key":"SMITH"},{"floor":8,"key":"REST"},{"data":"Bouncing Flask","floor":15,"key":"SMITH"}],"neow_cost":"PERCENT_DAMAGE","seed_source_timestamp":2947487574441368,"circlet_count":0,"master_deck":["Defend_G","Defend_G","Defend_G","Defend_G+1","Defend_G","Strike_G","Strike_G","Strike_G","Strike_G+1","Survivor","Neutralize+1","Catalyst+1","Bouncing Flask+1","Acrobatics+1","Backflip+1","Prepared+1"],"relics":["Ring of the Snake","Pantograph","Toxic Egg 2","Golden Idol","Ginger","Strange Spoon"],"potions_floor_usage":[16],"damage_taken":[{"damage":7,"enemies":"Small Slimes","floor":1,"turns":5},{"damage":5,"enemies":"Jaw Worm","floor":3,"turns":7},{"damage":8,"enemies":"Lagavulin","floor":10,"turns":6},{"damage":0,"enemies":"2 Louse","floor":12,"turns":4},{"damage":58,"enemies":"Slime Boss","floor":16,"turns":13}],"seed_played":"-5505017933635016324","potions_obtained":[{"floor":1,"key":"LiquidBronze"},{"floor":10,"key":"GhostInAJar"}],"is_trial":false,"path_per_floor":["M","?","M","?","?","R","?","R","T","E","?","M","$","$","R","B"],"character_chosen":"THE_SILENT","items_purchased":["Ginger","Prepared+1","Strange Spoon"],"campfire_rested":1,"item_purchase_floors":[13,13,14],"current_hp_per_floor":[38,38,33,26,26,26,12,33,33,25,25,25,25,25,25,0],"gold":79,"neow_bonus":"TWO_FIFTY_GOLD","is_prod":false,"is_daily":false,"chose_seed":false,"campfire_upgraded":2,"win_rate":0,"timestamp":1546223444,"path_taken":["M","?","M","?","?","R","?","R","T","E","?","M","?","$","R","BOSS"],"build_version":"2018-12-20","purchased_purges":1,"victory":false,"max_hp_per_floor":[70,70,70,70,70,70,70,70,70,70,65,65,65,65,65,65],"card_choices":[{"not_picked":["Poisoned Stab","Crippling Poison"],"picked":"Catalyst","floor":1},{"not_picked":["Blade Dance","Underhanded Strike"],"picked":"Bouncing Flask","floor":3},{"not_picked":["Dagger Throw","Reflex"],"picked":"Acrobatics","floor":10},{"not_picked":["Masterful Stab","Cloak And Dagger+1"],"picked":"Backflip+1","floor":12}],"player_experience":166459,"relics_obtained":[{"floor":9,"key":"Pantograph"},{"floor":10,"key":"Toxic Egg 2"}],"event_choices":[{"damage_healed":0,"gold_gain":0,"player_choice":"Grow","damage_taken":0,"max_hp_gain":0,"max_hp_loss":0,"event_name":"Living Wall","floor":2,"gold_loss":0,"cards_upgraded":["Catalyst"]},{"cards_removed":["Strike_G"],"damage_healed":0,"gold_gain":0,"player_choice":"Card Removal","damage_taken":7,"max_hp_gain":0,"max_hp_loss":0,"event_name":"Golden Wing","floor":4,"gold_loss":0},{"damage_healed":0,"gold_gain":175,"player_choice":"AGREE","damage_taken":0,"max_hp_gain":0,"max_hp_loss":0,"event_name":"Liars Game","floor":5,"gold_loss":0,"cards_obtained":["Doubt"]},{"damage_healed":0,"gold_gain":0,"player_choice":"Entered Light","damage_taken":14,"max_hp_gain":0,"max_hp_loss":0,"event_name":"Shining Light","floor":7,"gold_loss":0,"cards_upgraded":["Strike_G","Defend_G"]},{"damage_healed":0,"gold_gain":0,"player_choice":"Lose Max HP","damage_taken":0,"relics_obtained":["Golden Idol"],"max_hp_gain":0,"max_hp_loss":5,"event_name":"Golden Idol","floor":11,"gold_loss":0}],"is_beta":false,"boss_relics":[],"items_purged_floors":[13],"is_endless":false,"potions_floor_spawned":[1,10],"killed_by":"Slime Boss","ascension_level":9}