{"gold_per_floor":[116,132,148,98,116,116,30,64,135,161,161,131,143,0,0,96,96,106,121,121,135,60,94,56,56,105,118,118,150,150,164,164,264,264,276,276,176,195,70,70,102,102,102,128,139,139,172,185,185,185,185,185,35,62,62],"floor_reached":56,"playtime":6864,"items_purged":["Strike_R","Strike_R","Defend_R","Bash"],"score":1666,"play_id":"1fa7643f-08b1-40c7-9090-a021f552b8b2","local_time":"20190105001343","is_ascension_mode":true,"campfire_choices":[{"data":"Immolate","floor":6,"key":"SMITH"},{"data":"Armaments","floor":11,"key":"SMITH"},{"data":"Panacea","floor":15,"key":"SMITH"},{"data":"Entrench","floor":25,"key":"SMITH"},{"data":"Entrench","floor":28,"key":"SMITH"},{"data":"Pommel Strike","floor":32,"key":"SMITH"},{"data":"Offering","floor":40,"key":"SMITH"},{"data":"Warcry","floor":42,"key":"SMITH"},{"floor":49,"key":"RECALL"},{"data":"Evolve","floor":52,"key":"SMITH"}],"neow_cost":"TEN_PERCENT_HP_LOSS","seed_source_timestamp":3394536775300659,"circlet_count":0,"master_deck":["Defend_R","Defend_R","Defend_R","Battle Trance","Immolate+1","Armaments+1","Pommel Strike+1","Iron Wave","Panacea+1","Pommel Strike+1","Barricade+1","Entrench+1","Headbutt+1","Headbutt+1","Warcry+1","Flame Barrier+1","Shrug It Off","Entrench+1","Offering+1","Panacea+1","Body Slam+1","Ghostly Armor+1","Evolve+1"],"relics":["Burning Blood","Ginger","Molten Egg 2","PreservedInsect","Bag of Marbles","Orrery","Dream Catcher","Happy Flower","Boot","Sozu","Kunai","Gambling Chip","Gremlin Horn","Bottled Tornado"],"potions_floor_usage":[10,13,16,18,19,27,55],"damage_taken":[{"damage":0,"enemies":"Cultist","floor":1,"turns":2},{"damage":0,"enemies":"Small Slimes","floor":2,"turns":3},{"damage":0,"enemies":"2 Louse","floor":3,"turns":2},{"damage":0,"enemies":"Exordium Wildlife","floor":5,"turns":3},{"damage":26,"enemies":"Gremlin Nob","floor":8,"turns":4},{"damage":29,"enemies":"Lagavulin","floor":10,"turns":7},{"damage":0,"enemies":"Large Slime","floor":13,"turns":3},{"damage":23,"enemies":"The Guardian","floor":16,"turns":9},{"damage":11,"enemies":"2 Thieves","floor":18,"turns":2},{"damage":7,"enemies":"Shell Parasite","floor":19,"turns":14},{"damage":12,"enemies":"3 Cultists","floor":21,"turns":4},{"damage":0,"enemies":"Gremlin Leader","floor":23,"turns":3},{"damage":2,"enemies":"Centurion and Healer","floor":27,"turns":9},{"damage":21,"enemies":"Slavers","floor":29,"turns":3},{"damage":0,"enemies":"Snake Plant","floor":31,"turns":2},{"damage":13,"enemies":"Champ","floor":33,"turns":20},{"damage":6,"enemies":"3 Darklings","floor":35,"turns":1},{"damage":0,"enemies":"3 Shapes","floor":38,"turns":7},{"damage":6,"enemies":"Giant Head","floor":41,"turns":4},{"damage":6,"enemies":"Reptomancer","floor":44,"turns":3},{"damage":6,"enemies":"Sphere and 2 Shapes","floor":45,"turns":3},{"damage":6,"enemies":"Giant Head","floor":47,"turns":5},{"damage":6,"enemies":"Transient","floor":48,"turns":5},{"damage":6,"enemies":"Awakened One","floor":50,"turns":4},{"damage":21,"enemies":"Shield and Spear","floor":54,"turns":8},{"damage":29,"enemies":"The Heart","floor":55,"turns":8}],"seed_played":"3871263530088562318","potions_obtained":[{"floor":2,"key":"BloodPotion"},{"floor":5,"key":"Strength Potion"},{"floor":12,"key":"AttackPotion"},{"floor":12,"key":"BloodPotion"},{"floor":13,"key":"SkillPotion"},{"floor":16,"key":"FearPotion"},{"floor":18,"key":"Weak Potion"},{"floor":19,"key":"Ancient Potion"},{"floor":21,"key":"Explosive Potion"}],"is_trial":false,"path_per_floor":["M","M","M","?","M","R","$","E","T","E","R","?","M","$","R","B",null,"M","M","?","M","$","E","$","R","T","M","R","E","?","M","R","B",null,"M","?","$","M","$","R","E","R","T","E","M","$","E","M","R","B",null,"R","$","E","B",null],"character_chosen":"IRONCLAD","items_purchased":["Panacea","Bag of Marbles","Entrench"],"campfire_rested":0,"item_purchase_floors":[7,14,24],"current_hp_per_floor":[72,72,72,72,72,72,72,52,52,29,29,29,42,42,42,25,60,62,61,61,55,55,61,61,61,61,65,65,50,50,56,56,49,66,66,66,66,72,72,72,72,72,72,72,72,72,72,72,72,72,72,72,72,57,34],"gold":62,"neow_bonus":"TRANSFORM_TWO_CARDS","is_prod":false,"is_daily":false,"chose_seed":false,"campfire_upgraded":9,"win_rate":0,"timestamp":1546676023,"path_taken":["M","M","M","?","M","R","$","E","T","E","R","?","M","$","R","BOSS","M","M","?","M","?","E","$","R","T","M","R","E","?","?","R","BOSS","M","?","?","M","$","R","E","R","T","E","?","$","E","?","R","BOSS","R","$","E","BOSS"],"build_version":"2019-01-03v4","purchased_purges":4,"victory":true,"max_hp_per_floor":[72,72,72,72,72,72,72,72,72,72,72,72,72,72,72,72,72,72,72,72,72,72,72,72,72,72,72,72,72,72,72,72,72,72,72,72,72,72,72,72,72,72,72,72,72,72,72,72,72,72,72,72,72,72,72],"card_choices":[{"not_picked":["Headbutt","Perfected Strike"],"picked":"Armaments","floor":1},{"not_picked":["Clothesline","Havoc"],"picked":"Pommel Strike","floor":2},{"not_picked":["Sword Boomerang","Rampage","Corruption"],"picked":"SKIP","floor":3},{"not_picked":["Clash","Headbutt"],"picked":"Iron Wave","floor":5},{"not_picked":["Headbutt","Brutality","Combust"],"picked":"SKIP","floor":8},{"not_picked":["Sever Soul+1","Armaments","Heavy Blade+1"],"picked":"SKIP","floor":10},{"not_picked":["Clash+1","Armaments"],"picked":"Pommel Strike+1","floor":13},{"not_picked":["Reaper+1","Juggernaut"],"picked":"Barricade","floor":16},{"not_picked":["Second Wind","Hemokinesis+1"],"picked":"Entrench","floor":17},{"not_picked":["Flex","Whirlwind+1"],"picked":"Headbutt+1","floor":17},{"not_picked":["True Grit","Clash+1"],"picked":"Headbutt+1","floor":17},{"not_picked":["Clothesline+1","Disarm"],"picked":"Warcry","floor":17},{"not_picked":["Thunderclap+1","Shrug It Off"],"picked":"Flame Barrier+1","floor":18},{"not_picked":["Clash+1","Bloodletting"],"picked":"Shrug It Off","floor":19},{"not_picked":["Fire Breathing","Corruption","Bloodletting"],"picked":"SKIP","floor":21},{"not_picked":["Whirlwind+1","Clash+1","Heavy Blade+1"],"picked":"SKIP","floor":23},{"not_picked":["Cleave+1","Dropkick+1","Burning Pact+1"],"picked":"SKIP","floor":27},{"not_picked":["Bludgeon+1","Sever Soul+1","True Grit"],"picked":"SKIP","floor":29},{"not_picked":["Pommel Strike+1","Perfected Strike+1","Sever Soul+1"],"picked":"SKIP","floor":31},{"not_picked":["Immolate+1","Bludgeon+1"],"picked":"Offering","floor":33},{"not_picked":["Armaments","Pommel Strike+1","Heavy Blade+1"],"picked":"SKIP","floor":35},{"not_picked":["Perfected Strike+1","Metallicize"],"picked":"Body Slam+1","floor":38},{"not_picked":["Perfected Strike+1","Spot Weakness+1"],"picked":"Ghostly Armor+1","floor":41},{"not_picked":["Thunderclap+1","Headbutt+1"],"picked":"Evolve","floor":44},{"not_picked":["Corruption+1","Combust","Bloodletting+1"],"picked":"SKIP","floor":45},{"not_picked":["Feel No Pain+1","Power Through+1","Cleave+1"],"picked":"SKIP","floor":47},{"not_picked":["Perfected Strike+1","Feel No Pain","Uppercut+1"],"picked":"SKIP","floor":48},{"not_picked":["Entrench","Barricade","Warcry"],"picked":"SKIP","floor":54}],"player_experience":210245,"relics_obtained":[{"floor":8,"key":"Ginger"},{"floor":9,"key":"Molten Egg 2"},{"floor":10,"key":"PreservedInsect"},{"floor":23,"key":"Dream Catcher"},{"floor":26,"key":"Happy Flower"},{"floor":29,"key":"Boot"},{"floor":41,"key":"Kunai"},{"floor":44,"key":"Gambling Chip"},{"floor":47,"key":"Gremlin Horn"},{"floor":54,"key":"Bottled Tornado"}],"event_choices":[{"cards_removed":["Strike_R"],"damage_healed":0,"gold_gain":0,"player_choice":"Card Removal","damage_taken":0,"max_hp_gain":0,"max_hp_loss":0,"event_name":"The Cleric","floor":4,"gold_loss":50},{"damage_healed":0,"gold_gain":0,"player_choice":"Bought 2 Potions","damage_taken":0,"max_hp_gain":0,"max_hp_loss":0,"event_name":"The Woman in Blue","floor":12,"gold_loss":0},{"damage_healed":0,"gold_gain":0,"player_choice":"Forge","damage_taken":0,"max_hp_gain":0,"max_hp_loss":0,"event_name":"Accursed Blacksmith","floor":20,"gold_loss":0,"cards_upgraded":["Barricade"]},{"damage_healed":0,"gold_gain":0,"player_choice":"Ignored","damage_taken":0,"max_hp_gain":0,"max_hp_loss":0,"event_name":"Ghosts","floor":30,"gold_loss":0},{"damage_healed":0,"gold_gain":0,"player_choice":"Copied","damage_taken":0,"max_hp_gain":0,"max_hp_loss":0,"event_name":"Duplicator","floor":36,"gold_loss":0,"cards_obtained":["Panacea"]}],"is_beta":false,"boss_relics":[{"not_picked":["Astrolabe","Black Blood"],"picked":"Orrery"},{"not_picked":["Snecko Eye","Cursed Key"],"picked":"Sozu"}],"items_purged_floors":[22,37,39,53],"is_endless":false,"potions_floor_spawned":[2,5,13,16,18,19,21,41,44,45,48,54],"ascension_level":5}