{"gold_per_floor":[115,115,65,16,16,16,32,2,2,55,65,65,78,94,94,192,192,192,192,192],"floor_reached":20,"playtime":595,"items_purged":[],"score":213,"play_id":"e35aa576-ea3b-4c38-a7d3-979fefd3a0af","local_time":"20181116001556","is_ascension_mode":true,"campfire_choices":[{"data":"Neutralize","floor":6,"key":"SMITH"},{"data":"Endless Agony","floor":12,"key":"SMITH"},{"data":"Footwork","floor":15,"key":"SMITH"}],"neow_cost":"PERCENT_DAMAGE","seed_source_timestamp":19049641551927,"circlet_count":0,"master_deck":["Defend_G","Defend_G","Defend_G","Defend_G","Defend_G","Strike_G","Strike_G","Strike_G","Survivor","Neutralize+1","Underhanded Strike","Sucker Punch","PiercingWail","Endless Agony+1","All Out Attack","Footwork+1","Night Terror","Escape Plan","Predator"],"relics":["Ring of the Snake","Torii","Pocketwatch","Tiny Chest","Ectoplasm"],"potions_floor_usage":[13,19],"damage_taken":[{"damage":1,"enemies":"Jaw Worm","floor":1,"turns":5},{"damage":0,"enemies":"2 Louse","floor":7,"turns":3},{"damage":0,"enemies":"Small Slimes","floor":11,"turns":3},{"damage":1,"enemies":"Gremlin Gang","floor":13,"turns":6},{"damage":0,"enemies":"Looter","floor":14,"turns":3},{"damage":23,"enemies":"The Guardian","floor":16,"turns":15},{"damage":13,"enemies":"Spheric Guardian","floor":18,"turns":4},{"damage":10,"enemies":"Shell Parasite","floor":19,"turns":11},{"damage":8,"enemies":"Centurion and Healer","floor":20,"turns":5}],"seed_played":"-5854850441289665619","potions_obtained":[{"floor":11,"key":"SpeedPotion"},{"floor":18,"key":"Weak Potion"}],"is_trial":false,"path_per_floor":["M","?","?","$","?","R","M","?","T","T","M","R","M","M","R","B",null,"M","M","M"],"character_chosen":"THE_SILENT","items_purchased":["Sucker Punch"],"campfire_rested":0,"item_purchase_floors":[4],"current_hp_per_floor":[44,44,44,44,37,37,37,37,37,37,37,37,36,36,36,13,56,43,33,25],"gold":192,"neow_bonus":"ONE_RARE_RELIC","is_prod":false,"is_daily":false,"chose_seed":false,"campfire_upgraded":3,"win_rate":0,"timestamp":1542327356,"path_taken":["M","?","?","$","?","R","M","?","T","?","M","R","M","M","R","BOSS","M","?","M"],"build_version":"2018-11-08","purchased_purges":0,"victory":false,"max_hp_per_floor":[70,70,70,70,70,70,70,70,70,70,70,70,70,70,70,70,70,70,70,70],"card_choices":[{"not_picked":["Deflect","Bouncing Flask"],"picked":"Underhanded Strike","floor":1},{"not_picked":["Blade Dance","Bane"],"picked":"PiercingWail","floor":7},{"not_picked":["Expertise","Dagger Throw"],"picked":"Endless Agony","floor":11},{"not_picked":["Eviscerate","Acrobatics"],"picked":"All Out Attack","floor":13},{"not_picked":["Acrobatics","Quick Slash"],"picked":"Footwork","floor":14},{"not_picked":["Bullet Time","Venomology"],"picked":"Night Terror","floor":16},{"not_picked":["Outmaneuver","Slice+1"],"picked":"Escape Plan","floor":18},{"not_picked":["Accuracy","Sucker Punch"],"picked":"Predator","floor":19}],"player_experience":173951,"relics_obtained":[{"floor":9,"key":"Pocketwatch"},{"floor":10,"key":"Tiny Chest"}],"event_choices":[{"damage_healed":0,"gold_gain":0,"player_choice":"Ignored","damage_taken":0,"max_hp_gain":0,"max_hp_loss":0,"event_name":"Golden Idol","floor":2,"gold_loss":0},{"cards_removed":["Strike_G"],"damage_healed":0,"gold_gain":0,"player_choice":"Card Removal","damage_taken":0,"max_hp_gain":0,"max_hp_loss":0,"event_name":"The Cleric","floor":3,"gold_loss":50},{"cards_removed":["Strike_G"],"damage_healed":0,"gold_gain":0,"player_choice":"Card Removal","damage_taken":7,"max_hp_gain":0,"max_hp_loss":0,"event_name":"Golden Wing","floor":5,"gold_loss":0},{"damage_healed":0,"gold_gain":0,"player_choice":"Left Gold","damage_taken":0,"max_hp_gain":0,"max_hp_loss":0,"event_name":"World of Goop","floor":8,"gold_loss":30}],"is_beta":false,"boss_relics":[{"not_picked":["Velvet Choker","Philosopher\u0027s Stone"],"picked":"Ectoplasm"}],"items_purged_floors":[],"is_endless":false,"potions_floor_spawned":[11,18],"killed_by":"Centurion and Healer","ascension_level":6}