{"gold_per_floor":[13,28,128,143,156,183,198,209,235,235,266,282,295,305,305,305],"floor_reached":16,"playtime":928,"items_purged":[],"score":118,"play_id":"672976cf-c488-42e9-a8f5-726edcf184e7","local_time":"20190129165004","is_ascension_mode":false,"campfire_choices":[{"data":"Uppercut","floor":10,"key":"SMITH"},{"data":"Bash","floor":15,"key":"SMITH"}],"neow_cost":"NO_GOLD","seed_source_timestamp":140174831673350,"circlet_count":0,"master_deck":["Strike_R","Strike_R","Strike_R","Defend_R","Defend_R","Defend_R","Defend_R","Bash+1","Ghostly Armor","Uppercut+1","Headbutt","Shrug It Off","Clothesline","Disarm","Limit Break","Warcry"],"relics":["Burning Blood","Question Card","Blood Vial","Boot"],"potions_floor_usage":[6,6,7,11],"damage_taken":[{"damage":3,"enemies":"Jaw Worm","floor":1,"turns":4},{"damage":6,"enemies":"Cultist","floor":2,"turns":3},{"damage":5,"enemies":"Small Slimes","floor":4,"turns":4},{"damage":6,"enemies":"Red Slaver","floor":5,"turns":4},{"damage":14,"enemies":"Gremlin Nob","floor":6,"turns":3},{"damage":0,"enemies":"Looter","floor":7,"turns":3},{"damage":5,"enemies":"Blue Slaver","floor":8,"turns":5},{"damage":29,"enemies":"Lagavulin","floor":11,"turns":8},{"damage":0,"enemies":"3 Louse","floor":12,"turns":6},{"damage":9,"enemies":"Large Slime","floor":13,"turns":5},{"damage":21,"enemies":"Exordium Thugs","floor":14,"turns":7},{"damage":53,"enemies":"Hexaghost","floor":16,"turns":16}],"seed_played":"-3964001476226857120","potions_obtained":[{"floor":2,"key":"SteroidPotion"},{"floor":4,"key":"AttackPotion"},{"floor":5,"key":"SteroidPotion"},{"floor":6,"key":"SkillPotion"}],"is_trial":false,"path_per_floor":["M","M","?","M","M","E","M","M","T","R","E","M","M","M","R","B"],"character_chosen":"IRONCLAD","items_purchased":[],"campfire_rested":0,"item_purchase_floors":[],"current_hp_per_floor":[80,80,80,80,80,72,78,79,79,79,57,65,64,51,51,0],"gold":305,"neow_bonus":"REMOVE_TWO","is_prod":false,"is_daily":false,"chose_seed":false,"campfire_upgraded":2,"win_rate":0,"timestamp":1548798604,"path_taken":["M","M","?","M","M","E","?","?","T","R","E","M","M","M","R","BOSS"],"build_version":"2019-01-23","purchased_purges":0,"victory":false,"max_hp_per_floor":[80,80,80,80,80,80,80,80,80,80,80,80,80,80,80,80],"card_choices":[{"not_picked":["Pommel Strike","Wild Strike","Intimidate"],"picked":"SKIP","floor":1},{"not_picked":["Warcry","Iron Wave"],"picked":"Ghostly Armor","floor":2},{"not_picked":["Havoc","Clash"],"picked":"Uppercut","floor":4},{"not_picked":["Thunderclap","Dual Wield"],"picked":"Headbutt","floor":5},{"not_picked":["Bloodletting","Iron Wave"],"picked":"Shrug It Off","floor":6},{"not_picked":["Reaper","Warcry","Corruption"],"picked":"Clothesline","floor":7},{"not_picked":["Headbutt","Thunderclap","Warcry"],"picked":"Disarm","floor":8},{"not_picked":["Body Slam","Spot Weakness","Warcry"],"picked":"Limit Break","floor":11},{"not_picked":["Second Wind","Power Through","True Grit","Iron Wave"],"picked":"SKIP","floor":12},{"not_picked":["Shrug It Off","Sentinel","Pommel Strike","Rage"],"picked":"SKIP","floor":13},{"not_picked":["Heavy Blade","Disarm","Iron Wave"],"picked":"Warcry","floor":14}],"player_experience":402844,"relics_obtained":[{"floor":6,"key":"Question Card"},{"floor":9,"key":"Blood Vial"},{"floor":11,"key":"Boot"}],"event_choices":[{"damage_healed":0,"gold_gain":100,"player_choice":"Pray","damage_taken":0,"max_hp_gain":0,"max_hp_loss":0,"event_name":"Golden Shrine","floor":3,"gold_loss":0}],"is_beta":false,"boss_relics":[],"items_purged_floors":[],"is_endless":false,"potions_floor_spawned":[2,4,5,6],"killed_by":"Hexaghost","ascension_level":0}