{"gold_per_floor":[118,131,131,131,150,150,178,178,228,34,54,88,88,104,104,199,199,210,210,97,114,14,14,25,25,25,37,49,88,100,125,137,245,257,289,313,200,200,200,200,235,35,58,58,73,73,73,73,73,73],"floor_reached":51,"playtime":1275,"items_purged":["Defend_G+1","Strike_G+1","Strike_G+1"],"score":749,"play_id":"227f3a66-1a26-4ea6-b810-0f9d21c7b2d5","local_time":"20180902204731","is_ascension_mode":false,"campfire_choices":[{"data":"Predator","floor":6,"key":"SMITH"},{"data":"Neutralize","floor":8,"key":"SMITH"},{"data":"Noxious Fumes","floor":15,"key":"SMITH"},{"data":"After Image","floor":23,"key":"SMITH"},{"data":"Mayhem","floor":25,"key":"SMITH"},{"data":"Escape Plan","floor":30,"key":"SMITH"},{"data":"Noxious Fumes","floor":32,"key":"SMITH"},{"data":"Impatience","floor":40,"key":"SMITH"},{"data":"Noxious Fumes","floor":44,"key":"SMITH"},{"floor":47,"key":"REST"},{"floor":49,"key":"REST"}],"neow_cost":"NONE","seed_source_timestamp":21940249524797,"circlet_count":0,"master_deck":["Defend_G+1","Defend_G+1","Defend_G+1","Defend_G+1","Strike_G+1","Survivor+1","Neutralize+1","Predator+1","All Out Attack+1","Backflip+1","Noxious Fumes+1","Mayhem+1","Crippling Poison+1","Heel Hook+1","After Image+1","Noxious Fumes+1","Escape Plan+1","Noxious Fumes+1","After Image+1","Noxious Fumes+1","Leg Sweep+1","Impatience+1"],"relics":["Sozu","Lantern","Whetstone","Anchor","MawBank","Omamori","Paper Crane","Runic Dome","Ancient Tea Set","Lee\u0027s Waffle","Bag of Preparation","Mark of the Bloom"],"potions_floor_usage":[],"damage_taken":[{"damage":0,"enemies":"Cultist","floor":1,"turns":4},{"damage":0,"enemies":"Small Slimes","floor":2,"turns":3},{"damage":1,"enemies":"Jaw Worm","floor":5,"turns":4},{"damage":4,"enemies":"3 Sentries","floor":7,"turns":6},{"damage":1,"enemies":"Exordium Wildlife","floor":11,"turns":3},{"damage":13,"enemies":"Lagavulin","floor":12,"turns":4},{"damage":0,"enemies":"Red Slaver","floor":14,"turns":3},{"damage":21,"enemies":"Slime Boss","floor":16,"turns":7},{"damage":0,"enemies":"Shell Parasite","floor":18,"turns":5},{"damage":3,"enemies":"2 Thieves","floor":21,"turns":3},{"damage":11,"enemies":"Centurion and Healer","floor":24,"turns":4},{"damage":2,"enemies":"Book of Stabbing","floor":29,"turns":6},{"damage":0,"enemies":"Snake Plant","floor":31,"turns":4},{"damage":21,"enemies":"Automaton","floor":33,"turns":8},{"damage":6,"enemies":"3 Shapes","floor":35,"turns":5},{"damage":0,"enemies":"Orb Walker","floor":36,"turns":4},{"damage":0,"enemies":"Giant Head","floor":41,"turns":8},{"damage":7,"enemies":"4 Shapes","floor":45,"turns":3},{"damage":3,"enemies":"Awakened One","floor":50,"turns":11}],"seed_played":"-8690101264996190777","potions_obtained":[],"is_trial":false,"path_per_floor":["M","M","?","?","M","R","E","R","T","$","M","E","?","M","R","B",null,"M","?","$","M","$","R","M","R","T","?","?","E","R","M","R","B",null,"M","M","$","?","?","R","E","$","T","R","M","?","R","$","R","B"],"character_chosen":"THE_SILENT","items_purchased":["Mayhem","Predator","Lee\u0027s Waffle"],"campfire_rested":2,"item_purchase_floors":[10,20,42],"current_hp_per_floor":[70,70,75,68,67,67,63,63,63,63,62,49,49,49,49,28,75,75,75,75,72,72,72,61,61,61,61,61,59,59,59,59,38,75,69,69,69,59,59,59,59,78,78,78,71,71,71,71,71,68],"gold":73,"neow_bonus":"BOSS_RELIC","is_prod":false,"is_daily":false,"chose_seed":false,"campfire_upgraded":9,"win_rate":0,"timestamp":1535917651,"path_taken":["M","M","?","?","?","R","E","R","T","$","M","E","?","M","R","BOSS","M","?","$","M","$","R","M","R","T","?","?","E","R","M","R","BOSS","M","M","$","?","?","R","E","$","T","R","M","?","R","?","R","BOSS"],"build_version":"2018-08-30","purchased_purges":3,"victory":true,"max_hp_per_floor":[70,70,75,75,75,75,75,75,75,75,75,75,75,75,75,75,75,75,75,75,75,75,75,75,75,75,75,75,75,75,75,75,75,75,75,75,75,75,71,71,71,78,78,78,78,78,78,78,78,78],"card_choices":[{"not_picked":["Riddle With Holes","Dagger Spray"],"picked":"Predator","floor":1},{"not_picked":["Terror","Acrobatics"],"picked":"All Out Attack","floor":2},{"not_picked":["Dash","Acrobatics"],"picked":"Backflip","floor":5},{"not_picked":["Prepared","Dagger Spray"],"picked":"Noxious Fumes","floor":7},{"not_picked":["Blur","Deflect"],"picked":"Crippling Poison","floor":11},{"not_picked":["Deadly Poison","Endless Agony"],"picked":"Heel Hook","floor":12},{"not_picked":["Quick Slash","Well Laid Plans","Acrobatics"],"picked":"SKIP","floor":14},{"not_picked":["Corpse Explosion","Night Terror"],"picked":"After Image","floor":16},{"not_picked":["Underhanded Strike+1","Caltrops","Dash"],"picked":"SKIP","floor":18},{"not_picked":["Deadly Poison","Deflect"],"picked":"Noxious Fumes","floor":21},{"not_picked":["Terror","Infinite Blades","Reflex"],"picked":"SKIP","floor":24},{"not_picked":["Prepared","Deflect"],"picked":"Escape Plan","floor":29},{"not_picked":["Quick Slash","Backflip"],"picked":"Noxious Fumes","floor":31},{"not_picked":["Tools of the Trade","Unload"],"picked":"After Image","floor":33},{"not_picked":["Blade Dance","Dagger Spray+1"],"picked":"Noxious Fumes+1","floor":35},{"not_picked":["Calculated Gamble+1","Infinite Blades"],"picked":"Leg Sweep+1","floor":36},{"not_picked":["Discovery","Jack Of All Trades"],"picked":"Impatience","floor":38},{"not_picked":["Caltrops","Dagger Throw","Blade Dance"],"picked":"SKIP","floor":41},{"not_picked":["Predator","Prepared+1","Terror"],"picked":"SKIP","floor":45}],"player_experience":7957,"relics_obtained":[{"floor":7,"key":"Lantern"},{"floor":9,"key":"Whetstone"},{"floor":12,"key":"Anchor"},{"floor":26,"key":"MawBank"},{"floor":29,"key":"Paper Crane"},{"floor":41,"key":"Ancient Tea Set"},{"floor":43,"key":"Bag of Preparation"}],"event_choices":[{"event_name":"Big Fish","player_choice":"Donut","floor":3,"damage_taken":0},{"event_name":"Golden Wing","player_choice":"Card Removal","floor":4,"damage_taken":0},{"event_name":"Purifier","player_choice":"One Purge","floor":13,"damage_taken":0},{"event_name":"Back to Basics","player_choice":"Simplicity","floor":19,"damage_taken":0},{"event_name":"Ghosts","player_choice":"Ignored","floor":27,"damage_taken":0},{"event_name":"WeMeetAgain","player_choice":"Card","floor":28,"damage_taken":0},{"event_name":"SensoryStone","player_choice":"Memory 3","floor":38,"damage_taken":0},{"event_name":"Winding Halls","player_choice":"Max HP","floor":39,"damage_taken":0},{"event_name":"MindBloom","player_choice":"Upgrade","floor":46,"damage_taken":0}],"is_beta":false,"boss_relics":[{"not_picked":["HoveringKite","Coffee Dripper","Philosopher\u0027s Stone"]},{"not_picked":["Velvet Choker","Lizard Tail"],"picked":"Runic Dome"}],"items_purged_floors":[20,22,37],"is_endless":false,"potions_floor_spawned":[1,5,7,16,18,24,29,36,41],"ascension_level":0}