{"gold_per_floor":[115,115,126,51,51,51,61,61,61,61,80,115,55,55,55,55],"floor_reached":16,"playtime":292,"items_purged":["Defend_R"],"score":186,"play_id":"cf7a26f5-7261-4dd0-aab4-710da8492104","local_time":"20190117233811","is_ascension_mode":true,"campfire_choices":[{"data":"Whirlwind","floor":6,"key":"SMITH"},{"data":"Anger","floor":10,"key":"SMITH"},{"data":"Armaments","floor":15,"key":"SMITH"}],"neow_cost":"NONE","seed_source_timestamp":10042651255976,"circlet_count":0,"master_deck":["AscendersBane","Strike_R","Strike_R+1","Strike_R","Strike_R","Defend_R","Defend_R","Defend_R+1","Bash","Whirlwind+1","Rage","Anger+1","Armaments+1","Feed"],"relics":["Coffee Dripper","The Courier","Singing Bowl"],"potions_floor_usage":[11,12,16],"damage_taken":[{"damage":9,"enemies":"Small Slimes","floor":1,"turns":4},{"damage":0,"enemies":"2 Louse","floor":3,"turns":1},{"damage":4,"enemies":"Jaw Worm","floor":7,"turns":3},{"damage":13,"enemies":"Exordium Thugs","floor":11,"turns":3},{"damage":17,"enemies":"3 Sentries","floor":12,"turns":5},{"damage":15,"enemies":"Hexaghost","floor":16,"turns":7}],"seed_played":"-1956909077979011917","potions_obtained":[{"floor":1,"key":"BloodPotion"},{"floor":11,"key":"AttackPotion"},{"floor":12,"key":"PowerPotion"}],"is_trial":false,"path_per_floor":["M","?","M","?","?","R","M","$","T","R","M","E","$","?","R","B"],"character_chosen":"IRONCLAD","items_purchased":[],"campfire_rested":0,"item_purchase_floors":[],"current_hp_per_floor":[59,64,64,64,40,40,36,36,36,36,31,14,14,14,14,0],"gold":55,"neow_bonus":"BOSS_RELIC","is_prod":false,"is_daily":false,"chose_seed":false,"campfire_upgraded":3,"win_rate":0,"timestamp":1547768291,"path_taken":["M","?","M","?","?","R","?","$","T","R","M","E","$","?","R","BOSS"],"build_version":"2019-01-10","purchased_purges":1,"victory":false,"max_hp_per_floor":[75,80,80,80,80,80,80,80,80,80,80,80,80,80,80,80],"card_choices":[{"not_picked":["Feel No Pain","Clothesline"],"picked":"Whirlwind","floor":1},{"not_picked":["Rupture","Shrug It Off"],"picked":"Rage","floor":3},{"not_picked":["Evolve","Blood for Blood"],"picked":"Anger","floor":7},{"not_picked":["Sentinel","Body Slam"],"picked":"Armaments","floor":11},{"not_picked":["Uppercut","Cleave"],"picked":"Feed","floor":12}],"player_experience":399571,"relics_obtained":[{"floor":9,"key":"The Courier"},{"floor":12,"key":"Singing Bowl"}],"event_choices":[{"damage_healed":0,"gold_gain":0,"player_choice":"Donut","damage_taken":0,"max_hp_gain":5,"max_hp_loss":0,"event_name":"Big Fish","floor":2,"gold_loss":0},{"cards_removed":["Strike_R"],"damage_healed":0,"gold_gain":0,"player_choice":"Card Removal","damage_taken":0,"max_hp_gain":0,"max_hp_loss":0,"event_name":"The Cleric","floor":4,"gold_loss":75},{"damage_healed":0,"gold_gain":0,"player_choice":"Entered Light","damage_taken":24,"max_hp_gain":0,"max_hp_loss":0,"event_name":"Shining Light","floor":5,"gold_loss":0,"cards_upgraded":["Strike_R","Defend_R"]},{"damage_healed":0,"gold_gain":0,"player_choice":"Fled","damage_taken":0,"max_hp_gain":0,"max_hp_loss":0,"event_name":"Scrap Ooze","floor":14,"gold_loss":0}],"is_beta":false,"boss_relics":[],"items_purged_floors":[13],"is_endless":false,"potions_floor_spawned":[1,11,12],"killed_by":"Hexaghost","ascension_level":18}