{"gold_per_floor":[115,132,132,147,164,164,184,184,254,254,286,286,301,58,58,158,158,177,166,266,266],"floor_reached":21,"playtime":636,"items_purged":["Strike_G"],"score":290,"play_id":"6133c561-2c66-4a0f-94cb-07e2c62b12b6","local_time":"20181215174837","is_ascension_mode":true,"campfire_choices":[{"data":"Terror","floor":6,"key":"SMITH"},{"data":"Acrobatics","floor":8,"key":"SMITH"},{"data":"Expertise","floor":12,"key":"SMITH"},{"floor":15,"key":"REST"}],"neow_cost":"NONE","seed_source_timestamp":9137042647535,"circlet_count":0,"master_deck":["AscendersBane","Defend_G","Defend_G","Defend_G","Defend_G","Strike_G","Strike_G+1","Strike_G","Survivor","Neutralize","Slice+1","Acrobatics+1","Terror+1","Crippling Poison","Deflect","Expertise+1","Prepared","Good Instincts","Noxious Fumes","Burst","Deadly Poison"],"relics":["Ring of the Snake","NeowsBlessing","Mummified Hand","FossilizedHelix","Empty Cage"],"potions_floor_usage":[11,16],"damage_taken":[{"damage":0,"enemies":"Cultist","floor":1,"turns":1},{"damage":0,"enemies":"Small Slimes","floor":2,"turns":1},{"damage":0,"enemies":"2 Louse","floor":4,"turns":1},{"damage":11,"enemies":"Exordium Thugs","floor":5,"turns":5},{"damage":5,"enemies":"2 Fungi Beasts","floor":7,"turns":5},{"damage":8,"enemies":"Gremlin Nob","floor":11,"turns":4},{"damage":0,"enemies":"Exordium Wildlife","floor":13,"turns":6},{"damage":28,"enemies":"Slime Boss","floor":16,"turns":13},{"damage":13,"enemies":"Shell Parasite","floor":18,"turns":7},{"damage":8,"enemies":"2 Thieves","floor":19,"turns":4},{"damage":40,"enemies":"3 Cultists","floor":21,"turns":5}],"seed_played":"-2619783152085189155","potions_obtained":[{"floor":4,"key":"Ancient Potion"},{"floor":5,"key":"Block Potion"},{"floor":11,"key":"PowerPotion"}],"is_trial":false,"path_per_floor":["M","M","?","M","M","R","M","R","T","?","E","R","M","$","R","B",null,"M","M","?","M"],"character_chosen":"THE_SILENT","items_purchased":["Good Instincts","Noxious Fumes"],"campfire_rested":1,"item_purchase_floors":[14,14],"current_hp_per_floor":[63,63,49,49,38,38,33,33,33,33,25,25,25,25,46,18,57,44,36,36,0],"gold":266,"neow_bonus":"THREE_ENEMY_KILL","is_prod":false,"is_daily":false,"chose_seed":false,"campfire_upgraded":3,"win_rate":0,"timestamp":1544896117,"path_taken":["M","M","?","M","M","R","M","R","T","?","E","R","M","$","R","BOSS","M","M","?","?"],"build_version":"2018-12-13","purchased_purges":1,"victory":false,"max_hp_per_floor":[70,70,70,70,70,70,70,70,70,70,70,70,70,70,70,70,70,70,70,70,70],"card_choices":[{"not_picked":["Dodge and Roll","Bane"],"picked":"Slice","floor":1},{"not_picked":["Sucker Punch","Underhanded Strike"],"picked":"Acrobatics","floor":2},{"not_picked":["Dagger Throw","Poisoned Stab"],"picked":"Terror","floor":4},{"not_picked":["Acrobatics","Calculated Gamble"],"picked":"Crippling Poison","floor":5},{"not_picked":["Sucker Punch","Outmaneuver"],"picked":"Deflect","floor":7},{"not_picked":["Slice","PiercingWail"],"picked":"Expertise","floor":11},{"not_picked":["Infinite Blades","Slice"],"picked":"Prepared","floor":13},{"not_picked":["Venomology","Grand Finale"],"picked":"Burst","floor":16},{"not_picked":["Accuracy","Infinite Blades"],"picked":"Deadly Poison","floor":18},{"not_picked":["Masterful Stab","Dash","Cloak And Dagger"],"picked":"SKIP","floor":19}],"player_experience":274092,"relics_obtained":[{"floor":9,"key":"Mummified Hand"},{"floor":11,"key":"FossilizedHelix"}],"event_choices":[{"damage_healed":0,"gold_gain":0,"player_choice":"Entered Light","damage_taken":14,"max_hp_gain":0,"max_hp_loss":0,"event_name":"Shining Light","floor":3,"gold_loss":0,"cards_upgraded":["Strike_G","Slice"]},{"damage_healed":0,"gold_gain":0,"player_choice":"Fled","damage_taken":0,"max_hp_gain":0,"max_hp_loss":0,"event_name":"Scrap Ooze","floor":10,"gold_loss":0},{"damage_healed":0,"gold_gain":100,"player_choice":"Pray","damage_taken":0,"max_hp_gain":0,"max_hp_loss":0,"event_name":"Golden Shrine","floor":20,"gold_loss":0}],"is_beta":false,"boss_relics":[{"not_picked":["WristBlade","Runic Pyramid"],"picked":"Empty Cage"}],"items_purged_floors":[14],"is_endless":false,"potions_floor_spawned":[4,5,11,13],"killed_by":"3 Cultists","ascension_level":12}