{"gold_per_floor":[109,120,140,63,80,80,80,80,127,127,127,145,159,176,176,280,280,293,66,83,101,101,101,112,112,136,150,168,168,168],"floor_reached":30,"playtime":2818,"items_purged":[],"score":237,"play_id":"dd4f4310-3561-4f3e-9607-193239e4eac8","local_time":"20190130202732","is_ascension_mode":true,"campfire_choices":[{"floor":6.0,"key":"REST"},{"data":"Redo","floor":8.0,"key":"SMITH"},{"data":"Dualcast","floor":10.0,"key":"SMITH"},{"floor":15.0,"key":"REST"},{"floor":23.0,"key":"REST"},{"floor":25.0,"key":"REST"},{"floor":29,"key":"REST"}],"neow_cost":"NONE","seed_source_timestamp":291199747742041,"circlet_count":0,"master_deck":["Strike_B+1","Strike_B+1","Defend_B+1","Defend_B+1","Defend_B+1","Defend_B+1","Zap","Dualcast+1","Hologram","Sweeping Beam","Redo+1","Static Discharge","Genetic Algorithm","Compile Driver","Heatsinks","Echo Form","All For One","Sunder","Loop","Amplify","Reprogram","Reprogram+1","Stack","Conserve Battery","Glacier"],"special_seed":0,"relics":["Cracked Core","Potion Belt","Sozu","Happy Flower"],"potions_floor_usage":[],"damage_taken":[{"damage":6.0,"enemies":"Small Slimes","floor":1.0,"turns":3.0},{"damage":13.0,"enemies":"2 Louse","floor":2.0,"turns":2.0},{"damage":3.0,"enemies":"Cultist","floor":3.0,"turns":3.0},{"damage":16.0,"enemies":"Large Slime","floor":5.0,"turns":4.0},{"damage":0.0,"enemies":"Blue Slaver","floor":12.0,"turns":3.0},{"damage":10.0,"enemies":"Red Slaver","floor":13.0,"turns":2.0},{"damage":5.0,"enemies":"Large Slime","floor":14.0,"turns":5.0},{"damage":15.0,"enemies":"The Guardian","floor":16.0,"turns":13.0},{"damage":14.0,"enemies":"Spheric Guardian","floor":18.0,"turns":6.0},{"damage":36.0,"enemies":"2 Thieves","floor":20.0,"turns":4.0},{"damage":12.0,"enemies":"Snecko","floor":21.0,"turns":6.0},{"damage":11.0,"enemies":"Chosen and Byrds","floor":24.0,"turns":6.0},{"damage":20.0,"enemies":"Centurion and Healer","floor":27.0,"turns":6.0},{"damage":12,"enemies":"Snake Plant","floor":28,"turns":4}],"seed_played":"278808822636065301","potions_obtained":[{"floor":3.0,"key":"Weak Potion"},{"floor":5.0,"key":"Swift Potion"},{"floor":12.0,"key":"Weak Potion"}],"is_trial":false,"path_per_floor":["?","?","M","?","?"],"character_chosen":"DEFECT","items_purchased":["Static Discharge","Loop","Amplify"],"campfire_rested":5,"item_purchase_floors":[4,19,19],"current_hp_per_floor":[69,56,53,53,37,59,44,44,44,44,44,44,34,29,51,36,75,61,61,25,13,13,35,24,46,46,26,14,36,20],"gold":168,"neow_bonus":"TRANSFORM_CARD","is_prod":false,"is_daily":false,"chose_seed":false,"campfire_upgraded":2,"win_rate":0,"timestamp":1548876452,"path_taken":["M","M","M","$","M","R","?","R","T","R","?","M","M","?","R","BOSS","M","$","M","M","?","R","M","R","T","M","M","R","?"],"build_version":"2019-01-23","purchased_purges":0,"victory":false,"max_hp_per_floor":[75,75,75,75,75,75,75,75,75,75,75,75,75,75,75,75,75,75,75,75,75,75,75,75,75,75,75,75,75,75],"card_choices":[{"not_picked":["Compile Driver","Ball Lightning","Barrage"],"picked":"SKIP","floor":1.0},{"not_picked":["Rebound","Hologram"],"picked":"Sweeping Beam","floor":2.0},{"not_picked":["Sweeping Beam","Turbo"],"picked":"Redo","floor":3.0},{"not_picked":["Conserve Battery","Reinforced Body"],"picked":"Genetic Algorithm","floor":5.0},{"not_picked":["Streamline","Melter"],"picked":"Compile Driver","floor":12.0},{"not_picked":["Sweeping Beam","Turbo"],"picked":"Heatsinks","floor":13.0},{"not_picked":["White Noise","Stack"],"picked":"Echo Form","floor":14.0},{"not_picked":["Reboot","Machine Learning"],"picked":"All For One","floor":16.0},{"not_picked":["Redo","Blizzard+1"],"picked":"Sunder","floor":18.0},{"not_picked":["Compile Driver","Rebound"],"picked":"Reprogram","floor":20.0},{"not_picked":["Gash","Conserve Battery+1"],"picked":"Reprogram+1","floor":21.0},{"not_picked":["Ball Lightning","Consume"],"picked":"Stack","floor":24.0},{"not_picked":["Rebound","Genetic Algorithm"],"picked":"Conserve Battery","floor":27.0},{"not_picked":["Go for the Eyes","Beam Cell+1"],"picked":"Glacier","floor":28}],"player_experience":42584,"relics_obtained":[{"floor":9.0,"key":"Potion Belt"},{"floor":26.0,"key":"Happy Flower"}],"event_choices":[{"damage_healed":0.0,"max_hp_gain":0.0,"max_hp_loss":0.0,"gold_gain":0.0,"event_name":"Shining Light","player_choice":"Entered Light","floor":7.0,"gold_loss":0.0,"damage_taken":15.0,"cards_upgraded":["Defend_B","Defend_B"]},{"cards_removed":["Strike_B"],"damage_healed":0.0,"max_hp_gain":0.0,"max_hp_loss":0.0,"gold_gain":0.0,"event_name":"Bonfire Elementals","player_choice":"Offered Basic","floor":11.0,"gold_loss":0.0,"damage_taken":0.0},{"damage_healed":0.0,"max_hp_gain":0.0,"max_hp_loss":0.0,"gold_gain":0.0,"event_name":"Back to Basics","player_choice":"Simplicity","floor":22.0,"gold_loss":0.0,"damage_taken":0.0,"cards_upgraded":["Strike_B","Strike_B","Defend_B","Defend_B"]},{"damage_healed":0,"gold_gain":0,"player_choice":"Obtained Book","damage_taken":16,"max_hp_gain":0,"max_hp_loss":0,"event_name":"Cursed Tome","floor":30,"gold_loss":0}],"is_beta":false,"boss_relics":[{"not_picked":["White Beast Statue","Runic Dome"],"picked":"Sozu"}],"items_purged_floors":[],"is_endless":false,"potions_floor_spawned":[3,5,12,20,24,28],"ascension_level":1}