{"gold_per_floor":[113,123,25,25,25,25,56,56,56,88,101,115,115,134,134,238,238,248,262,272,288,112,147,147,72,126,126,126,126,143,170,170,269,269,283,294,294,1,20,20,54,54,108,142,142,161,179,197,197,197,197,197,68,101,101],"floor_reached":56,"playtime":8287,"items_purged":["Strike_B","Defend_B"],"score":1281,"play_id":"920e3b61-bcbb-43b5-ac77-e372c4fdf8b6","local_time":"20190203222442","is_ascension_mode":true,"campfire_choices":[{"data":"Zap","floor":6,"key":"SMITH"},{"data":"Defragment","floor":8,"key":"SMITH"},{"data":"Rainbow","floor":13,"key":"SMITH"},{"floor":15,"key":"REST"},{"floor":24,"key":"REST"},{"data":"Consume","floor":27,"key":"SMITH"},{"floor":32,"key":"REST"},{"data":"Creative AI","floor":40,"key":"SMITH"},{"floor":42,"key":"RECALL"},{"floor":45,"key":"REST"},{"floor":49,"key":"REST"},{"data":"Capacitor","floor":52,"key":"SMITH"}],"neow_cost":"NONE","seed_source_timestamp":526593499525917,"circlet_count":0,"master_deck":["Zap+1","Dualcast+1","Defragment+1","Rip and Tear","Conserve Battery","Static Discharge","Rainbow+1","Consume+1","Conserve Battery","Coolheaded","Multi-Cast","Go for the Eyes","Compile Driver","Genetic Algorithm+1","Cold Snap+1","Self Repair","Capacitor+1","Barrage","Cold Snap","Creative AI+1","Ball Lightning","Rebound","Force Field+1","Storm","Amplify+1","Leap+1","Hologram+1","Storm","Coolheaded+1","Seek+1","Coolheaded+1","Force Field+1","Go for the Eyes"],"relics":["Black Star","Shuriken","Oddly Smooth Stone","Boot","Gremlin Horn","Velvet Choker","DataDisk","Unceasing Top","Centennial Puzzle","Toxic Egg 2","Happy Flower","Pen Nib","Pandora\u0027s Box","Darkstone Periapt","Bird Faced Urn","Art of War","Bottled Lightning","Strawberry","Meat on the Bone","Mercury Hourglass","Bronze Scales","Bag of Marbles"],"potions_floor_usage":[5,7,41,50,54,54,55],"damage_taken":[{"damage":1,"enemies":"Jaw Worm","floor":1,"turns":4},{"damage":0,"enemies":"2 Louse","floor":2,"turns":3},{"damage":23,"enemies":"Gremlin Nob","floor":7,"turns":5},{"damage":4,"enemies":"Lagavulin","floor":10,"turns":7},{"damage":0,"enemies":"Cultist","floor":11,"turns":3},{"damage":3,"enemies":"3 Louse","floor":12,"turns":3},{"damage":2,"enemies":"Looter","floor":14,"turns":3},{"damage":34,"enemies":"Hexaghost","floor":16,"turns":9},{"damage":6,"enemies":"Shell Parasite","floor":18,"turns":4},{"damage":0,"enemies":"Chosen","floor":19,"turns":4},{"damage":5,"enemies":"Sentry and Sphere","floor":20,"turns":4},{"damage":7,"enemies":"Cultist and Chosen","floor":21,"turns":4},{"damage":37,"enemies":"Slavers","floor":23,"turns":5},{"damage":4,"enemies":"Shelled Parasite and Fungi","floor":30,"turns":5},{"damage":8,"enemies":"Book of Stabbing","floor":31,"turns":6},{"damage":0,"enemies":"Champ","floor":33,"turns":12},{"damage":0,"enemies":"Orb Walker","floor":35,"turns":5},{"damage":0,"enemies":"3 Shapes","floor":36,"turns":3},{"damage":24,"enemies":"Jaw Worm Horde","floor":39,"turns":4},{"damage":26,"enemies":"Nemesis","floor":41,"turns":7},{"damage":59,"enemies":"Reptomancer","floor":44,"turns":7},{"damage":0,"enemies":"Sphere and 2 Shapes","floor":46,"turns":5},{"damage":50,"enemies":"4 Shapes","floor":47,"turns":3},{"damage":0,"enemies":"Maw","floor":48,"turns":6},{"damage":45,"enemies":"Donu and Deca","floor":50,"turns":5},{"damage":25,"enemies":"Shield and Spear","floor":54,"turns":6},{"damage":72,"enemies":"The Heart","floor":55,"turns":12}],"seed_played":"-6206672712368005240","potions_obtained":[{"floor":1,"key":"Weak Potion"},{"floor":2,"key":"Fruit Juice"},{"floor":12,"key":"Ancient Potion"},{"floor":14,"key":"Ancient Potion"},{"floor":18,"key":"Energy Potion"},{"floor":41,"key":"Weak Potion"}],"is_trial":false,"path_per_floor":["M","M","$","?","?","R","E","R","T","E","M","M","R","M","R","B",null,"M","M","M","M","$","E","R","?","T","R","?","?","M","E","R","B",null,"M","M","T","$","M","R","E","R","T","E","R","M","M","M","R","B",null,"R","$","E","B",null],"character_chosen":"DEFECT","items_purchased":["Conserve Battery","Self Repair","Bird Faced Urn","Force Field+1","Poison Potion"],"campfire_rested":5,"item_purchase_floors":[3,22,38,53,53],"current_hp_per_floor":[74,74,74,74,79,79,56,56,56,52,52,49,49,47,71,37,80,74,74,69,62,62,32,56,56,56,56,56,56,59,58,80,80,80,80,80,80,80,69,69,60,60,67,29,55,76,53,65,87,59,87,87,87,74,49],"gold":101,"neow_bonus":"BOSS_RELIC","is_prod":false,"is_daily":false,"chose_seed":false,"campfire_upgraded":6,"win_rate":0,"timestamp":1549261482,"path_taken":["M","M","$","?","?","R","E","R","T","E","M","?","R","M","R","BOSS","M","M","M","M","$","E","R","?","T","R","?","?","M","E","R","BOSS","M","M","?","?","M","R","E","R","T","E","R","M","M","M","R","BOSS","R","$","E","BOSS"],"build_version":"2019-01-23","purchased_purges":2,"victory":true,"max_hp_per_floor":[75,75,75,75,80,80,80,80,80,80,80,80,80,80,80,80,80,80,80,80,80,80,80,80,80,80,80,80,80,80,80,80,80,80,80,80,80,80,80,80,80,80,87,87,87,87,87,87,87,87,87,87,87,87,87],"card_choices":[{"not_picked":["Sunder","Coolheaded"],"picked":"Defragment","floor":1},{"not_picked":["Rebound","Scrape"],"picked":"Rip and Tear","floor":2},{"not_picked":["Loop","Leap"],"picked":"Static Discharge","floor":7},{"not_picked":["Streamline","Redo"],"picked":"Rainbow","floor":10},{"not_picked":["Hologram","Lockon"],"picked":"Consume","floor":11},{"not_picked":["Barrage","Beam Cell"],"picked":"Conserve Battery","floor":12},{"not_picked":["Storm","Hello World"],"picked":"Coolheaded","floor":14},{"not_picked":["Machine Learning","Amplify"],"picked":"Multi-Cast","floor":16},{"not_picked":["Conserve Battery","Hologram"],"picked":"Go for the Eyes","floor":18},{"not_picked":["Hologram","FTL"],"picked":"Compile Driver","floor":19},{"not_picked":["Rip and Tear","Sweeping Beam"],"picked":"Genetic Algorithm+1","floor":20},{"not_picked":["Tempest","Barrage"],"picked":"Cold Snap+1","floor":21},{"not_picked":["Double Energy","Conserve Battery"],"picked":"Capacitor","floor":23},{"not_picked":["Gash","Leap+1"],"picked":"Barrage","floor":30},{"not_picked":["Turbo+1","FTL+1"],"picked":"Cold Snap","floor":31},{"not_picked":["Amplify+1","Multi-Cast+1"],"picked":"Creative AI","floor":33},{"not_picked":["Stack+1","Beam Cell+1"],"picked":"Leap+1","floor":35},{"not_picked":["Rip and Tear+1","Cold Snap+1"],"picked":"Hologram+1","floor":36},{"not_picked":["Go for the Eyes+1","Sweeping Beam+1"],"picked":"Storm","floor":39},{"not_picked":["Scrape+1","Consume+1"],"picked":"Coolheaded+1","floor":41},{"not_picked":["Turbo+1","FTL+1","Reprogram+1"],"picked":"SKIP","floor":44},{"not_picked":["Rebound+1","Reinforced Body+1"],"picked":"Seek+1","floor":46},{"not_picked":["Gash","Sweeping Beam+1","Heatsinks+1"],"picked":"SKIP","floor":47},{"not_picked":["Melter","Rebound"],"picked":"Coolheaded+1","floor":48},{"not_picked":["Sweeping Beam","Streamline+1"],"picked":"Go for the Eyes","floor":54}],"player_experience":438078,"relics_obtained":[{"floor":7,"key":"Shuriken"},{"floor":7,"key":"Oddly Smooth Stone"},{"floor":10,"key":"Boot"},{"floor":10,"key":"Gremlin Horn"},{"floor":23,"key":"DataDisk"},{"floor":23,"key":"Unceasing Top"},{"floor":26,"key":"Centennial Puzzle"},{"floor":31,"key":"Happy Flower"},{"floor":31,"key":"Pen Nib"},{"floor":37,"key":"Darkstone Periapt"},{"floor":41,"key":"Art of War"},{"floor":41,"key":"Bottled Lightning"},{"floor":43,"key":"Strawberry"},{"floor":44,"key":"Meat on the Bone"},{"floor":44,"key":"Mercury Hourglass"},{"floor":54,"key":"Bronze Scales"},{"floor":54,"key":"Bag of Marbles"}],"event_choices":[{"damage_healed":0,"gold_gain":0,"player_choice":"Grow","damage_taken":0,"max_hp_gain":0,"max_hp_loss":0,"event_name":"Living Wall","floor":4,"gold_loss":0,"cards_upgraded":["Dualcast"]},{"damage_healed":0,"gold_gain":0,"player_choice":"Ignored","damage_taken":0,"max_hp_gain":0,"max_hp_loss":0,"event_name":"NoteForYourself","floor":5,"gold_loss":0},{"cards_removed":["Strike_B"],"damage_healed":0,"gold_gain":0,"player_choice":"Gave Gold","damage_taken":0,"max_hp_gain":0,"max_hp_loss":0,"event_name":"Beggar","floor":25,"gold_loss":75},{"damage_healed":0,"gold_gain":0,"player_choice":"Opened","damage_taken":0,"relics_obtained":["Toxic Egg 2"],"max_hp_gain":0,"max_hp_loss":0,"event_name":"The Mausoleum","floor":28,"gold_loss":0,"cards_obtained":["Writhe"]},{"cards_removed":["Writhe"],"damage_healed":0,"gold_gain":0,"player_choice":"Removed Curses","damage_taken":0,"max_hp_gain":0,"max_hp_loss":0,"event_name":"Fountain of Cleansing","floor":29,"gold_loss":0}],"is_beta":false,"boss_relics":[{"not_picked":["Orrery","Empty Cage"],"picked":"Velvet Choker"},{"not_picked":["Calling Bell","Philosopher\u0027s Stone"],"picked":"Pandora\u0027s Box"}],"items_purged_floors":[3,22],"is_endless":false,"potions_floor_spawned":[1,2,12,14,18,20,41,48],"ascension_level":1}