{"gold_per_floor":[111,111,111,136,8,43,43,43,43,61,97,118,142,156,156,277,277,290,314,413,426,0,0,18,41,95,95,95,95,95],"floor_reached":30,"playtime":1216,"items_purged":["Defend_R"],"score":360,"play_id":"606503bb-2c15-4dce-9073-335330f38900","local_time":"20190128020203","is_ascension_mode":true,"campfire_choices":[{"data":"Strike_R","floor":7,"key":"PURGE"},{"data":"Injury","floor":15,"key":"PURGE"},{"data":"Strike_R","floor":23,"key":"PURGE"},{"data":"Defend_R","floor":27,"key":"PURGE"}],"neow_cost":"NONE","seed_source_timestamp":204457511619,"circlet_count":0,"master_deck":["Strike_R","Defend_R","Defend_R","Bash+1","Iron Wave","Body Slam","True Grit","Shrug It Off","Inflame","Inflame","Whirlwind"],"relics":["Burning Blood","NeowsBlessing","Golden Idol","Peace Pipe","Paper Frog","Oddly Smooth Stone","Fusion Hammer","Bag of Preparation","Omamori"],"potions_floor_usage":[16,16,16,21,24,25,30],"damage_taken":[{"damage":0,"enemies":"2 Louse","floor":1,"turns":1},{"damage":0,"enemies":"Jaw Worm","floor":4,"turns":1},{"damage":0,"enemies":"Lagavulin","floor":6,"turns":1},{"damage":8,"enemies":"Small Slimes","floor":10,"turns":7},{"damage":35,"enemies":"Gremlin Nob","floor":11,"turns":5},{"damage":1,"enemies":"Blue Slaver","floor":12,"turns":5},{"damage":7,"enemies":"Large Slime","floor":13,"turns":6},{"damage":0,"enemies":"3 Louse","floor":14,"turns":7},{"damage":61,"enemies":"The Guardian","floor":16,"turns":12},{"damage":32,"enemies":"3 Byrds","floor":18,"turns":8},{"damage":27,"enemies":"Spheric Guardian","floor":19,"turns":6},{"damage":12,"enemies":"Cultist and Chosen","floor":21,"turns":7},{"damage":1,"enemies":"Snecko","floor":24,"turns":4},{"damage":12,"enemies":"Snake Plant","floor":25,"turns":5},{"damage":13,"enemies":"Slavers","floor":30,"turns":1}],"seed_played":"-7951834246140631509","potions_obtained":[{"floor":6,"key":"SpeedPotion"},{"floor":11,"key":"SkillPotion"},{"floor":13,"key":"BloodPotion"},{"floor":16,"key":"SpeedPotion"},{"floor":18,"key":"Block Potion"},{"floor":21,"key":"Swift Potion"},{"floor":25,"key":"SkillPotion"}],"is_trial":false,"path_per_floor":["M","?","?","M","$","E","R","?","T","M","E","M","M","M","R","B",null,"M","M","?","M","?","R","M","M","T","R","T","?","E"],"character_chosen":"IRONCLAD","items_purchased":["Shrug It Off"],"campfire_rested":0,"item_purchase_floors":[5],"current_hp_per_floor":[78,78,78,80,80,80,80,80,80,78,49,54,53,59,59,12,63,37,16,16,10,10,10,15,9,9,9,9,9,0],"gold":95,"neow_bonus":"THREE_ENEMY_KILL","is_prod":false,"is_daily":false,"chose_seed":false,"campfire_upgraded":0,"win_rate":0,"timestamp":1548658923,"path_taken":["M","?","?","M","$","E","R","?","T","M","E","?","M","M","R","BOSS","M","M","?","M","?","R","M","M","T","R","?","?","E"],"build_version":"2019-01-23","purchased_purges":1,"victory":false,"max_hp_per_floor":[80,80,80,80,80,80,80,80,80,80,80,80,80,80,80,80,80,80,80,80,80,80,80,80,80,80,80,80,80,80],"card_choices":[{"not_picked":["Body Slam","Headbutt"],"picked":"Iron Wave","floor":1},{"not_picked":["Burning Pact","Headbutt"],"picked":"True Grit","floor":4},{"not_picked":["Evolve","Bludgeon"],"picked":"Inflame","floor":6},{"not_picked":["Twin Strike","Power Through","Thunderclap"],"picked":"SKIP","floor":10},{"not_picked":["Twin Strike","Cleave","Pommel Strike"],"picked":"SKIP","floor":11},{"not_picked":["Warcry","Rampage"],"picked":"Inflame","floor":12},{"not_picked":["Armaments","Shockwave","Fire Breathing"],"picked":"SKIP","floor":13},{"not_picked":["Iron Wave","Sentinel","Armaments"],"picked":"SKIP","floor":14},{"not_picked":["Clothesline","Wild Strike","Ghostly Armor"],"picked":"SKIP","floor":18},{"not_picked":["Infernal Blade","Pommel Strike","Cleave+1"],"picked":"SKIP","floor":19},{"not_picked":["Cleave+1","Seeing Red","Ghostly Armor"],"picked":"SKIP","floor":21},{"not_picked":["Iron Wave","Body Slam"],"picked":"Whirlwind","floor":24},{"not_picked":["Brutality","Battle Trance+1","Body Slam"],"picked":"SKIP","floor":25}],"player_experience":362752,"relics_obtained":[{"floor":6,"key":"Peace Pipe"},{"floor":9,"key":"Paper Frog"},{"floor":11,"key":"Oddly Smooth Stone"},{"floor":26,"key":"Bag of Preparation"},{"floor":28,"key":"Omamori"}],"event_choices":[{"damage_healed":0,"gold_gain":0,"player_choice":"Take Wound","damage_taken":0,"relics_obtained":["Golden Idol"],"max_hp_gain":0,"max_hp_loss":0,"event_name":"Golden Idol","floor":2,"gold_loss":0,"cards_obtained":["Injury"]},{"damage_healed":0,"gold_gain":0,"cards_transformed":["Strike_R"],"player_choice":"Change","damage_taken":0,"max_hp_gain":0,"max_hp_loss":0,"event_name":"Living Wall","floor":3,"gold_loss":0,"cards_obtained":["Body Slam"]},{"damage_healed":0,"gold_gain":0,"player_choice":"Forge","damage_taken":0,"max_hp_gain":0,"max_hp_loss":0,"event_name":"Accursed Blacksmith","floor":8,"gold_loss":0,"cards_upgraded":["Bash"]},{"damage_healed":0,"gold_gain":99,"player_choice":"Stole From Cult","damage_taken":0,"max_hp_gain":0,"max_hp_loss":0,"event_name":"Nest","floor":20,"gold_loss":0},{"damage_healed":0,"gold_gain":0,"player_choice":"Paid Fearfully","damage_taken":0,"max_hp_gain":0,"max_hp_loss":0,"event_name":"Masked Bandits","floor":22,"gold_loss":426},{"cards_removed":["Strike_R"],"damage_healed":0,"gold_gain":0,"player_choice":"Elegance","damage_taken":0,"max_hp_gain":0,"max_hp_loss":0,"event_name":"Back to Basics","floor":29,"gold_loss":0}],"is_beta":false,"boss_relics":[{"not_picked":["Runic Dome","Black Star"],"picked":"Fusion Hammer"}],"items_purged_floors":[5],"is_endless":false,"potions_floor_spawned":[6,11,13,16,18,21,25],"killed_by":"Slavers","ascension_level":7}