{"gold_per_floor":[114,134,20,39,39,39,70,170,170,189,200,200,219,113,113,217,217,229,240,266,9,9,9,9],"floor_reached":24,"playtime":584,"items_purged":["Strike_R"],"score":290,"play_id":"ca27ef19-abc3-44ca-b889-8309399b6ceb","local_time":"20181114195337","is_ascension_mode":true,"campfire_choices":[{"data":"Spot Weakness","floor":6,"key":"SMITH"},{"data":"Iron Wave","floor":12,"key":"SMITH"},{"floor":15,"key":"REST"},{"floor":23,"key":"REST"}],"neow_cost":"PERCENT_DAMAGE","seed_source_timestamp":3588931497815,"circlet_count":0,"master_deck":["Strike_R","Strike_R+1","Strike_R","Strike_R+1","Defend_R","Defend_R","Defend_R","Defend_R","Bash","Headbutt","Iron Wave+1","Spot Weakness+1","Thunderclap","Burning Pact","Iron Wave","Offering","Dual Wield+1","Seeing Red+1","Panache","Flex"],"relics":["Burning Blood","Gambling Chip","Unceasing Top","Regal Pillow","Sozu","Red Mask"],"potions_floor_usage":[4,7],"damage_taken":[{"damage":6,"enemies":"Cultist","floor":1,"turns":3},{"damage":1,"enemies":"2 Louse","floor":2,"turns":3},{"damage":2,"enemies":"Small Slimes","floor":4,"turns":3},{"damage":25,"enemies":"3 Sentries","floor":7,"turns":7},{"damage":4,"enemies":"Red Slaver","floor":10,"turns":3},{"damage":8,"enemies":"Blue Slaver","floor":11,"turns":3},{"damage":0,"enemies":"Exordium Thugs","floor":13,"turns":3},{"damage":64,"enemies":"Slime Boss","floor":16,"turns":9},{"damage":40,"enemies":"Spheric Guardian","floor":18,"turns":6},{"damage":8,"enemies":"Chosen","floor":19,"turns":3},{"damage":32,"enemies":"Masked Bandits","floor":20,"turns":5},{"damage":61,"enemies":"Gremlin Leader","floor":24,"turns":4}],"seed_played":"-601330574397737270","potions_obtained":[{"floor":1,"key":"Energy Potion"},{"floor":4,"key":"AttackPotion"}],"is_trial":false,"path_per_floor":["M","M","$","M","?","R","E","?","T","M","M","R","M","?","R","B",null,"M","M","?","$","?","R","E"],"character_chosen":"IRONCLAD","items_purchased":["Spot Weakness","Thunderclap","Panache"],"campfire_rested":2,"item_purchase_floors":[3,3,21],"current_hp_per_floor":[67,72,72,76,57,57,38,38,38,40,38,38,44,44,87,29,79,45,43,17,17,17,60,0],"gold":9,"neow_bonus":"TWENTY_PERCENT_HP_BONUS","is_prod":false,"is_daily":false,"chose_seed":false,"campfire_upgraded":2,"win_rate":0,"timestamp":1542225217,"path_taken":["M","M","$","?","?","R","E","?","T","?","M","R","M","?","R","BOSS","M","M","?","$","?","R","E"],"build_version":"2018-11-08","purchased_purges":1,"victory":false,"max_hp_per_floor":[96,96,96,96,96,96,96,96,96,96,96,96,96,96,96,96,96,96,96,96,96,96,96,96],"card_choices":[{"not_picked":["Fire Breathing","Evolve"],"picked":"Headbutt","floor":1},{"not_picked":["Heavy Blade","Perfected Strike"],"picked":"Iron Wave","floor":2},{"not_picked":["Headbutt","Rage"],"picked":"Burning Pact","floor":4},{"not_picked":["Demon Form","Perfected Strike"],"picked":"Iron Wave","floor":7},{"not_picked":["Cleave","Wild Strike","Pommel Strike"],"picked":"SKIP","floor":10},{"not_picked":["Sentinel","Berserk","Infernal Blade"],"picked":"SKIP","floor":11},{"not_picked":["Heavy Blade","Rupture","Carnage"],"picked":"SKIP","floor":13},{"not_picked":["Fiend Fire","Impervious"],"picked":"Offering","floor":16},{"not_picked":["Bloodletting","Sentinel+1"],"picked":"Dual Wield+1","floor":18},{"not_picked":["Clothesline+1","Iron Wave","Heavy Blade"],"picked":"SKIP","floor":19},{"not_picked":["True Grit","Heavy Blade"],"picked":"Seeing Red+1","floor":20}],"player_experience":163686,"relics_obtained":[{"floor":7,"key":"Gambling Chip"},{"floor":9,"key":"Unceasing Top"},{"floor":20,"key":"Red Mask"}],"event_choices":[{"damage_healed":0,"gold_gain":0,"player_choice":"Entered Light","damage_taken":19,"max_hp_gain":0,"max_hp_loss":0,"event_name":"Shining Light","floor":5,"gold_loss":0,"cards_upgraded":["Strike_R","Strike_R"]},{"damage_healed":0,"gold_gain":100,"player_choice":"Pray","damage_taken":0,"max_hp_gain":0,"max_hp_loss":0,"event_name":"Golden Shrine","floor":8,"gold_loss":0},{"damage_healed":0,"gold_gain":0,"player_choice":"Paid Gold","damage_taken":0,"relics_obtained":["Regal Pillow"],"max_hp_gain":0,"max_hp_loss":0,"event_name":"WeMeetAgain","floor":14,"gold_loss":106},{"damage_healed":0,"gold_gain":0,"player_choice":"Fought Bandits","damage_taken":0,"max_hp_gain":0,"max_hp_loss":0,"event_name":"Masked Bandits","floor":20,"gold_loss":0},{"damage_healed":0,"gold_gain":0,"player_choice":"Read","damage_taken":0,"max_hp_gain":0,"max_hp_loss":0,"event_name":"The Library","floor":22,"gold_loss":0,"cards_obtained":["Flex"]}],"is_beta":false,"boss_relics":[{"not_picked":["Snecko Eye","Cursed Key"],"picked":"Sozu"}],"items_purged_floors":[21],"is_endless":false,"potions_floor_spawned":[1,4,20],"killed_by":"Gremlin Leader","ascension_level":7}