{"gold_per_floor":[19,0,0,0,14,14,47,18,18,45,65,65,90,47,47,47],"floor_reached":16,"playtime":280,"items_purged":[],"score":186,"play_id":"38528a71-e1a2-432d-a09c-516ae0fceec2","local_time":"20190115214022","is_ascension_mode":true,"campfire_choices":[{"data":"Jack Of All Trades","floor":6.0,"key":"SMITH"},{"data":"True Grit","floor":12.0,"key":"SMITH"},{"data":"Pommel Strike","floor":15.0,"key":"SMITH"}],"neow_cost":"NO_GOLD","seed_source_timestamp":0,"circlet_count":0,"master_deck":["AscendersBane","Strike_R","Strike_R+1","Strike_R","Strike_R","Strike_R","Defend_R","Defend_R","Defend_R","Defend_R","Bash","Jack Of All Trades+1","Trip","Shrug It Off+1","Pommel Strike","Disarm","True Grit+1","Rage","Pommel Strike+1"],"special_seed":0,"relics":["Burning Blood","Lantern","Self Forming Clay","Bag of Marbles","Omamori"],"potions_floor_usage":[],"damage_taken":[{"damage":7.0,"enemies":"Jaw Worm","floor":1.0,"turns":4.0},{"damage":2.0,"enemies":"2 Louse","floor":5.0,"turns":3.0},{"damage":36.0,"enemies":"Gremlin Nob","floor":7.0,"turns":4.0},{"damage":0.0,"enemies":"Cultist","floor":11.0,"turns":3.0},{"damage":9.0,"enemies":"Exordium Thugs","floor":14.0,"turns":5.0},{"damage":0,"enemies":"Hexaghost","floor":16,"turns":1}],"seed_played":"456458406298493538","potions_obtained":[{"floor":5.0,"key":"GamblersBrew"},{"floor":7.0,"key":"Strength Potion"}],"is_trial":false,"path_per_floor":["M","?","?","?","M","R","E","$","T","T","M","R","T","M","R","B"],"character_chosen":"IRONCLAD","items_purchased":["True Grit"],"campfire_rested":0,"item_purchase_floors":[8],"current_hp_per_floor":[67,67,44,49,53,53,23,23,23,23,29,29,29,26,26,26],"gold":47,"neow_bonus":"RANDOM_COLORLESS_2","is_prod":false,"is_daily":false,"chose_seed":false,"campfire_upgraded":3,"win_rate":0,"timestamp":1547588422,"path_taken":["M","?","?","?","M","R","E","?","T","?","?","R","?","M","R","BOSS"],"build_version":"2019-01-10","purchased_purges":0,"victory":false,"max_hp_per_floor":[75,75,75,80,80,80,80,80,80,80,80,80,80,80,80,80],"card_choices":[{"not_picked":["Entrench","Rupture"],"picked":"Shrug It Off","floor":1.0},{"not_picked":["Warcry","Intimidate"],"picked":"Pommel Strike","floor":5.0},{"not_picked":["Flex","Anger"],"picked":"Disarm","floor":7.0},{"not_picked":["Anger","Sword Boomerang"],"picked":"Rage","floor":11.0},{"not_picked":["Corruption","Anger"],"picked":"Pommel Strike","floor":14.0}],"player_experience":393505,"relics_obtained":[{"floor":7.0,"key":"Lantern"},{"floor":9.0,"key":"Self Forming Clay"},{"floor":10.0,"key":"Bag of Marbles"},{"floor":13.0,"key":"Omamori"}],"event_choices":[{"damage_healed":0.0,"max_hp_gain":0.0,"max_hp_loss":0.0,"gold_gain":0.0,"event_name":"World of Goop","player_choice":"Left Gold","floor":2.0,"gold_loss":19.0,"damage_taken":0.0},{"damage_healed":0.0,"max_hp_gain":0.0,"max_hp_loss":0.0,"gold_gain":0.0,"event_name":"Shining Light","player_choice":"Entered Light","floor":3.0,"gold_loss":0.0,"damage_taken":23.0,"cards_upgraded":["Strike_R","Shrug It Off"]},{"damage_healed":0.0,"max_hp_gain":5.0,"max_hp_loss":0.0,"gold_gain":0.0,"event_name":"Big Fish","player_choice":"Donut","floor":4.0,"gold_loss":0.0,"damage_taken":0.0}],"is_beta":false,"boss_relics":[],"items_purged_floors":[],"is_endless":false,"potions_floor_spawned":[5,7],"killed_by":"Hexaghost","ascension_level":18}