{"gold_per_floor":[118,136,32,52,52,52,69,69,69,69,85,42,62,81,81,159,159,175,100,100,21,37,37],"floor_reached":23,"playtime":505,"items_purged":["Strike_R"],"score":348,"play_id":"4a69942f-e34a-4c46-85a3-2c15f8b700b4","local_time":"20190113141433","is_ascension_mode":true,"campfire_choices":[{"data":"Flame Barrier","floor":6,"key":"SMITH"},{"data":"Spot Weakness","floor":8,"key":"SMITH"},{"data":"Shrug It Off","floor":10,"key":"SMITH"},{"data":"Disarm","floor":15,"key":"SMITH"}],"neow_cost":"NONE","seed_source_timestamp":329071052118,"circlet_count":0,"master_deck":["AscendersBane","Strike_R","Strike_R","Strike_R","Strike_R","Defend_R","Defend_R","Defend_R","Defend_R","Bash","Immolate","Spot Weakness+1","Thunderclap","Flame Barrier+1","Sword Boomerang","Shrug It Off+1","Disarm+1","Offering","Flame Barrier+1","Evolve"],"relics":["Burning Blood","Potion Belt","Mark of Pain"],"potions_floor_usage":[13,18,18,22,22,22,23],"damage_taken":[{"damage":1,"enemies":"Cultist","floor":1,"turns":3},{"damage":2,"enemies":"Jaw Worm","floor":2,"turns":3},{"damage":0,"enemies":"Small Slimes","floor":4,"turns":2},{"damage":8,"enemies":"2 Fungi Beasts","floor":7,"turns":3},{"damage":2,"enemies":"Large Slime","floor":11,"turns":4},{"damage":8,"enemies":"3 Louse","floor":13,"turns":3},{"damage":3,"enemies":"Blue Slaver","floor":14,"turns":3},{"damage":27,"enemies":"Hexaghost","floor":16,"turns":10},{"damage":12,"enemies":"Spheric Guardian","floor":18,"turns":4},{"damage":32,"enemies":"3 Byrds","floor":22,"turns":4},{"damage":57,"enemies":"Slavers","floor":23,"turns":3}],"seed_played":"-5177360823281769818","potions_obtained":[{"floor":4,"key":"Weak Potion"},{"floor":11,"key":"Fire Potion"},{"floor":13,"key":"GamblersBrew"},{"floor":14,"key":"Weak Potion"},{"floor":16,"key":"Regen Potion"},{"floor":18,"key":"EssenceOfSteel"},{"floor":22,"key":"Energy Potion"}],"is_trial":false,"path_per_floor":["M","M","$","M","?","R","M","R","T","R","M","$","M","M","R","B",null,"M","$","?","$","M","E"],"character_chosen":"IRONCLAD","items_purchased":["Flame Barrier","Sword Boomerang","Disarm","Evolve"],"campfire_rested":0,"item_purchase_floors":[3,3,12,21],"current_hp_per_floor":[73,75,75,75,75,75,73,73,73,73,75,75,73,75,75,54,70,64,64,64,64,47,0],"gold":37,"neow_bonus":"ONE_RANDOM_RARE_CARD","is_prod":false,"is_daily":false,"chose_seed":false,"campfire_upgraded":4,"win_rate":0,"timestamp":1547388873,"path_taken":["M","?","?","M","?","R","M","R","T","R","?","$","M","M","R","BOSS","M","$","?","$","?","E"],"build_version":"2019-01-10","purchased_purges":1,"victory":false,"max_hp_per_floor":[75,75,75,75,75,75,75,75,75,75,75,75,75,75,75,75,75,75,75,75,75,75,75],"card_choices":[{"not_picked":["Pommel Strike","Warcry"],"picked":"Spot Weakness","floor":1},{"not_picked":["Clash","Rampage"],"picked":"Thunderclap","floor":2},{"not_picked":["Clothesline","Twin Strike","Entrench"],"picked":"SKIP","floor":4},{"not_picked":["Entrench","Cleave"],"picked":"Shrug It Off","floor":7},{"not_picked":["Body Slam","Flex","Perfected Strike"],"picked":"SKIP","floor":11},{"not_picked":["Flex","Corruption","Perfected Strike"],"picked":"SKIP","floor":13},{"not_picked":["Body Slam","Pommel Strike","Flex"],"picked":"SKIP","floor":14},{"not_picked":["Berserk","Immolate"],"picked":"Offering","floor":16},{"not_picked":["Body Slam+1","Dual Wield","Cleave"],"picked":"SKIP","floor":18},{"not_picked":["Rage+1","Headbutt","Clash+1"],"picked":"SKIP","floor":22}],"player_experience":378759,"relics_obtained":[{"floor":9,"key":"Potion Belt"}],"event_choices":[{"damage_healed":0,"gold_gain":0,"player_choice":"Fled","damage_taken":0,"max_hp_gain":0,"max_hp_loss":0,"event_name":"Scrap Ooze","floor":5,"gold_loss":0},{"damage_healed":0,"gold_gain":0,"player_choice":"Copied","damage_taken":0,"max_hp_gain":0,"max_hp_loss":0,"event_name":"Duplicator","floor":20,"gold_loss":0,"cards_obtained":["Flame Barrier"]}],"is_beta":false,"boss_relics":[{"not_picked":["Runic Dome","Runic Cube"],"picked":"Mark of Pain"}],"items_purged_floors":[19],"is_endless":false,"potions_floor_spawned":[4,11,13,14,16,18,22],"killed_by":"Slavers","ascension_level":18}