{"gold_per_floor":[115,131,142,67,84,119,119,137,137,137,148,166,177,177],"floor_reached":14,"playtime":436,"items_purged":["Strike_B"],"score":178,"play_id":"17c033b9-edc6-4774-9bd9-83f37e6f41a6","local_time":"20181109233929","is_ascension_mode":true,"campfire_choices":[{"floor":7,"key":"REST"}],"neow_cost":"NONE","seed_source_timestamp":20280575313842,"circlet_count":0,"master_deck":["AscendersBane","Strike_B","Strike_B","Defend_B","Defend_B","Defend_B","Defend_B","Zap","Dualcast","Coolheaded","Blizzard","Conserve Battery","Coolheaded","Conserve Battery"],"relics":["Cracked Core","PreservedInsect","Singing Bowl"],"potions_floor_usage":[3,3,11,13],"damage_taken":[{"damage":1,"enemies":"Cultist","floor":1,"turns":3},{"damage":3,"enemies":"2 Louse","floor":2,"turns":3},{"damage":6,"enemies":"Small Slimes","floor":3,"turns":6},{"damage":24,"enemies":"3 Louse","floor":5,"turns":6},{"damage":27,"enemies":"Lagavulin","floor":6,"turns":10},{"damage":0,"enemies":"2 Fungi Beasts","floor":8,"turns":5},{"damage":4,"enemies":"Blue Slaver","floor":11,"turns":4},{"damage":19,"enemies":"Lots of Slimes","floor":12,"turns":7},{"damage":13,"enemies":"3 Louse","floor":13,"turns":3},{"damage":6,"enemies":"Large Slime","floor":14,"turns":2}],"seed_played":"7112436574617573498","potions_obtained":[{"floor":1,"key":"Swift Potion"},{"floor":2,"key":"Regen Potion"},{"floor":8,"key":"SkillPotion"},{"floor":10,"key":"LiquidBronze"},{"floor":11,"key":"LiquidBronze"},{"floor":12,"key":"PowerPotion"},{"floor":13,"key":"Explosive Potion"}],"is_trial":false,"path_per_floor":["M","M","M","$","M","E","R","M","T","?","M","M","M","M"],"character_chosen":"DEFECT","items_purchased":[],"campfire_rested":1,"item_purchase_floors":[],"current_hp_per_floor":[63,60,68,68,44,17,38,38,38,38,34,17,4,0],"gold":177,"neow_bonus":"REMOVE_CARD","is_prod":false,"is_daily":false,"chose_seed":false,"campfire_upgraded":0,"win_rate":0,"timestamp":1541806769,"path_taken":["M","?","?","$","M","E","R","M","T","?","M","M","?","M"],"build_version":"2018-11-08","purchased_purges":1,"victory":false,"max_hp_per_floor":[71,71,71,71,71,71,71,71,71,71,71,73,73,73],"card_choices":[{"not_picked":["BootSequence","Self Repair"],"picked":"Coolheaded","floor":1},{"not_picked":["Rip and Tear","Stack","Barrage"],"picked":"SKIP","floor":2},{"not_picked":["Leap","Double Energy"],"picked":"Blizzard","floor":3},{"not_picked":["Go for the Eyes","Compile Driver","Rip and Tear"],"picked":"SKIP","floor":5},{"not_picked":["Ball Lightning","Capacitor"],"picked":"Conserve Battery","floor":6},{"not_picked":["Doom and Gloom","Double Energy","Beam Cell"],"picked":"SKIP","floor":8},{"not_picked":["Compile Driver","Sweeping Beam"],"picked":"Coolheaded","floor":11},{"not_picked":["Blizzard","Melter","Barrage"],"picked":"Singing Bowl","floor":12},{"not_picked":["Auto Shields","Gash"],"picked":"Conserve Battery","floor":13}],"player_experience":134320,"relics_obtained":[{"floor":6,"key":"PreservedInsect"},{"floor":9,"key":"Singing Bowl"}],"event_choices":[{"damage_healed":0,"gold_gain":0,"player_choice":"Got Potions","damage_taken":0,"max_hp_gain":0,"max_hp_loss":0,"event_name":"Lab","floor":10,"gold_loss":0}],"is_beta":false,"boss_relics":[],"items_purged_floors":[4],"is_endless":false,"potions_floor_spawned":[1,2,8,11,12,13],"killed_by":"Large Slime","ascension_level":17}