{"gold_per_floor":[116,116,116,130,151,151,165,203,203,203,218,218,218,237,237,358,358,383,367,99,123,83,122,137,160,160,185,204,242,267,285,285,414,414,435,458,458,458,481,512,533,564,564,599,599,623,684,725,725,725,725,725,42,78,78],"floor_reached":55,"playtime":3935,"items_purged":["Defend_R"],"score":1219,"play_id":"9b50186b-2139-4dec-a859-901e2254f669","local_time":"20190128173134","is_ascension_mode":true,"campfire_choices":[{"data":"Metallicize","floor":6,"key":"SMITH"},{"data":"Armaments","floor":10,"key":"SMITH"},{"data":"Anger","floor":12,"key":"SMITH"},{"floor":15,"key":"REST"},{"floor":32,"key":"REST"},{"floor":45,"key":"REST"},{"floor":49,"key":"RECALL"},{"data":"Inflame","floor":52,"key":"SMITH"}],"neow_cost":"NONE","seed_source_timestamp":53256331485367,"circlet_count":0,"master_deck":["Strike_R+1","Strike_R","Defend_R","Defend_R+1","Defend_R","Bash+1","Perfected Strike+1","Rage+1","Juggernaut+1","Anger+1","Anger+1","Metallicize+1","Armaments+1","Anger","Ghostly Armor","Anger","Immolate+1","Flame Barrier","Clothesline","Battle Trance","Twin Strike","Inflame+1","Metallicize+1","Cleave","Disarm","Intimidate","Ghostly Armor+1","Shockwave","Reaper","Reaper","Iron Wave+1","Bandage Up","Ghostly Armor+1","Dual Wield","Fire Breathing+1","Havoc+1","Fire Breathing+1","Finesse"],"relics":["Astrolabe","Golden Idol","Ancient Tea Set","Strawberry","Mummified Hand","Black Star","Boot","Omamori","Thread and Needle","Kunai","Gambling Chip","Orichalcum","Runic Pyramid","Pen Nib","Whetstone","Unceasing Top","Bag of Preparation","Ornamental Fan","Darkstone Periapt","FossilizedHelix","Shuriken","Happy Flower","Pear","Ginger","Bag of Marbles","Self Forming Clay"],"potions_floor_usage":[14,18,21,23,24,24,27,28,35,44,46,54,55,55,55],"damage_taken":[{"damage":0,"enemies":"Small Slimes","floor":1,"turns":3},{"damage":2,"enemies":"Jaw Worm","floor":4,"turns":3},{"damage":0,"enemies":"Cultist","floor":5,"turns":2},{"damage":17,"enemies":"Lots of Slimes","floor":7,"turns":5},{"damage":8,"enemies":"Lagavulin","floor":8,"turns":6},{"damage":5,"enemies":"Gremlin Gang","floor":11,"turns":5},{"damage":0,"enemies":"Large Slime","floor":14,"turns":4},{"damage":17,"enemies":"Slime Boss","floor":16,"turns":9},{"damage":7,"enemies":"Spheric Guardian","floor":18,"turns":4},{"damage":11,"enemies":"2 Thieves","floor":19,"turns":4},{"damage":14,"enemies":"3 Cultists","floor":21,"turns":5},{"damage":12,"enemies":"Book of Stabbing","floor":23,"turns":4},{"damage":7,"enemies":"Centurion and Healer","floor":24,"turns":5},{"damage":0,"enemies":"Sentry and Sphere","floor":25,"turns":3},{"damage":0,"enemies":"Snecko","floor":27,"turns":3},{"damage":0,"enemies":"Chosen and Byrds","floor":28,"turns":6},{"damage":8,"enemies":"Gremlin Leader","floor":29,"turns":6},{"damage":0,"enemies":"Snake Plant","floor":30,"turns":3},{"damage":4,"enemies":"Centurion and Healer","floor":31,"turns":4},{"damage":46,"enemies":"Champ","floor":33,"turns":10},{"damage":3,"enemies":"3 Darklings","floor":35,"turns":4},{"damage":1,"enemies":"3 Shapes","floor":36,"turns":4},{"damage":0,"enemies":"Sphere and 2 Shapes","floor":39,"turns":3},{"damage":41,"enemies":"Reptomancer","floor":40,"turns":8},{"damage":0,"enemies":"4 Shapes","floor":41,"turns":5},{"damage":20,"enemies":"Giant Head","floor":42,"turns":7},{"damage":24,"enemies":"Reptomancer","floor":44,"turns":6},{"damage":19,"enemies":"Transient","floor":46,"turns":5},{"damage":21,"enemies":"2 Orb Walkers","floor":47,"turns":4},{"damage":0,"enemies":"Nemesis","floor":48,"turns":5},{"damage":42,"enemies":"Time Eater","floor":50,"turns":11},{"damage":38,"enemies":"Shield and Spear","floor":54,"turns":6},{"damage":67,"enemies":"The Heart","floor":55,"turns":6}],"seed_played":"-2073014901334019917","potions_obtained":[{"floor":4,"key":"Strength Potion"},{"floor":7,"key":"Ancient Potion"},{"floor":11,"key":"Regen Potion"},{"floor":16,"key":"Fire Potion"},{"floor":21,"key":"Dexterity Potion"},{"floor":23,"key":"Ancient Potion"},{"floor":25,"key":"AttackPotion"},{"floor":27,"key":"Regen Potion"},{"floor":31,"key":"SpeedPotion"},{"floor":33,"key":"BloodPotion"},{"floor":41,"key":"Explosive Potion"},{"floor":44,"key":"Regen Potion"},{"floor":46,"key":"Explosive Potion"},{"floor":48,"key":"Swift Potion"},{"floor":54,"key":"Block Potion"}],"is_trial":false,"path_per_floor":["M","?","?","M","M","R","M","E","T","R","M","R","?","M","R","B",null,"M","M","$","M","?","E","M","M","T","M","M","E","M","M","R","B",null,"M","M","?","?","M","E","M","E","T","E","R","M","?","E","R","B",null,"R","$","E","B"],"character_chosen":"IRONCLAD","items_purchased":["Battle Trance","Boot","Pear","AttackPotion","Ginger","Finesse"],"campfire_rested":3,"item_purchase_floors":[20,20,53,53,53,53],"current_hp_per_floor":[72,72,72,70,70,70,53,45,52,52,47,47,14,26,50,33,69,62,51,51,37,37,25,18,18,18,18,33,25,25,21,45,4,62,72,81,81,77,77,48,48,32,32,27,50,67,50,64,64,31,66,66,76,48,0],"gold":78,"neow_bonus":"BOSS_RELIC","is_prod":false,"is_daily":false,"chose_seed":false,"campfire_upgraded":4,"win_rate":0,"timestamp":1548714694,"path_taken":["M","?","?","M","M","R","M","E","T","R","M","R","?","M","R","BOSS","M","M","$","M","?","E","?","?","T","?","M","E","M","M","R","BOSS","M","M","?","?","M","E","M","E","T","E","R","M","?","E","R","BOSS","R","$","E","BOSS"],"build_version":"2019-01-23","purchased_purges":1,"victory":false,"max_hp_per_floor":[80,80,74,74,74,74,74,74,81,81,81,81,81,81,81,81,81,81,81,81,81,81,81,81,81,81,81,81,81,81,81,81,81,81,81,81,81,77,77,77,77,77,77,77,77,77,77,77,77,77,77,77,87,87,87],"card_choices":[{"not_picked":["Pommel Strike","Carnage"],"picked":"Anger","floor":1},{"not_picked":["Armaments","Cleave"],"picked":"Anger","floor":4},{"not_picked":["Warcry","Flame Barrier"],"picked":"Metallicize","floor":5},{"not_picked":["Body Slam","Blood for Blood"],"picked":"Armaments","floor":7},{"not_picked":["Clash","Dual Wield"],"picked":"Anger","floor":8},{"not_picked":["Infernal Blade","Rupture"],"picked":"Ghostly Armor","floor":11},{"not_picked":["Infernal Blade","Havoc"],"picked":"Anger","floor":14},{"not_picked":["Exhume","Bludgeon"],"picked":"Immolate","floor":16},{"not_picked":["True Grit","Wild Strike"],"picked":"Flame Barrier","floor":18},{"not_picked":["Headbutt","Sword Boomerang+1"],"picked":"Clothesline","floor":19},{"not_picked":["Clash","Perfected Strike"],"picked":"Twin Strike","floor":21},{"not_picked":["Flex","Feed"],"picked":"Inflame","floor":23},{"not_picked":["Feel No Pain","Heavy Blade+1"],"picked":"Metallicize+1","floor":24},{"not_picked":["Wild Strike","Clothesline"],"picked":"Cleave","floor":25},{"not_picked":["Havoc","Shrug It Off"],"picked":"Disarm","floor":27},{"not_picked":["Dual Wield","True Grit"],"picked":"Intimidate","floor":28},{"not_picked":["Twin Strike","Pommel Strike"],"picked":"Ghostly Armor+1","floor":29},{"not_picked":["Flex","Heavy Blade"],"picked":"Shockwave","floor":30},{"not_picked":["Warcry","Sword Boomerang"],"picked":"Reaper","floor":31},{"not_picked":["Demon Form","Brutality"],"picked":"Reaper","floor":33},{"not_picked":["Twin Strike+1","Pommel Strike+1"],"picked":"Iron Wave+1","floor":35},{"not_picked":["Combust","Infernal Blade","Headbutt"],"picked":"SKIP","floor":36},{"not_picked":["Mayhem","Thinking Ahead"],"picked":"Bandage Up","floor":37},{"not_picked":["Heavy Blade","Body Slam"],"picked":"Ghostly Armor+1","floor":39},{"not_picked":["Impervious","Second Wind+1","Hemokinesis+1"],"picked":"SKIP","floor":40},{"not_picked":["Havoc","Cleave+1"],"picked":"Dual Wield","floor":41},{"not_picked":["Flame Barrier+1","Armaments"],"picked":"Fire Breathing+1","floor":42},{"not_picked":["Sword Boomerang+1","Double Tap","Infernal Blade"],"picked":"SKIP","floor":44},{"not_picked":["Headbutt","Clothesline+1","Battle Trance"],"picked":"SKIP","floor":46},{"not_picked":["Armaments","Cleave"],"picked":"Havoc+1","floor":47},{"not_picked":["Rampage","Sever Soul"],"picked":"Fire Breathing+1","floor":48},{"not_picked":["Clothesline","Reckless Charge+1","Iron Wave+1"],"picked":"SKIP","floor":54}],"player_experience":376683,"relics_obtained":[{"floor":8,"key":"Ancient Tea Set"},{"floor":9,"key":"Strawberry"},{"floor":23,"key":"Omamori"},{"floor":23,"key":"Thread and Needle"},{"floor":26,"key":"Kunai"},{"floor":29,"key":"Gambling Chip"},{"floor":29,"key":"Orichalcum"},{"floor":40,"key":"Pen Nib"},{"floor":40,"key":"Whetstone"},{"floor":42,"key":"Unceasing Top"},{"floor":42,"key":"Bag of Preparation"},{"floor":44,"key":"Ornamental Fan"},{"floor":44,"key":"Darkstone Periapt"},{"floor":47,"key":"FossilizedHelix"},{"floor":48,"key":"Shuriken"},{"floor":48,"key":"Happy Flower"},{"floor":54,"key":"Bag of Marbles"},{"floor":54,"key":"Self Forming Clay"}],"event_choices":[{"damage_healed":0,"gold_gain":0,"player_choice":"Grow","damage_taken":0,"max_hp_gain":0,"max_hp_loss":0,"event_name":"Living Wall","floor":2,"gold_loss":0,"cards_upgraded":["Bash"]},{"damage_healed":0,"gold_gain":0,"player_choice":"Lose Max HP","damage_taken":0,"relics_obtained":["Golden Idol"],"max_hp_gain":0,"max_hp_loss":6,"event_name":"Golden Idol","floor":3,"gold_loss":0},{"damage_healed":0,"gold_gain":0,"player_choice":"Success","damage_taken":33,"relics_obtained":["Mummified Hand"],"max_hp_gain":0,"max_hp_loss":0,"event_name":"Scrap Ooze","floor":13,"gold_loss":0},{"damage_healed":0,"gold_gain":0,"player_choice":"Upgraded Two","damage_taken":0,"max_hp_gain":0,"max_hp_loss":0,"event_name":"Designer","floor":22,"gold_loss":40,"cards_upgraded":["Defend_R","Strike_R"]},{"damage_healed":0,"gold_gain":0,"player_choice":"Memory 1","damage_taken":0,"max_hp_gain":0,"max_hp_loss":0,"event_name":"SensoryStone","floor":37,"gold_loss":0},{"damage_healed":0,"gold_gain":0,"player_choice":"Max HP","damage_taken":0,"max_hp_gain":0,"max_hp_loss":4,"event_name":"Winding Halls","floor":38,"gold_loss":0},{"damage_healed":0,"gold_gain":0,"player_choice":"Fight","damage_taken":0,"max_hp_gain":0,"max_hp_loss":0,"event_name":"Mysterious Sphere","floor":47,"gold_loss":0}],"is_beta":false,"boss_relics":[{"not_picked":["Tiny House","Eternal Feather"],"picked":"Black Star"},{"not_picked":["Orrery","Empty Cage"],"picked":"Runic Pyramid"}],"items_purged_floors":[20],"is_endless":false,"potions_floor_spawned":[4,7,11,16,21,23,25,27,31,33,41,44,46,48,54],"killed_by":"The Heart","ascension_level":7}