{"gold_per_floor":[109,35,4,20,36,36,48,130,130,130,130,145,171,185,185,290,290,305,32,32,32,46,78,78,93,119,36,47,47,21,32,32,32],"floor_reached":33,"playtime":2684,"items_purged":[],"score":370,"play_id":"ba9bbf4b-7c23-431b-adde-5b359c696dcb","local_time":"20190202182216","is_ascension_mode":true,"campfire_choices":[{"data":"Feed","floor":6,"key":"SMITH"},{"data":"Bash","floor":10,"key":"SMITH"},{"floor":15,"key":"REST"},{"data":"Flame Barrier","floor":24,"key":"SMITH"},{"data":"Clothesline","floor":29,"key":"SMITH"},{"data":"Armaments","floor":32,"key":"SMITH"}],"neow_cost":"NONE","seed_source_timestamp":411692472324800,"circlet_count":0,"master_deck":["Strike_R","Strike_R","Strike_R","Strike_R","Strike_R","Defend_R","Defend_R","Defend_R","Defend_R","Bash+1","Berserk","Clothesline+1","Feed+1","Carnage","Shrug It Off","Iron Wave","Flame Barrier+1","Flex","Demon Form","Shrug It Off","Shrug It Off","Demon Form","Sword Boomerang","Pommel Strike","Power Through","Armaments+1"],"relics":["Burning Blood","Tiny Chest","Torii","PreservedInsect","Snecko Eye","Kunai","Mercury Hourglass","Ancient Tea Set","Gambling Chip"],"potions_floor_usage":[5,16,23],"damage_taken":[{"damage":23,"enemies":"Jaw Worm","floor":1,"turns":5},{"damage":8,"enemies":"2 Louse","floor":4,"turns":3},{"damage":0,"enemies":"Cultist","floor":5,"turns":3},{"damage":15,"enemies":"Large Slime","floor":7,"turns":5},{"damage":2,"enemies":"Gremlin Gang","floor":12,"turns":4},{"damage":43,"enemies":"3 Sentries","floor":13,"turns":11},{"damage":10,"enemies":"Lots of Slimes","floor":14,"turns":5},{"damage":23,"enemies":"Slime Boss","floor":16,"turns":11},{"damage":22,"enemies":"2 Thieves","floor":18,"turns":5},{"damage":8,"enemies":"Shell Parasite","floor":22,"turns":6},{"damage":40,"enemies":"Book of Stabbing","floor":23,"turns":4},{"damage":8,"enemies":"Shelled Parasite and Fungi","floor":25,"turns":3},{"damage":0,"enemies":"Snake Plant","floor":28,"turns":3},{"damage":1,"enemies":"Centurion and Healer","floor":31,"turns":5},{"damage":72,"enemies":"Collector","floor":33,"turns":5}],"seed_played":"6821127659734942763","potions_obtained":[{"floor":1,"key":"SteroidPotion"},{"floor":7,"key":"Strength Potion"},{"floor":14,"key":"Block Potion"},{"floor":22,"key":"LiquidBronze"},{"floor":31,"key":"SmokeBomb"}],"is_trial":false,"path_per_floor":["M","$","?","M","M","R","M","T","T","R","?","M","E","M","R","B",null,"M","$","?","?","M","E","R","M","T","?","M","R","$","M","R","B"],"character_chosen":"IRONCLAD","items_purchased":["Feed","Kunai","Shrug It Off","Armaments"],"campfire_rested":1,"item_purchase_floors":[2,19,19,30],"current_hp_per_floor":[63,63,63,64,73,73,68,68,68,68,68,76,43,43,73,60,106,90,90,90,90,88,54,54,56,56,56,62,62,62,71,71,0],"gold":32,"neow_bonus":"ONE_RANDOM_RARE_CARD","is_prod":false,"is_daily":false,"chose_seed":false,"campfire_upgraded":5,"win_rate":0,"timestamp":1549149736,"path_taken":["M","$","?","M","M","R","M","?","T","R","?","M","E","M","R","BOSS","M","$","?","?","?","E","R","M","T","?","?","R","?","M","R","BOSS"],"build_version":"2019-01-23","purchased_purges":0,"victory":false,"max_hp_per_floor":[80,80,80,83,86,86,90,90,90,90,90,94,98,102,102,106,106,106,106,106,106,106,106,106,110,110,110,110,110,110,114,114,114],"card_choices":[{"not_picked":["Sentinel","Headbutt"],"picked":"Clothesline","floor":1},{"not_picked":["Havoc","Fire Breathing","Twin Strike"],"picked":"SKIP","floor":4},{"not_picked":["Perfected Strike","Brutality"],"picked":"Carnage","floor":5},{"not_picked":["Cleave","Carnage"],"picked":"Shrug It Off","floor":7},{"not_picked":["Hemokinesis","Combust"],"picked":"Iron Wave","floor":12},{"not_picked":["Disarm","Perfected Strike"],"picked":"Flame Barrier","floor":13},{"not_picked":["True Grit","Feel No Pain"],"picked":"Flex","floor":14},{"not_picked":["Bludgeon","Dark Embrace"],"picked":"Demon Form","floor":16},{"not_picked":["Flex","Perfected Strike"],"picked":"Shrug It Off","floor":18},{"not_picked":["Clothesline","Wild Strike"],"picked":"Sword Boomerang","floor":22},{"not_picked":["Entrench","Hemokinesis"],"picked":"Pommel Strike","floor":23},{"not_picked":["Twin Strike+1","Rage"],"picked":"Power Through","floor":25},{"not_picked":["Burning Pact+1","Rampage","Anger"],"picked":"SKIP","floor":28},{"not_picked":["Thunderclap","Berserk","Feel No Pain"],"picked":"SKIP","floor":31},{"not_picked":["Thunderclap","Berserk","Feel No Pain"],"picked":"SKIP","floor":31}],"player_experience":86420,"relics_obtained":[{"floor":8,"key":"Tiny Chest"},{"floor":9,"key":"Torii"},{"floor":13,"key":"PreservedInsect"},{"floor":23,"key":"Mercury Hourglass"},{"floor":26,"key":"Ancient Tea Set"}],"event_choices":[{"damage_healed":0,"gold_gain":0,"player_choice":"Left Gold","damage_taken":0,"max_hp_gain":0,"max_hp_loss":0,"event_name":"World of Goop","floor":3,"gold_loss":31},{"damage_healed":0,"gold_gain":0,"player_choice":"Ignored","damage_taken":0,"max_hp_gain":0,"max_hp_loss":0,"event_name":"Liars Game","floor":11,"gold_loss":0},{"damage_healed":0,"gold_gain":0,"player_choice":"Ignored","damage_taken":0,"max_hp_gain":0,"max_hp_loss":0,"event_name":"Ghosts","floor":20,"gold_loss":0},{"damage_healed":0,"gold_gain":0,"player_choice":"Copied","damage_taken":0,"max_hp_gain":0,"max_hp_loss":0,"event_name":"Duplicator","floor":21,"gold_loss":0,"cards_obtained":["Demon Form"]},{"damage_healed":0,"gold_gain":0,"player_choice":"Paid Gold","damage_taken":0,"relics_obtained":["Gambling Chip"],"max_hp_gain":0,"max_hp_loss":0,"event_name":"WeMeetAgain","floor":27,"gold_loss":83}],"is_beta":false,"boss_relics":[{"not_picked":["Runic Pyramid","White Beast Statue"],"picked":"Snecko Eye"}],"items_purged_floors":[],"is_endless":false,"potions_floor_spawned":[1,7,14,22,31],"killed_by":"Collector","ascension_level":4}