{"gold_per_floor":[109,125,125,137,137,137,212,212,235,235,255,286,304,323,323,421,421,440,440,452,89,104,104,132,132,158,158,189,208,208],"floor_reached":30,"playtime":1876,"items_purged":[],"score":457,"play_id":"d47d6e90-3fd5-4fee-bc03-4e108a40ee22","local_time":"20190115215556","is_ascension_mode":true,"campfire_choices":[{"data":"Neutralize","floor":6,"key":"SMITH"},{"data":"Bouncing Flask","floor":8,"key":"SMITH"},{"data":"Survivor","floor":10,"key":"SMITH"},{"floor":15,"key":"REST"},{"floor":23,"key":"REST"},{"floor":25,"key":"REST"},{"data":"Night Terror","floor":27,"key":"SMITH"}],"neow_cost":"NONE","seed_source_timestamp":1225053842420955,"circlet_count":0,"master_deck":["AscendersBane","Defend_G","Defend_G","Defend_G","Defend_G","Defend_G","Strike_G","Strike_G","Strike_G","Strike_G","Survivor+1","Neutralize+1","Skewer+1","Bouncing Flask+1","Backflip","Catalyst","Bane","Night Terror+1","Adrenaline","Backflip","Dagger Spray","Corpse Explosion","Deadly Poison+1","Prepared+1"],"relics":["Ring of the Snake","PreservedInsect","Pear","Sozu","Membership Card","The Specimen","Regal Pillow","Ancient Tea Set"],"potions_floor_usage":[13,16],"damage_taken":[{"damage":0,"enemies":"2 Louse","floor":1,"turns":4},{"damage":4,"enemies":"Cultist","floor":2,"turns":4},{"damage":0,"enemies":"Small Slimes","floor":4,"turns":4},{"damage":15,"enemies":"3 Louse","floor":11,"turns":4},{"damage":14,"enemies":"Lagavulin","floor":12,"turns":5},{"damage":13,"enemies":"Gremlin Gang","floor":13,"turns":5},{"damage":7,"enemies":"2 Fungi Beasts","floor":14,"turns":4},{"damage":27,"enemies":"The Guardian","floor":16,"turns":10},{"damage":9,"enemies":"2 Thieves","floor":18,"turns":3},{"damage":0,"enemies":"Shell Parasite","floor":20,"turns":4},{"damage":41,"enemies":"Sentry and Sphere","floor":22,"turns":8},{"damage":18,"enemies":"Slavers","floor":24,"turns":2},{"damage":19,"enemies":"Book of Stabbing","floor":28,"turns":4},{"damage":27,"enemies":"Snake Plant","floor":29,"turns":4},{"damage":9,"enemies":"Shelled Parasite and Fungi","floor":30,"turns":2}],"seed_played":"-2270950602328334037","potions_obtained":[{"floor":11,"key":"FearPotion"},{"floor":12,"key":"Fire Potion"},{"floor":14,"key":"SkillPotion"},{"floor":16,"key":"SteroidPotion"}],"is_trial":false,"path_per_floor":["M","M","?","M","?","R","?","R","T","R","M","E","M","M","R","B",null,"M","?","M","$","M","R","E","R","T","R","E","M","M"],"character_chosen":"THE_SILENT","items_purchased":["Corpse Explosion","Membership Card"],"campfire_rested":3,"item_purchase_floors":[21,21],"current_hp_per_floor":[70,66,71,71,71,71,60,60,60,60,45,41,28,21,47,20,70,61,61,61,61,20,46,28,54,54,54,35,8,0],"gold":208,"neow_bonus":"TEN_PERCENT_HP_BONUS","is_prod":false,"is_daily":false,"chose_seed":false,"campfire_upgraded":4,"win_rate":0,"timestamp":1547610956,"path_taken":["M","M","?","?","?","R","?","R","T","R","M","E","M","M","R","BOSS","M","?","?","$","M","R","E","R","T","R","E","M","M"],"build_version":"2019-01-10","purchased_purges":0,"victory":false,"max_hp_per_floor":[77,77,77,77,77,77,77,77,77,77,77,87,87,87,87,87,87,87,87,87,87,87,87,87,87,87,87,87,87,87],"card_choices":[{"not_picked":["Sucker Punch","Prepared"],"picked":"Skewer","floor":1},{"not_picked":["Masterful Stab","Flechettes"],"picked":"Dodge and Roll","floor":2},{"not_picked":["Endless Agony","All Out Attack"],"picked":"Bouncing Flask","floor":4},{"not_picked":["Blade Dance","Heel Hook"],"picked":"Backflip","floor":11},{"not_picked":["Eviscerate","Sucker Punch"],"picked":"Catalyst","floor":12},{"not_picked":["Distraction","Caltrops"],"picked":"Bane","floor":13},{"not_picked":["Endless Agony","Cloak And Dagger"],"picked":"Night Terror","floor":14},{"not_picked":["Storm of Steel","Venomology"],"picked":"Adrenaline","floor":16},{"not_picked":["All Out Attack","Sucker Punch+1"],"picked":"Backflip","floor":18},{"not_picked":["Backstab","Choke"],"picked":"Dagger Spray","floor":20},{"not_picked":["Terror","Accuracy","Eviscerate"],"picked":"SKIP","floor":22},{"not_picked":["Infinite Blades","PiercingWail+1"],"picked":"Deadly Poison+1","floor":24},{"not_picked":["Outmaneuver","Eviscerate","Sucker Punch"],"picked":"SKIP","floor":28},{"not_picked":["Deadly Poison","Reflex"],"picked":"Prepared+1","floor":29}],"player_experience":474643,"relics_obtained":[{"floor":9,"key":"PreservedInsect"},{"floor":12,"key":"Pear"},{"floor":24,"key":"The Specimen"},{"floor":26,"key":"Regal Pillow"},{"floor":28,"key":"Ancient Tea Set"}],"event_choices":[{"cards_removed":["Dodge and Roll"],"damage_healed":5,"gold_gain":0,"player_choice":"Offered Common","damage_taken":0,"max_hp_gain":0,"max_hp_loss":0,"event_name":"Bonfire Elementals","floor":3,"gold_loss":0},{"cards_removed":["Dodge and Roll"],"damage_healed":5,"gold_gain":0,"player_choice":"Offered Special","damage_taken":0,"max_hp_gain":0,"max_hp_loss":0,"event_name":"Bonfire Elementals","floor":3,"gold_loss":0},{"damage_healed":0,"gold_gain":0,"player_choice":"Grow","damage_taken":0,"max_hp_gain":0,"max_hp_loss":0,"event_name":"Living Wall","floor":5,"gold_loss":0,"cards_upgraded":["Skewer"]},{"damage_healed":0,"gold_gain":75,"player_choice":"Gather Gold","damage_taken":11,"max_hp_gain":0,"max_hp_loss":0,"event_name":"World of Goop","floor":7,"gold_loss":0},{"cards_removed":["Strike_G"],"damage_healed":0,"gold_gain":0,"player_choice":"Purged","damage_taken":0,"max_hp_gain":0,"max_hp_loss":0,"event_name":"Purifier","floor":19,"gold_loss":0}],"is_beta":false,"boss_relics":[{"not_picked":["Fusion Hammer","Runic Pyramid"],"picked":"Sozu"}],"items_purged_floors":[],"is_endless":false,"potions_floor_spawned":[11,12,14,16,18,20,28],"killed_by":"Shelled Parasite and Fungi","ascension_level":12}