{"gold_per_floor":[109,59,59,59,59,59,69,69,94,11,31,31,31,65,65,65],"floor_reached":16,"playtime":274,"items_purged":[],"score":154,"play_id":"5821759e-0700-4f6a-97b5-8207023beeec","local_time":"20181130202727","is_ascension_mode":true,"campfire_choices":[{"data":"Blind","floor":6,"key":"SMITH"},{"data":"Bash","floor":12,"key":"SMITH"},{"data":"Deep Breath","floor":15,"key":"SMITH"}],"neow_cost":"NONE","seed_source_timestamp":1628605609626,"circlet_count":0,"master_deck":["AscendersBane","Strike_R","Strike_R","Strike_R+1","Strike_R","Defend_R","Defend_R","Defend_R+1","Defend_R","Bash+1","Blind+1","Battle Trance","Iron Wave","Deep Breath+1","True Grit","Intimidate+1"],"relics":["Burning Blood","Boot","FossilizedHelix","Toxic Egg 2"],"potions_floor_usage":[14],"damage_taken":[{"damage":12,"enemies":"Jaw Worm","floor":1,"turns":4},{"damage":6,"enemies":"Small Slimes","floor":7,"turns":5},{"damage":1,"enemies":"2 Louse","floor":11,"turns":3},{"damage":10,"enemies":"Gremlin Nob","floor":14,"turns":4},{"damage":58,"enemies":"Hexaghost","floor":16,"turns":11}],"seed_played":"-7381974299166902676","potions_obtained":[{"floor":1,"key":"Block Potion"}],"is_trial":false,"path_per_floor":["M","?","?","?","?","R","M","$","T","$","M","R","T","E","R","B"],"character_chosen":"IRONCLAD","items_purchased":["Deep Breath"],"campfire_rested":0,"item_purchase_floors":[10],"current_hp_per_floor":[66,66,50,50,55,55,55,55,55,55,60,60,60,56,56,0],"gold":65,"neow_bonus":"RANDOM_COLORLESS","is_prod":false,"is_daily":false,"chose_seed":false,"campfire_upgraded":3,"win_rate":0,"timestamp":1543609647,"path_taken":["M","?","?","?","?","R","?","$","T","$","M","R","?","E","R","BOSS"],"build_version":"2018-11-15","purchased_purges":0,"victory":false,"max_hp_per_floor":[80,80,80,80,85,85,85,85,85,85,85,85,85,85,85,85],"card_choices":[{"not_picked":["Body Slam","Headbutt"],"picked":"Battle Trance","floor":1},{"not_picked":["Perfected Strike","Clash"],"picked":"Iron Wave","floor":7},{"not_picked":["Clash","Havoc"],"picked":"True Grit","floor":11},{"not_picked":["Warcry","Brutality"],"picked":"Intimidate","floor":14}],"player_experience":221806,"relics_obtained":[{"floor":9,"key":"Boot"},{"floor":13,"key":"FossilizedHelix"},{"floor":14,"key":"Toxic Egg 2"}],"event_choices":[{"cards_removed":["Strike_R"],"damage_healed":0,"gold_gain":0,"player_choice":"Card Removal","damage_taken":0,"max_hp_gain":0,"max_hp_loss":0,"event_name":"The Cleric","floor":2,"gold_loss":50},{"damage_healed":0,"gold_gain":0,"player_choice":"Entered Light","damage_taken":16,"max_hp_gain":0,"max_hp_loss":0,"event_name":"Shining Light","floor":3,"gold_loss":0,"cards_upgraded":["Strike_R","Defend_R"]},{"damage_healed":0,"gold_gain":0,"player_choice":"Ignored","damage_taken":0,"max_hp_gain":0,"max_hp_loss":0,"event_name":"Liars Game","floor":4,"gold_loss":0},{"damage_healed":0,"gold_gain":0,"player_choice":"Donut","damage_taken":0,"max_hp_gain":5,"max_hp_loss":0,"event_name":"Big Fish","floor":5,"gold_loss":0}],"is_beta":false,"boss_relics":[],"items_purged_floors":[],"is_endless":false,"potions_floor_spawned":[1],"killed_by":"Hexaghost","ascension_level":12}