{"gold_per_floor":[114,131,149,74,74,74,74,105,178,193,193,237,237,262,262,392,392,378,378,27,40,40,40,71,71,71,71,87,105,123,152,152,250,250,260,260,58,70,70,70,121,136,136,136,0,0,12,24,24,24,24,24,24,50,50],"floor_reached":55,"playtime":6916,"items_purged":["Strike_G","Strike_G"],"score":799,"play_id":"27acf63f-4519-47d5-a155-2a2d18b2ab39","local_time":"20181206231317","is_ascension_mode":true,"campfire_choices":[{"data":"Neutralize","floor":6,"key":"SMITH"},{"data":"Crippling Poison","floor":13,"key":"SMITH"},{"floor":15,"key":"REST"},{"data":"Tactician","floor":23,"key":"SMITH"},{"data":"Deadly Poison","floor":25,"key":"SMITH"},{"data":"Noxious Fumes","floor":27,"key":"SMITH"},{"floor":32,"key":"REST"},{"data":"Catalyst","floor":40,"key":"SMITH"},{"data":"A Thousand Cuts","floor":44,"key":"SMITH"},{"floor":46,"key":"REST"},{"floor":49,"key":"RECALL"},{"data":"Madness","floor":52,"key":"SMITH"}],"neow_cost":"NONE","seed_source_timestamp":884699655524670,"circlet_count":0,"master_deck":["Defend_G","Defend_G","Defend_G","Defend_G","Defend_G","Strike_G","Strike_G","Survivor","Neutralize+1","Deflect","Flying Knee","Leg Sweep","Crippling Poison+1","Acrobatics","Noxious Fumes+1","Glass Knife","Blur","Tactician+1","Deadly Poison+1","Noxious Fumes","PiercingWail","Terror+1","Unload","A Thousand Cuts+1","Deadly Poison+1","Madness+1","Madness","Catalyst+1","Footwork+1","Masterful Stab+1","Blade Dance+1","Cloak And Dagger+1"],"relics":["Ring of the Snake","Bronze Scales","Omamori","Kunai","Vajra","Runic Pyramid","Nloth\u0027s Gift","Letter Opener","Lantern","Ninja Scroll","Cursed Key","TwistedFunnel","Unceasing Top","PreservedInsect","Red Mask","Gambling Chip"],"potions_floor_usage":[8,8,16,33,33,48,50,50,54],"damage_taken":[{"damage":0,"enemies":"Cultist","floor":1,"turns":4},{"damage":0,"enemies":"2 Louse","floor":2,"turns":4},{"damage":0,"enemies":"Small Slimes","floor":3,"turns":3},{"damage":31,"enemies":"Gremlin Nob","floor":8,"turns":6},{"damage":0,"enemies":"Exordium Thugs","floor":10,"turns":5},{"damage":16,"enemies":"Lagavulin","floor":12,"turns":11},{"damage":4,"enemies":"Lots of Slimes","floor":14,"turns":3},{"damage":8,"enemies":"Hexaghost","floor":16,"turns":9},{"damage":12,"enemies":"2 Thieves","floor":18,"turns":4},{"damage":0,"enemies":"3 Byrds","floor":21,"turns":2},{"damage":17,"enemies":"Book of Stabbing","floor":24,"turns":6},{"damage":2,"enemies":"Cultist and Chosen","floor":28,"turns":5},{"damage":9,"enemies":"Centurion and Healer","floor":29,"turns":7},{"damage":0,"enemies":"Shelled Parasite and Fungi","floor":30,"turns":4},{"damage":23,"enemies":"Slavers","floor":31,"turns":6},{"damage":16,"enemies":"Champ","floor":33,"turns":11},{"damage":0,"enemies":"3 Shapes","floor":35,"turns":4},{"damage":22,"enemies":"3 Darklings","floor":38,"turns":5},{"damage":21,"enemies":"2 Orb Walkers","floor":41,"turns":4},{"damage":0,"enemies":"4 Shapes","floor":42,"turns":3},{"damage":0,"enemies":"Jaw Worm Horde","floor":47,"turns":2},{"damage":0,"enemies":"Sphere and 2 Shapes","floor":48,"turns":3},{"damage":43,"enemies":"Donu and Deca","floor":50,"turns":8},{"damage":40,"enemies":"Shield and Spear","floor":54,"turns":5},{"damage":52,"enemies":"The Heart","floor":55,"turns":2}],"seed_played":"4753312932095350036","potions_obtained":[{"floor":1,"key":"FearPotion"},{"floor":2,"key":"Block Potion"},{"floor":14,"key":"SkillPotion"},{"floor":29,"key":"Poison Potion"},{"floor":31,"key":"Regen Potion"},{"floor":38,"key":"AttackPotion"},{"floor":42,"key":"Weak Potion"},{"floor":47,"key":"FearPotion"},{"floor":48,"key":"Weak Potion"}],"is_trial":false,"path_per_floor":["M","M","M","$","?","R","$","E","T","M","?","E","R","M","R","B",null,"M","?","$","M","$","R","E","R","T","R","M","M","M","E","R","B",null,"M","?","$","M","?","R","?","M","T","R","?","R","M","M","R","B",null,"R","$","E","B"],"character_chosen":"THE_SILENT","items_purchased":["Letter Opener","TwistedFunnel"],"campfire_rested":3,"item_purchase_floors":[20,37],"current_hp_per_floor":[77,77,77,77,74,74,74,43,43,43,43,27,27,23,46,38,77,65,65,65,65,65,65,48,48,48,48,46,37,37,14,37,36,77,77,67,67,45,45,45,24,24,24,24,24,47,47,47,47,4,77,77,77,37,0],"gold":50,"neow_bonus":"TEN_PERCENT_HP_BONUS","is_prod":false,"is_daily":false,"chose_seed":false,"campfire_upgraded":8,"win_rate":0,"timestamp":1544166797,"path_taken":["M","M","M","$","?","R","$","E","T","M","?","E","R","M","R","BOSS","M","?","?","M","$","R","E","R","T","R","M","M","?","E","R","BOSS","M","?","$","M","?","R","?","M","T","R","?","R","M","M","R","BOSS","R","$","E","BOSS"],"build_version":"2018-12-06","purchased_purges":2,"victory":false,"max_hp_per_floor":[77,77,77,77,77,77,77,77,77,77,77,77,77,77,77,77,77,77,77,77,77,77,77,77,77,77,77,77,77,77,77,77,77,77,77,77,77,77,77,77,77,77,77,77,77,77,77,77,77,77,77,77,77,77,77],"card_choices":[{"not_picked":["Prepared","Riddle With Holes","Sucker Punch"],"picked":"SKIP","floor":1},{"not_picked":["Dagger Throw","Reflex"],"picked":"Deflect","floor":2},{"not_picked":["Sucker Punch","Poisoned Stab"],"picked":"Flying Knee","floor":3},{"not_picked":["All Out Attack","Underhanded Strike"],"picked":"Leg Sweep","floor":8},{"not_picked":["Skewer","Quick Slash"],"picked":"Crippling Poison","floor":10},{"not_picked":["Sucker Punch","Flying Knee"],"picked":"Acrobatics","floor":12},{"not_picked":["All Out Attack","Prepared"],"picked":"Noxious Fumes","floor":14},{"not_picked":["Storm of Steel","Wraith Form v2"],"picked":"Glass Knife","floor":16},{"not_picked":["Prepared","Riddle With Holes"],"picked":"Blur","floor":18},{"not_picked":["Prepared+1","Skewer"],"picked":"Tactician","floor":21},{"not_picked":["Prepared+1","Dagger Spray+1"],"picked":"Deadly Poison","floor":24},{"not_picked":["Glass Knife","Choke+1"],"picked":"Noxious Fumes","floor":28},{"not_picked":["Bane","Tactician"],"picked":"PiercingWail","floor":29},{"not_picked":["Outmaneuver","Doppelganger"],"picked":"Terror+1","floor":30},{"not_picked":["Prepared","Dagger Spray"],"picked":"Unload","floor":31},{"not_picked":["Phantasmal Killer","Doppelganger"],"picked":"A Thousand Cuts","floor":33},{"not_picked":["Slice+1","Underhanded Strike"],"picked":"Deadly Poison+1","floor":35},{"not_picked":["Outmaneuver","Poisoned Stab"],"picked":"Catalyst","floor":38},{"not_picked":["Accuracy+1","Skewer+1"],"picked":"Footwork+1","floor":41},{"not_picked":["Bouncing Flask","Terror+1","Tactician"],"picked":"SKIP","floor":42},{"not_picked":["Sucker Punch+1","Acrobatics"],"picked":"Masterful Stab+1","floor":47},{"not_picked":["Finisher+1","Well Laid Plans+1"],"picked":"Blade Dance+1","floor":48},{"not_picked":["Envenom","Glass Knife"],"picked":"Cloak And Dagger+1","floor":54}],"player_experience":78461,"relics_obtained":[{"floor":8,"key":"Omamori"},{"floor":9,"key":"Kunai"},{"floor":12,"key":"Vajra"},{"floor":24,"key":"Lantern"},{"floor":31,"key":"Ninja Scroll"},{"floor":41,"key":"Unceasing Top"},{"floor":43,"key":"PreservedInsect"},{"floor":54,"key":"Gambling Chip"}],"event_choices":[{"damage_healed":0,"gold_gain":0,"player_choice":"Success","damage_taken":3,"relics_obtained":["Bronze Scales"],"max_hp_gain":0,"max_hp_loss":0,"event_name":"Scrap Ooze","floor":5,"gold_loss":0},{"damage_healed":0,"gold_gain":0,"player_choice":"Take Wound","damage_taken":0,"relics_obtained":["Golden Idol"],"max_hp_gain":0,"max_hp_loss":0,"event_name":"Golden Idol","floor":11,"gold_loss":0,"cards_obtained":["Injury"]},{"damage_healed":0,"gold_gain":0,"player_choice":"Traded Relic","damage_taken":0,"relics_obtained":["Nloth\u0027s Gift"],"max_hp_gain":0,"max_hp_loss":0,"event_name":"N\u0027loth","floor":19,"relics_lost":["Golden Idol"],"gold_loss":0},{"damage_healed":0,"gold_gain":0,"player_choice":"Embrace Madness","damage_taken":10,"max_hp_gain":0,"max_hp_loss":0,"event_name":"Winding Halls","floor":36,"gold_loss":0,"cards_obtained":["Madness","Madness"]},{"cards_removed":["Strike_G"],"damage_healed":0,"gold_gain":0,"player_choice":"Removed Attack","damage_taken":0,"max_hp_gain":0,"max_hp_loss":0,"event_name":"Falling","floor":39,"gold_loss":0},{"damage_healed":0,"gold_gain":0,"player_choice":"Fight","damage_taken":0,"max_hp_gain":0,"max_hp_loss":0,"event_name":"Mysterious Sphere","floor":41,"gold_loss":0},{"damage_healed":0,"gold_gain":0,"player_choice":"Paid","damage_taken":0,"relics_obtained":["Red Mask"],"max_hp_gain":0,"max_hp_loss":0,"event_name":"Tomb of Lord Red Mask","floor":45,"gold_loss":136}],"is_beta":false,"boss_relics":[{"not_picked":["Busted Crown","Black Star"],"picked":"Runic Pyramid"},{"not_picked":["Fusion Hammer","Ring of the Serpent"],"picked":"Cursed Key"}],"items_purged_floors":[4,20],"is_endless":false,"potions_floor_spawned":[1,2,14,29,31,38,42,47,48],"killed_by":"The Heart","ascension_level":3}