{"gold_per_floor":[113,113,131,144,19,46,58,92,92,102,27,27,58,8,8,8],"floor_reached":16,"playtime":367,"items_purged":["Strike_R"],"score":168,"play_id":"79a83059-e330-4917-bebb-a7f6274682d0","local_time":"20181116000552","is_ascension_mode":true,"campfire_choices":[{"data":"Body Slam","floor":12,"key":"SMITH"},{"floor":15,"key":"REST"}],"neow_cost":"NONE","seed_source_timestamp":18674557635853,"circlet_count":0,"master_deck":["Strike_R","Strike_R","Defend_R","Defend_R","Defend_R","Defend_R","Bash","Body Slam+1","Shrug It Off","Feel No Pain","True Grit","Cleave","Iron Wave"],"relics":["Burning Blood","NeowsBlessing","Dodecahedron","PreservedInsect","Pear","Dead Branch"],"potions_floor_usage":[6,6,6,6],"damage_taken":[{"damage":0,"enemies":"Small Slimes","floor":1,"turns":1},{"damage":0,"enemies":"Jaw Worm","floor":3,"turns":1},{"damage":0,"enemies":"Cultist","floor":4,"turns":1},{"damage":50,"enemies":"Gremlin Nob","floor":6,"turns":6},{"damage":10,"enemies":"3 Louse","floor":7,"turns":3},{"damage":59,"enemies":"Lagavulin","floor":8,"turns":9},{"damage":13,"enemies":"Red Slaver","floor":10,"turns":6},{"damage":7,"enemies":"3 Sentries","floor":13,"turns":7},{"damage":30,"enemies":"The Guardian","floor":16,"turns":8}],"seed_played":"-3013738621649475430","potions_obtained":[{"floor":1,"key":"Regen Potion"},{"floor":4,"key":"EntropicBrew"}],"is_trial":false,"path_per_floor":["M","?","M","M","$","E","M","E","T","M","$","R","E","?","R","B"],"character_chosen":"IRONCLAD","items_purchased":["Feel No Pain","True Grit"],"campfire_rested":1,"item_purchase_floors":[5,5],"current_hp_per_floor":[78,71,77,80,80,47,43,14,24,17,17,17,16,16,43,13],"gold":8,"neow_bonus":"THREE_ENEMY_KILL","is_prod":false,"is_daily":false,"chose_seed":false,"campfire_upgraded":1,"win_rate":0,"timestamp":1542326752,"path_taken":["M","?","M","M","$","E","M","E","T","M","$","R","E","?","R","BOSS"],"build_version":"2018-11-08","purchased_purges":1,"victory":false,"max_hp_per_floor":[80,80,80,80,80,80,80,80,90,90,90,90,90,90,90,90],"card_choices":[{"not_picked":["Seeing Red","Twin Strike"],"picked":"Body Slam","floor":1},{"not_picked":["Metallicize","Dropkick"],"picked":"Shrug It Off","floor":3},{"not_picked":["Armaments","Bloodletting","Headbutt"],"picked":"SKIP","floor":4},{"not_picked":["Double Tap","Rupture"],"picked":"Cleave","floor":6},{"not_picked":["Armaments","Warcry","Flex"],"picked":"SKIP","floor":7},{"not_picked":["Corruption","True Grit","Searing Blow"],"picked":"SKIP","floor":8},{"not_picked":["Anger","Exhume"],"picked":"Iron Wave","floor":10},{"not_picked":["Warcry","Twin Strike","Sword Boomerang"],"picked":"SKIP","floor":13}],"player_experience":173584,"relics_obtained":[{"floor":6,"key":"Dodecahedron"},{"floor":8,"key":"PreservedInsect"},{"floor":9,"key":"Pear"},{"floor":13,"key":"Dead Branch"}],"event_choices":[{"cards_removed":["Strike_R"],"damage_healed":0,"gold_gain":0,"player_choice":"Card Removal","damage_taken":7,"max_hp_gain":0,"max_hp_loss":0,"event_name":"Golden Wing","floor":2,"gold_loss":0},{"cards_removed":["Strike_R"],"damage_healed":0,"gold_gain":0,"player_choice":"Card Removal","damage_taken":0,"max_hp_gain":0,"max_hp_loss":0,"event_name":"The Cleric","floor":14,"gold_loss":50}],"is_beta":false,"boss_relics":[],"items_purged_floors":[11],"is_endless":false,"potions_floor_spawned":[1,4],"killed_by":"The Guardian","ascension_level":8}