{"gold_per_floor":[118,118,138,155,230,230,244,244,244,244,19,19,32,46,46,151,151,167,167,180,6,18,50,50,50,50,70,70,100,100,113,113,113],"floor_reached":33,"playtime":840,"items_purged":["Strike_R","Strike_R"],"score":416,"play_id":"68f73fb6-c2b5-46c6-9565-b7d55fbd2d27","local_time":"20181123192041","is_ascension_mode":true,"campfire_choices":[{"data":"Dramatic Entrance","floor":6,"key":"SMITH"},{"data":"Warcry","floor":8,"key":"SMITH"},{"data":"Limit Break","floor":15,"key":"SMITH"},{"data":"Inflame","floor":24,"key":"SMITH"},{"data":"Sword Boomerang","floor":28,"key":"SMITH"},{"data":"Battle Trance","floor":32,"key":"SMITH"}],"neow_cost":"NONE","seed_source_timestamp":4782883248337,"circlet_count":0,"master_deck":["AscendersBane","Strike_R","Strike_R","Strike_R","Defend_R","Defend_R","Defend_R","Defend_R","Bash","Reaper","Battle Trance+1","Dramatic Entrance+1","Cleave","Spot Weakness","Warcry+1","Limit Break+1","Pummel","Reaper","Inflame+1","Sword Boomerang+1","Impervious"],"relics":["Burning Blood","Busted Crown","Bag of Marbles","Calipers","Kunai"],"potions_floor_usage":[16,20,23],"damage_taken":[{"damage":12,"enemies":"2 Louse","floor":1,"turns":3},{"damage":1,"enemies":"Cultist","floor":3,"turns":3},{"damage":9,"enemies":"Jaw Worm","floor":4,"turns":3},{"damage":29,"enemies":"Large Slime","floor":7,"turns":9},{"damage":10,"enemies":"2 Fungi Beasts","floor":13,"turns":3},{"damage":21,"enemies":"Exordium Thugs","floor":14,"turns":3},{"damage":86,"enemies":"The Guardian","floor":16,"turns":10},{"damage":55,"enemies":"Shell Parasite","floor":18,"turns":11},{"damage":17,"enemies":"2 Thieves","floor":20,"turns":4},{"damage":69,"enemies":"Shelled Parasite and Fungi","floor":22,"turns":9},{"damage":42,"enemies":"Slavers","floor":23,"turns":3},{"damage":10,"enemies":"Snecko","floor":27,"turns":3},{"damage":18,"enemies":"Gremlin Leader","floor":29,"turns":3},{"damage":24,"enemies":"Snake Plant","floor":31,"turns":3},{"damage":133,"enemies":"Collector","floor":33,"turns":6}],"seed_played":"3205329402870329750","potions_obtained":[{"floor":1,"key":"SteroidPotion"},{"floor":4,"key":"EssenceOfSteel"},{"floor":7,"key":"Block Potion"},{"floor":18,"key":"EssenceOfSteel"},{"floor":22,"key":"Weak Potion"},{"floor":23,"key":"Ancient Potion"}],"is_trial":false,"path_per_floor":["M","?","M","M","?","R","M","R","T","?","$","?","M","M","R","B",null,"M","?","M","$","M","E","R","$","T","M","R","E","?","M","R","B"],"character_chosen":"IRONCLAD","items_purchased":["Limit Break","Inflame"],"campfire_rested":0,"item_purchase_floors":[11,21],"current_hp_per_floor":[74,74,79,76,65,65,68,68,68,68,68,73,71,70,70,17,68,68,68,85,85,85,84,84,84,84,81,81,79,79,71,71,0],"gold":113,"neow_bonus":"ONE_RANDOM_RARE_CARD","is_prod":false,"is_daily":false,"chose_seed":false,"campfire_upgraded":6,"win_rate":0,"timestamp":1543000841,"path_taken":["M","?","M","?","?","R","M","R","T","?","?","?","M","M","R","BOSS","M","?","M","?","M","E","R","$","T","?","R","E","?","M","R","BOSS"],"build_version":"2018-11-15","purchased_purges":2,"victory":false,"max_hp_per_floor":[80,80,80,80,80,80,80,80,80,80,80,85,85,85,85,85,85,85,85,85,85,85,85,85,85,85,85,85,85,85,85,85,85],"card_choices":[{"not_picked":["Metallicize","Headbutt"],"picked":"Battle Trance","floor":1},{"not_picked":["Clothesline","Twin Strike"],"picked":"Cleave","floor":3},{"not_picked":["Anger","Shrug It Off"],"picked":"Spot Weakness","floor":4},{"not_picked":["Perfected Strike","Entrench"],"picked":"Warcry","floor":7},{"not_picked":["Power Through","Clash"],"picked":"Pummel","floor":13},{"not_picked":["Searing Blow","Cleave","Armaments"],"picked":"SKIP","floor":14},{"not_picked":["Second Wind+1"],"picked":"SKIP","floor":18},{"not_picked":["Infernal Blade+1"],"picked":"SKIP","floor":20},{"not_picked":["Body Slam"],"picked":"SKIP","floor":22},{"not_picked":["Barricade"],"picked":"SKIP","floor":23},{"not_picked":[],"picked":"Sword Boomerang","floor":27},{"not_picked":[],"picked":"Impervious","floor":29},{"not_picked":["Sword Boomerang"],"picked":"SKIP","floor":31}],"player_experience":200352,"relics_obtained":[{"floor":23,"key":"Bag of Marbles"},{"floor":26,"key":"Calipers"},{"floor":29,"key":"Kunai"}],"event_choices":[{"damage_healed":0,"gold_gain":0,"player_choice":"1 cards matched","damage_taken":0,"max_hp_gain":0,"max_hp_loss":0,"event_name":"Match and Keep!","floor":2,"gold_loss":0,"cards_obtained":["Dramatic Entrance"]},{"damage_healed":0,"gold_gain":75,"player_choice":"Gather Gold","damage_taken":11,"max_hp_gain":0,"max_hp_loss":0,"event_name":"World of Goop","floor":5,"gold_loss":0},{"damage_healed":0,"gold_gain":0,"player_choice":"Ignored","damage_taken":0,"max_hp_gain":0,"max_hp_loss":0,"event_name":"Liars Game","floor":10,"gold_loss":0},{"damage_healed":0,"gold_gain":0,"player_choice":"Donut","damage_taken":0,"max_hp_gain":5,"max_hp_loss":0,"event_name":"Big Fish","floor":12,"gold_loss":0},{"damage_healed":0,"gold_gain":0,"player_choice":"1 cards matched","damage_taken":0,"max_hp_gain":0,"max_hp_loss":0,"event_name":"Match and Keep!","floor":19,"gold_loss":0,"cards_obtained":["Reaper"]},{"damage_healed":0,"gold_gain":0,"player_choice":"Ignored","damage_taken":0,"max_hp_gain":0,"max_hp_loss":0,"event_name":"The Mausoleum","floor":30,"gold_loss":0}],"is_beta":false,"boss_relics":[{"not_picked":["Coffee Dripper","Orrery"],"picked":"Busted Crown"}],"items_purged_floors":[11,21],"is_endless":false,"potions_floor_spawned":[1,4,7,14,18,22,23,29],"killed_by":"Collector","ascension_level":10}