{"gold_per_floor":[99,99,99,49,49,49,19,19,19,19,19,19,19,19,19,19,19,19,19,19,19,19,19,19,19,19,19,19,19,19,19,19,19,19,19,19,19,19,19,19,19,19,19,19,19,0,0,0,0,0],"floor_reached":51,"playtime":5722,"items_purged":[],"score":764,"play_id":"1e6d122d-15a4-4d5b-bdbd-d6643482d54a","local_time":"20190203175611","is_ascension_mode":true,"campfire_choices":[{"data":"Noxious Fumes","floor":6,"key":"SMITH"},{"data":"Neutralize","floor":11,"key":"SMITH"},{"data":"Neutralize","floor":15,"key":"SMITH"},{"data":"Dodge and Roll","floor":23,"key":"SMITH"},{"floor":25,"key":"REST"},{"data":"1","floor":30,"key":"LIFT"},{"data":"2","floor":32,"key":"LIFT"},{"data":"3","floor":40,"key":"LIFT"},{"data":"Bane","floor":42,"key":"SMITH"},{"floor":44,"key":"REST"},{"data":"Backflip","floor":47,"key":"SMITH"},{"data":"Bouncing Flask","floor":49,"key":"SMITH"}],"neow_cost":"NONE","seed_source_timestamp":493463229294300,"circlet_count":0,"master_deck":["Defend_G","Defend_G","Defend_G","Defend_G","Survivor+1","Neutralize+1","Noxious Fumes+1","Dagger Spray","Neutralize+1","Backflip+1","Infinite Blades","After Image","PiercingWail","Dodge and Roll+1","Poisoned Stab+1","Bite","Bite","Bite","Bite","Bite","Footwork+1","Riddle With Holes+1","Malaise","Blade Dance","PiercingWail+1","Bane+1","Dagger Spray","Bouncing Flask+1","Die Die Die"],"relics":["Ectoplasm","War Paint","Anchor","Pen Nib","Black Star","Snake Skull","Pocketwatch","Girya","Tingsha","Lizard Tail","Dodecahedron","Orichalcum","Letter Opener","Red Mask","Mango"],"potions_floor_usage":[16,16,24,24,29,38,45,50,50],"damage_taken":[{"damage":0,"enemies":"2 Louse","floor":1,"turns":4},{"damage":1,"enemies":"Cultist","floor":2,"turns":4},{"damage":0,"enemies":"Small Slimes","floor":5,"turns":2},{"damage":6,"enemies":"Looter","floor":7,"turns":3},{"damage":19,"enemies":"3 Sentries","floor":8,"turns":7},{"damage":0,"enemies":"Exordium Wildlife","floor":14,"turns":4},{"damage":21,"enemies":"Slime Boss","floor":16,"turns":8},{"damage":5,"enemies":"Shell Parasite","floor":18,"turns":7},{"damage":9,"enemies":"Chosen","floor":20,"turns":6},{"damage":15,"enemies":"Sentry and Sphere","floor":22,"turns":8},{"damage":30,"enemies":"Slavers","floor":24,"turns":6},{"damage":1,"enemies":"Centurion and Healer","floor":29,"turns":6},{"damage":11,"enemies":"Shelled Parasite and Fungi","floor":31,"turns":7},{"damage":17,"enemies":"Automaton","floor":33,"turns":10},{"damage":0,"enemies":"Orb Walker","floor":35,"turns":5},{"damage":20,"enemies":"3 Darklings","floor":38,"turns":5},{"damage":23,"enemies":"Transient","floor":39,"turns":5},{"damage":7,"enemies":"Maw","floor":41,"turns":8},{"damage":1,"enemies":"Nemesis","floor":45,"turns":9},{"damage":0,"enemies":"Mind Bloom Boss Battle","floor":48,"turns":6},{"damage":34,"enemies":"Time Eater","floor":50,"turns":9}],"seed_played":"-9072340138962303383","potions_obtained":[{"floor":1,"key":"Regen Potion"},{"floor":14,"key":"SkillPotion"},{"floor":16,"key":"Explosive Potion"},{"floor":18,"key":"SpeedPotion"},{"floor":24,"key":"Strength Potion"},{"floor":33,"key":"LiquidBronze"},{"floor":39,"key":"Swift Potion"},{"floor":41,"key":"Strength Potion"},{"floor":45,"key":"Ancient Potion"}],"is_trial":false,"path_per_floor":["M","M","?","$","M","R","M","E","T","?","R","?","$","M","R","B",null,"M","$","M","$","M","R","E","R","T","?","?","M","R","M","R","B",null,"M","?","?","M","M","R","M","R","T","R","E","?","R","?","R","B",null],"character_chosen":"THE_SILENT","items_purchased":["Backflip"],"campfire_rested":2,"item_purchase_floors":[4],"current_hp_per_floor":[70,69,69,69,69,69,63,44,44,49,49,37,37,37,37,30,75,70,70,61,61,46,46,16,38,38,38,38,51,51,52,52,47,52,52,52,49,33,20,20,27,27,27,41,49,49,49,63,63,31],"gold":0,"neow_bonus":"BOSS_RELIC","is_prod":false,"is_daily":false,"chose_seed":false,"campfire_upgraded":7,"win_rate":0,"timestamp":1549234571,"path_taken":["M","M","?","$","M","R","?","E","T","?","R","?","?","M","R","BOSS","M","$","M","?","?","R","E","R","T","?","?","M","R","M","R","BOSS","M","?","?","M","M","R","M","R","T","R","E","?","R","?","R","BOSS"],"build_version":"2019-01-23","purchased_purges":0,"victory":true,"max_hp_per_floor":[70,70,70,70,70,70,70,70,70,75,75,75,75,75,75,75,75,75,75,75,75,75,75,75,75,75,75,52,52,52,52,52,52,52,52,52,49,49,49,49,49,49,49,49,49,49,49,63,63,63],"card_choices":[{"not_picked":["Bouncing Flask","Quick Slash"],"picked":"Noxious Fumes","floor":1},{"not_picked":["Backflip","Prepared"],"picked":"Dagger Spray","floor":2},{"not_picked":["Deadly Poison","Leg Sweep"],"picked":"Infinite Blades","floor":5},{"not_picked":["Dagger Spray","Blade Dance","Tactician"],"picked":"SKIP","floor":7},{"not_picked":["Dagger Spray","Riddle With Holes","Reflex"],"picked":"SKIP","floor":8},{"not_picked":["Dagger Spray","Riddle With Holes","Reflex"],"picked":"SKIP","floor":8},{"not_picked":["Underhanded Strike","Calculated Gamble","Slice"],"picked":"SKIP","floor":14},{"not_picked":["Malaise","Die Die Die"],"picked":"After Image","floor":16},{"not_picked":["Expertise","Backflip+1"],"picked":"PiercingWail","floor":18},{"not_picked":["Slice+1","Outmaneuver","PiercingWail"],"picked":"SKIP","floor":20},{"not_picked":["Underhanded Strike","Expertise"],"picked":"Dodge and Roll","floor":22},{"not_picked":["Blade Dance+1","Dagger Spray"],"picked":"Poisoned Stab+1","floor":24},{"not_picked":["Calculated Gamble","PiercingWail"],"picked":"Footwork+1","floor":29},{"not_picked":["Quick Slash","Blade Dance"],"picked":"Riddle With Holes+1","floor":31},{"not_picked":["Bullet Time","Grand Finale"],"picked":"Malaise","floor":33},{"not_picked":["Expertise+1","Prepared+1"],"picked":"Blade Dance","floor":35},{"not_picked":["Bane+1","Sucker Punch"],"picked":"PiercingWail+1","floor":38},{"not_picked":["Blade Dance+1","Escape Plan"],"picked":"Bane","floor":39},{"not_picked":["Blade Dance+1","Underhanded Strike"],"picked":"Dagger Spray","floor":41},{"not_picked":["Quick Slash+1","Cloak And Dagger+1"],"picked":"Bouncing Flask","floor":45},{"not_picked":["Eviscerate+1","Tactician"],"picked":"Die Die Die","floor":48}],"player_experience":96184,"relics_obtained":[{"floor":8,"key":"War Paint"},{"floor":9,"key":"Anchor"},{"floor":24,"key":"Snake Skull"},{"floor":24,"key":"Pocketwatch"},{"floor":26,"key":"Girya"},{"floor":43,"key":"Dodecahedron"},{"floor":45,"key":"Orichalcum"},{"floor":45,"key":"Letter Opener"},{"floor":48,"key":"Mango"}],"event_choices":[{"damage_healed":0,"gold_gain":0,"player_choice":"1 cards matched","damage_taken":0,"max_hp_gain":0,"max_hp_loss":0,"event_name":"Match and Keep!","floor":3,"gold_loss":0,"cards_obtained":["Neutralize"]},{"damage_healed":0,"gold_gain":0,"player_choice":"Donut","damage_taken":0,"max_hp_gain":5,"max_hp_loss":0,"event_name":"Big Fish","floor":10,"gold_loss":0},{"damage_healed":0,"gold_gain":0,"player_choice":"Success","damage_taken":12,"relics_obtained":["Pen Nib"],"max_hp_gain":0,"max_hp_loss":0,"event_name":"Scrap Ooze","floor":12,"gold_loss":0},{"damage_healed":0,"gold_gain":0,"player_choice":"Opened","damage_taken":0,"relics_obtained":["Tingsha"],"max_hp_gain":0,"max_hp_loss":0,"event_name":"The Mausoleum","floor":27,"gold_loss":0},{"damage_healed":0,"gold_gain":0,"player_choice":"Became a vampire","damage_taken":0,"max_hp_gain":0,"max_hp_loss":23,"event_name":"Vampires","floor":28,"gold_loss":0,"cards_obtained":["Bite","Bite","Bite","Bite","Bite"]},{"cards_removed":["Defend_G"],"damage_healed":0,"gold_gain":0,"player_choice":"Removed Skill","damage_taken":0,"max_hp_gain":0,"max_hp_loss":0,"event_name":"Falling","floor":36,"gold_loss":0},{"damage_healed":0,"gold_gain":0,"player_choice":"Max HP","damage_taken":0,"max_hp_gain":0,"max_hp_loss":3,"event_name":"Winding Halls","floor":37,"gold_loss":0},{"damage_healed":0,"gold_gain":0,"player_choice":"Paid","damage_taken":0,"relics_obtained":["Red Mask"],"max_hp_gain":0,"max_hp_loss":0,"event_name":"Tomb of Lord Red Mask","floor":46,"gold_loss":19},{"damage_healed":0,"gold_gain":0,"player_choice":"Fight","damage_taken":0,"max_hp_gain":0,"max_hp_loss":0,"event_name":"MindBloom","floor":48,"gold_loss":0}],"is_beta":false,"boss_relics":[{"not_picked":["Velvet Choker","WristBlade"],"picked":"Black Star"},{"not_picked":["Orrery","Coffee Dripper"],"picked":"Lizard Tail"}],"items_purged_floors":[],"is_endless":false,"potions_floor_spawned":[1,14,16,18,24,33,39,41,45],"ascension_level":3}