{"gold_per_floor":[114,114,114,289,239,570,29,29,29,46,46,7,25,43,43,140,140,153,53,66,66,79,79,97,97,97,97,131,131,131],"floor_reached":30,"playtime":2442,"items_purged":["Strike_B","Strike_B"],"score":326,"play_id":"b0a5a644-a237-4694-a5b4-50df6e25ce1d","local_time":"20180821021747","is_ascension_mode":true,"campfire_choices":[{"floor":8,"key":"REST"},{"data":"Defragment","floor":11,"key":"SMITH"},{"data":"Defragment","floor":15,"key":"SMITH"},{"data":"Consume","floor":23,"key":"SMITH"},{"data":"Genetic Algorithm","floor":25,"key":"SMITH"},{"data":"Seek","floor":27,"key":"SMITH"},{"data":"Zap","floor":29,"key":"SMITH"}],"neow_cost":"NONE","seed_source_timestamp":1305027552586794,"circlet_count":0,"master_deck":["Strike_B+1","Strike_B","Defend_B","Defend_B","Defend_B+1","Defend_B","Zap+1","Dualcast","Defragment+1","Coolheaded","Melter","Steam","Barrage","Redo","Core Surge","Defragment+1","Doom and Gloom","Glacier","Loop","Genetic Algorithm+1","Tempest","Seek+1","Consume+1","Darkness+1","Cold Snap+1","Glacier+1"],"relics":["Orrery","Strawberry","Old Coin","DataDisk","Blood Vial","Pen Nib","Sozu","Anchor","Dream Catcher"],"potions_floor_usage":[16,30],"damage_taken":[{"damage":0,"enemies":"Cultist","floor":1,"turns":4},{"damage":19,"enemies":"3 Sentries","floor":6,"turns":7},{"damage":8,"enemies":"Small Slimes","floor":10,"turns":3},{"damage":1,"enemies":"2 Louse","floor":13,"turns":2},{"damage":7,"enemies":"Blue Slaver","floor":14,"turns":2},{"damage":0,"enemies":"The Guardian","floor":16,"turns":11},{"damage":0,"enemies":"Spheric Guardian","floor":18,"turns":2},{"damage":1,"enemies":"Chosen","floor":20,"turns":4},{"damage":10,"enemies":"Snecko","floor":22,"turns":4},{"damage":7,"enemies":"Centurion and Healer","floor":24,"turns":6},{"damage":6,"enemies":"Gremlin Leader","floor":28,"turns":7},{"damage":74,"enemies":"Slavers","floor":30,"turns":4}],"seed_played":"7910394828135480046","potions_obtained":[{"floor":6,"key":"Energy Potion"},{"floor":10,"key":"Poison Potion"}],"is_trial":false,"path_per_floor":["M","?","?","?","?","E","$","R","T","M","R","$","M","M","R","B",null,"M","$","M","?","M","R","M","R","T","R","E","R"],"character_chosen":"DEFECT","items_purchased":["Defragment","Doom and Gloom","DataDisk","Blood Vial","Loop"],"campfire_rested":1,"item_purchase_floors":[7,7,7,7,12],"current_hp_per_floor":[75,60,49,49,49,30,30,54,54,48,48,48,49,44,44,46,82,82,82,81,81,72,72,67,67,67,67,63,63,0],"gold":131,"neow_bonus":"BOSS_RELIC","is_prod":false,"is_daily":false,"chose_seed":false,"campfire_upgraded":6,"win_rate":0,"timestamp":1534835867,"path_taken":["M","?","?","?","?","E","$","R","T","M","R","$","?","M","R","BOSS","M","$","M","?","M","R","M","R","T","R","E","R","E"],"build_version":"2018-08-16","purchased_purges":2,"victory":false,"max_hp_per_floor":[75,75,82,82,82,82,82,82,82,82,82,82,82,82,82,82,82,82,82,82,82,82,82,82,82,82,82,82,82,82],"card_choices":[{"not_picked":["Genetic Algorithm","Turbo"],"picked":"Defragment","floor":0},{"not_picked":["Sweeping Beam","Redo"],"picked":"Coolheaded","floor":0},{"not_picked":["Undo","Hologram"],"picked":"Melter","floor":0},{"not_picked":["Gash","Reprogram"],"picked":"Steam","floor":0},{"not_picked":["Stack","Auto Shields"],"picked":"Barrage","floor":0},{"not_picked":["Machine Learning","Stack"],"picked":"Redo","floor":1},{"not_picked":["Blizzard","Amplify"],"picked":"Core Surge","floor":6},{"not_picked":["Redo","Compile Driver"],"picked":"Glacier","floor":10},{"not_picked":["Storm","Conserve Battery"],"picked":"Genetic Algorithm","floor":13},{"not_picked":["Leap","Hello World"],"picked":"Tempest","floor":14},{"not_picked":["Amplify","Buffer"],"picked":"Seek","floor":16},{"not_picked":["Steam","Steam Power"],"picked":"Consume","floor":18},{"not_picked":["Cold Snap+1","Ball Lightning"],"picked":"Darkness+1","floor":20},{"not_picked":["Rebound+1","Sweeping Beam"],"picked":"Cold Snap+1","floor":22},{"not_picked":["Steam+1","Recycle+1","Stack"],"picked":"SKIP","floor":24},{"not_picked":["Recycle+1","Cold Snap+1"],"picked":"Glacier+1","floor":28}],"player_experience":180923,"relics_obtained":[{"floor":6,"key":"Old Coin"},{"floor":9,"key":"Pen Nib"},{"floor":26,"key":"Anchor"},{"floor":28,"key":"Dream Catcher"}],"event_choices":[{"event_name":"Shining Light","player_choice":"Entered Light","floor":2,"damage_taken":0},{"event_name":"Scrap Ooze","player_choice":"success","floor":3,"damage_taken":18},{"event_name":"Liars Game","player_choice":"agreed","floor":4,"damage_taken":0},{"event_name":"The Cleric","player_choice":"Card Removal","floor":5,"damage_taken":0},{"event_name":"Ghosts","player_choice":"Ignored","floor":21,"damage_taken":0}],"is_beta":false,"boss_relics":[{"not_picked":["Snecko Eye","Astrolabe"],"picked":"Sozu"}],"items_purged_floors":[7,19],"is_endless":false,"potions_floor_spawned":[6,10,22,24,28],"killed_by":"Slavers","ascension_level":2}