{"gold_per_floor":[19,19,33,58,158,158,181,209,209,83,83,106,118,155,167,309,321,351,378,411,438,498,543,555,567,579,630,662,674,686,733,745,757],"floor_reached":33,"playtime":1737,"items_purged":[],"score":428,"play_id":"0d87f4b7-3516-440f-a39f-91c07834cf53","local_time":"20190131133447","is_ascension_mode":true,"campfire_choices":[{"data":"Bash","floor":6,"key":"SMITH"},{"floor":15,"key":"REST"},{"floor":24,"key":"REST"},{"floor":25,"key":"REST"},{"data":"Inflame","floor":29,"key":"SMITH"},{"floor":32,"key":"REST"}],"neow_cost":"NO_GOLD","seed_source_timestamp":47073361373344,"circlet_count":0,"master_deck":["Strike_R+1","Strike_R+1","Strike_R+1","Strike_R+1","Strike_R+1","Defend_R+1","Defend_R+1","Defend_R+1","Defend_R+1","Bash+1","Ghostly Armor","Clothesline","Cleave","Metallicize","Inflame+1","Shrug It Off+1","Anger","Offering","Evolve+1","Shockwave","Headbutt","True Grit","True Grit+1","Reaper","Iron Wave+1"],"relics":["Burning Blood","WingedGreaves","Golden Idol","Odd Mushroom","Ancient Tea Set","MawBank","Velvet Choker","Happy Flower","Matryoshka","Oddly Smooth Stone","Question Card","Smiling Mask","Bag of Preparation"],"potions_floor_usage":[7,14,19,23,23,28,31],"damage_taken":[{"damage":6,"enemies":"2 Louse","floor":1,"turns":4},{"damage":4,"enemies":"Cultist","floor":3,"turns":5},{"damage":1,"enemies":"Small Slimes","floor":4,"turns":4},{"damage":8,"enemies":"Blue Slaver","floor":7,"turns":5},{"damage":22,"enemies":"The Mushroom Lair","floor":8,"turns":6},{"damage":2,"enemies":"3 Louse","floor":14,"turns":4},{"damage":13,"enemies":"Slime Boss","floor":16,"turns":9},{"damage":23,"enemies":"2 Thieves","floor":18,"turns":4},{"damage":6,"enemies":"Shell Parasite","floor":19,"turns":5},{"damage":15,"enemies":"Cultist and Chosen","floor":20,"turns":7},{"damage":28,"enemies":"Centurion and Healer","floor":21,"turns":6},{"damage":28,"enemies":"Gremlin Leader","floor":23,"turns":9},{"damage":24,"enemies":"Slavers","floor":27,"turns":6},{"damage":17,"enemies":"Chosen and Byrds","floor":28,"turns":6},{"damage":8,"enemies":"Book of Stabbing","floor":31,"turns":5},{"damage":82,"enemies":"Champ","floor":33,"turns":11}],"seed_played":"896721304026537672","potions_obtained":[{"floor":1,"key":"Block Potion"},{"floor":4,"key":"Strength Potion"},{"floor":7,"key":"Block Potion"},{"floor":14,"key":"Fruit Juice"},{"floor":16,"key":"Weak Potion"},{"floor":19,"key":"Ancient Potion"},{"floor":21,"key":"FairyPotion"},{"floor":23,"key":"LiquidBronze"},{"floor":28,"key":"SteroidPotion"}],"is_trial":false,"path_per_floor":["M","?","M","M","?","R","M","?","T","$","?","T","$","M","R","B",null,"M","M","M","M","T","E","R","R","T","E","M","R","?","E","R","B"],"character_chosen":"IRONCLAD","items_purchased":["Inflame","Shrug It Off"],"campfire_rested":4,"item_purchase_floors":[10,10],"current_hp_per_floor":[72,52,54,59,59,59,57,41,41,41,25,25,25,34,59,52,77,60,60,51,29,29,7,32,57,57,39,37,37,37,35,60,0],"gold":757,"neow_bonus":"ONE_RARE_RELIC","is_prod":false,"is_daily":false,"chose_seed":false,"campfire_upgraded":2,"win_rate":0,"timestamp":1548959687,"path_taken":["M","?","M","M","?","R","?","?","T","$","?","?","?","M","R","BOSS","M","M","?","M","?","E","R","R","T","E","M","R","?","E","R","BOSS"],"build_version":"2019-01-23","purchased_purges":0,"victory":false,"max_hp_per_floor":[80,80,80,80,80,80,80,80,80,80,80,80,80,85,85,85,85,85,85,85,85,85,85,85,85,85,85,85,85,85,85,85,85],"card_choices":[{"not_picked":["Second Wind","Cleave"],"picked":"Ghostly Armor","floor":1},{"not_picked":["Wild Strike","Reckless Charge"],"picked":"Clothesline","floor":3},{"not_picked":["Dual Wield","Bloodletting","Sword Boomerang"],"picked":"SKIP","floor":4},{"not_picked":["Heavy Blade","Anger"],"picked":"Cleave","floor":7},{"not_picked":["Searing Blow","Power Through"],"picked":"Metallicize","floor":8},{"not_picked":["Iron Wave","Flex"],"picked":"Anger","floor":14},{"not_picked":["Double Tap","Impervious"],"picked":"Offering","floor":16},{"not_picked":["Sword Boomerang","Clothesline+1"],"picked":"Evolve+1","floor":18},{"not_picked":["Shrug It Off","Fire Breathing+1"],"picked":"Shockwave","floor":19},{"not_picked":["Infernal Blade","Heavy Blade"],"picked":"Headbutt","floor":20},{"not_picked":["Sword Boomerang","Corruption"],"picked":"True Grit","floor":21},{"not_picked":["Hemokinesis","Burning Pact"],"picked":"True Grit+1","floor":23},{"not_picked":["Uppercut","Burning Pact","Juggernaut"],"picked":"Reaper","floor":27},{"not_picked":["Seeing Red","Pummel+1","Twin Strike"],"picked":"Iron Wave+1","floor":28},{"not_picked":["Clothesline","Immolate","Ghostly Armor","Brutality"],"picked":"SKIP","floor":31}],"player_experience":422233,"relics_obtained":[{"floor":8,"key":"Odd Mushroom"},{"floor":9,"key":"Ancient Tea Set"},{"floor":12,"key":"MawBank"},{"floor":22,"key":"Happy Flower"},{"floor":23,"key":"Matryoshka"},{"floor":26,"key":"Oddly Smooth Stone"},{"floor":26,"key":"Question Card"},{"floor":27,"key":"Smiling Mask"},{"floor":31,"key":"Bag of Preparation"}],"event_choices":[{"damage_healed":0,"gold_gain":0,"player_choice":"Take Damage","damage_taken":20,"relics_obtained":["Golden Idol"],"max_hp_gain":0,"max_hp_loss":0,"event_name":"Golden Idol","floor":2,"gold_loss":0},{"damage_healed":0,"gold_gain":100,"player_choice":"Pray","damage_taken":0,"max_hp_gain":0,"max_hp_loss":0,"event_name":"Golden Shrine","floor":5,"gold_loss":0},{"damage_healed":0,"gold_gain":0,"player_choice":"Fought Mushrooms","damage_taken":0,"max_hp_gain":0,"max_hp_loss":0,"event_name":"Mushrooms","floor":8,"gold_loss":0},{"damage_healed":0,"gold_gain":0,"player_choice":"Entered Light","damage_taken":16,"max_hp_gain":0,"max_hp_loss":0,"event_name":"Shining Light","floor":11,"gold_loss":0,"cards_upgraded":["Strike_R","Shrug It Off"]},{"damage_healed":0,"gold_gain":0,"player_choice":"Simplicity","damage_taken":0,"max_hp_gain":0,"max_hp_loss":0,"event_name":"Back to Basics","floor":30,"gold_loss":0,"cards_upgraded":["Strike_R","Strike_R","Strike_R","Strike_R","Defend_R","Defend_R","Defend_R","Defend_R"]}],"is_beta":false,"boss_relics":[{"not_picked":["Calling Bell","White Beast Statue"],"picked":"Velvet Choker"}],"items_purged_floors":[],"is_endless":false,"potions_floor_spawned":[1,4,7,14,16,19,21,23,28],"killed_by":"Champ","ascension_level":9}