{"gold_per_floor":[109,119,131,141,216,216,491,521,521,521,421,448,479,498,498,498],"floor_reached":16,"playtime":935,"items_purged":["Regret"],"score":160,"play_id":"cb294a55-0b9d-4749-b22f-00775fd820f3","local_time":"20180922125829","is_ascension_mode":true,"campfire_choices":[{"data":"Whirlwind","floor":6,"key":"SMITH"},{"floor":10,"key":"REST"},{"data":"Spot Weakness","floor":15,"key":"SMITH"}],"neow_cost":"","seed_source_timestamp":14103521287617,"circlet_count":0,"master_deck":["Strike_R","Strike_R","Strike_R","Strike_R","Strike_R","Defend_R","Defend_R","Defend_R","Defend_R","Bash","AscendersBane","Twin Strike","Whirlwind+1","Seeing Red","Pommel Strike","Impervious","Iron Wave","Spot Weakness+1","Cleave+1","Flame Barrier"],"relics":["Burning Blood","Dodecahedron","Kunai","Odd Mushroom","Molten Egg 2"],"potions_floor_usage":[8,16,16],"damage_taken":[{"damage":4,"enemies":"2 Louse","floor":1,"turns":4},{"damage":1,"enemies":"Cultist","floor":2,"turns":4},{"damage":4,"enemies":"Jaw Worm","floor":3,"turns":4},{"damage":17,"enemies":"Looter","floor":4,"turns":4},{"damage":44,"enemies":"Lagavulin","floor":8,"turns":6},{"damage":0,"enemies":"The Mushroom Lair","floor":12,"turns":3},{"damage":25,"enemies":"3 Sentries","floor":13,"turns":6},{"damage":6,"enemies":"Blue Slaver","floor":14,"turns":4},{"damage":34,"enemies":"Hexaghost","floor":16,"turns":10}],"seed_played":"6769294177446064480","potions_obtained":[{"floor":3,"key":"Energy Potion"},{"floor":8,"key":"SpeedPotion"},{"floor":12,"key":"EssenceOfSteel"},{"floor":14,"key":"Dexterity Potion"}],"is_trial":false,"path_per_floor":["M","M","M","M","?","R","?","E","T","R","$","?","?","M","R"],"character_chosen":"IRONCLAD","items_purchased":["Iron Wave"],"campfire_rested":1,"item_purchase_floors":[11],"current_hp_per_floor":[74,79,80,69,58,58,58,20,20,44,44,50,31,31,31,0],"gold":498,"neow_bonus":"","is_prod":false,"is_daily":false,"chose_seed":false,"campfire_upgraded":2,"win_rate":0,"timestamp":1537639109,"path_taken":["M","M","M","M","?","R","?","E","T","R","$","?","?","?","R","BOSS"],"build_version":"2018-09-20","purchased_purges":1,"victory":false,"max_hp_per_floor":[80,80,80,80,80,80,80,80,80,80,80,80,80,80,80,80],"card_choices":[{"not_picked":["Sentinel","Thunderclap"],"picked":"Twin Strike","floor":1},{"not_picked":["Cleave","True Grit"],"picked":"Whirlwind","floor":2},{"not_picked":["Bloodletting","Flex"],"picked":"Seeing Red","floor":3},{"not_picked":["Burning Pact","Wild Strike"],"picked":"Pommel Strike","floor":4},{"not_picked":["Dropkick","Twin Strike"],"picked":"Impervious","floor":8},{"not_picked":["Power Through","Pommel Strike"],"picked":"Spot Weakness","floor":12},{"not_picked":["Havoc","Combust"],"picked":"Cleave","floor":13},{"not_picked":["Body Slam+1","Corruption"],"picked":"Flame Barrier","floor":14}],"player_experience":352756,"relics_obtained":[{"floor":8,"key":"Dodecahedron"},{"floor":9,"key":"Kunai"},{"floor":12,"key":"Odd Mushroom"},{"floor":13,"key":"Molten Egg 2"}],"event_choices":[{"event_name":"World of Goop","player_choice":"Gather Gold","floor":5,"damage_taken":0},{"event_name":"Golden Shrine","player_choice":"Desecrate","floor":7,"damage_taken":0},{"event_name":"Mushrooms","player_choice":"Fought Mushrooms","floor":12,"damage_taken":0},{"event_name":"Dead Adventurer","player_choice":"Searched \u00272\u0027 times","floor":13,"damage_taken":0}],"is_beta":false,"boss_relics":[],"items_purged_floors":[11],"is_endless":false,"potions_floor_spawned":[3,8,12,14],"killed_by":"Hexaghost","ascension_level":12}