{"gold_per_floor":[117,95,95,105,115,115,144,144,144,144,21,38,38,57,57,157,157,142,42,0,0,14,14,32,32,100,129,147,147,161,191,191,292,342,355,355,355,366,380,406,419,419,445,463,338,351,361,75,75,75],"floor_reached":50,"playtime":1809,"items_purged":["Strike_R","Strike_R","Strike_R","Bash"],"score":589,"play_id":"bd9a21f9-ba5a-483f-9378-28b536558e00","local_time":"20181119215934","is_ascension_mode":false,"campfire_choices":[{"data":"Body Slam","floor":6.0,"key":"SMITH"},{"data":"Iron Wave","floor":10.0,"key":"SMITH"},{"data":"True Grit","floor":13.0,"key":"SMITH"},{"data":"Clothesline","floor":15.0,"key":"SMITH"},{"data":"Shrug It Off","floor":23.0,"key":"SMITH"},{"data":"Body Slam","floor":32.0,"key":"SMITH"},{"data":"Feel No Pain","floor":42.0,"key":"SMITH"},{"data":"Discovery","floor":49.0,"key":"SMITH"}],"neow_cost":"NONE","seed_source_timestamp":0,"circlet_count":0,"master_deck":["Defend_R","Defend_R","Defend_R+1","Defend_R","Clothesline+1","Iron Wave+1","Body Slam+1","True Grit+1","Shrug It Off+1","Feed","Feel No Pain+1","Battle Trance","Shrug It Off","Disarm+1","Pommel Strike+1","Body Slam+1","Inflame+1","Pummel+1","Shockwave+1","Shrug It Off","Impervious","Feel No Pain+1","Shrug It Off","Discovery+1"],"special_seed":0,"relics":["Burning Blood","Bronze Scales","Kunai","Singing Bowl","Sozu","Paper Frog","Meat on the Bone","Tiny House","Bottled Flame","Mummified Hand","Bag of Marbles"],"potions_floor_usage":[],"damage_taken":[{"damage":1.0,"enemies":"2 Louse","floor":1.0,"turns":4.0},{"damage":0.0,"enemies":"Cultist","floor":4.0,"turns":3.0},{"damage":2.0,"enemies":"Small Slimes","floor":5.0,"turns":4.0},{"damage":34.0,"enemies":"Lagavulin","floor":7.0,"turns":7.0},{"damage":0.0,"enemies":"Exordium Wildlife","floor":12.0,"turns":2.0},{"damage":0.0,"enemies":"Exordium Thugs","floor":14.0,"turns":4.0},{"damage":35.0,"enemies":"Hexaghost","floor":16.0,"turns":14.0},{"damage":5.0,"enemies":"2 Thieves","floor":18.0,"turns":4.0},{"damage":0.0,"enemies":"Chosen","floor":22.0,"turns":4.0},{"damage":13.0,"enemies":"Snecko","floor":24.0,"turns":7.0},{"damage":12.0,"enemies":"Slavers","floor":27.0,"turns":5.0},{"damage":0.0,"enemies":"Snake Plant","floor":28.0,"turns":3.0},{"damage":1.0,"enemies":"Shelled Parasite and Fungi","floor":30.0,"turns":4.0},{"damage":28.0,"enemies":"Gremlin Leader","floor":31.0,"turns":8.0},{"damage":40.0,"enemies":"Collector","floor":33.0,"turns":11.0},{"damage":0.0,"enemies":"3 Shapes","floor":35.0,"turns":5.0},{"damage":12.0,"enemies":"3 Darklings","floor":38.0,"turns":6.0},{"damage":10.0,"enemies":"4 Shapes","floor":39.0,"turns":6.0},{"damage":49.0,"enemies":"Nemesis","floor":40.0,"turns":11.0},{"damage":0.0,"enemies":"Sphere and 2 Shapes","floor":41.0,"turns":5.0},{"damage":10.0,"enemies":"Spire Growth","floor":44.0,"turns":4.0},{"damage":6.0,"enemies":"Writhing Mass","floor":46.0,"turns":5.0},{"damage":0.0,"enemies":"Transient","floor":47.0,"turns":5.0},{"damage":19,"enemies":"Time Eater","floor":50,"turns":11}],"seed_played":"2478846508241049910","potions_obtained":[{"floor":1.0,"key":"Strength Potion"},{"floor":14.0,"key":"Weak Potion"},{"floor":16.0,"key":"Swift Potion"}],"is_trial":false,"path_per_floor":["M","$","?","M","M","R","E","?","T","R","$","M","R","M","R","B",null,"M","$","?","?","M","R","M","?","T","E","M","?","M","E","R","B",null,"M","T","?","M","M","E","M","R","T","M","$","M","M","$","R","B"],"character_chosen":"IRONCLAD","items_purchased":["Iron Wave","True Grit","Shrug It Off","Discovery"],"campfire_rested":0,"item_purchase_floors":[2,11,48,48],"current_hp_per_floor":[80,80,80,80,80,80,52,52,52,52,52,60,60,66,66,37,82,85,85,85,85,88,88,86,86,86,83,92,92,100,81,81,61,114,117,117,119,116,115,72,83,83,83,81,81,86,92,92,92,73],"gold":75,"neow_bonus":"RANDOM_COMMON_RELIC","is_prod":false,"is_daily":false,"chose_seed":false,"campfire_upgraded":8,"win_rate":0,"timestamp":1542664774,"path_taken":["M","$","?","?","M","R","E","?","T","R","?","M","R","M","R","BOSS","M","$","?","?","M","R","?","?","T","E","M","?","M","E","R","BOSS","M","?","?","M","M","E","M","R","T","M","$","M","M","$","R","BOSS"],"build_version":"2018-11-15","purchased_purges":4,"victory":false,"max_hp_per_floor":[80,80,80,80,80,80,80,80,80,80,80,82,82,82,82,82,82,85,85,85,85,88,88,93,93,93,96,99,99,102,105,105,107,114,117,117,119,122,125,125,130,130,130,132,132,137,137,137,137,137],"card_choices":[{"not_picked":["Sentinel","Clash"],"picked":"Clothesline","floor":1.0},{"not_picked":["Pommel Strike","Ghostly Armor"],"picked":"Body Slam","floor":4.0},{"not_picked":["Clash","Heavy Blade","Flex"],"picked":"SKIP","floor":5.0},{"not_picked":["Rupture","Warcry","Perfected Strike"],"picked":"SKIP","floor":7.0},{"not_picked":["Wild Strike","Clothesline","Havoc"],"picked":"Singing Bowl","floor":12.0},{"not_picked":["Clothesline","Corruption"],"picked":"Shrug It Off","floor":14.0},{"not_picked":["Reaper","Berserk"],"picked":"Feed","floor":16.0},{"not_picked":["Hemokinesis+1","Infernal Blade+1"],"picked":"Feel No Pain","floor":18.0},{"not_picked":["Reckless Charge+1","Perfected Strike+1"],"picked":"Battle Trance","floor":22.0},{"not_picked":["Pummel+1","Feel No Pain","Cleave"],"picked":"Singing Bowl","floor":24.0},{"not_picked":["Bloodletting","Sentinel"],"picked":"Disarm+1","floor":27.0},{"not_picked":["Infernal Blade+1","Ghostly Armor+1"],"picked":"Pommel Strike+1","floor":28.0},{"not_picked":["Iron Wave","Armaments"],"picked":"Body Slam","floor":30.0},{"not_picked":["Headbutt","Intimidate"],"picked":"Inflame+1","floor":31.0},{"not_picked":["Exhume","Berserk","Juggernaut"],"picked":"Singing Bowl","floor":33.0},{"not_picked":["Iron Wave","Intimidate","Perfected Strike+1"],"picked":"Singing Bowl","floor":34.0},{"not_picked":["Warcry+1","Havoc+1"],"picked":"Pummel+1","floor":35.0},{"not_picked":["Panacea","Transmutation","Panache"],"picked":"Singing Bowl","floor":37.0},{"not_picked":["Sword Boomerang+1","Hemokinesis"],"picked":"Shockwave+1","floor":38.0},{"not_picked":["Havoc","Armaments"],"picked":"Shrug It Off","floor":39.0},{"not_picked":["Thunderclap+1","Blood for Blood+1"],"picked":"Impervious","floor":40.0},{"not_picked":["Bloodletting","Spot Weakness","Ghostly Armor"],"picked":"Singing Bowl","floor":41.0},{"not_picked":["Headbutt+1","Second Wind+1","Armaments"],"picked":"Singing Bowl","floor":44.0},{"not_picked":["Battle Trance+1","Blood for Blood","Uppercut"],"picked":"Singing Bowl","floor":46.0},{"not_picked":["Ghostly Armor+1","Disarm"],"picked":"Feel No Pain+1","floor":47.0}],"player_experience":191922,"relics_obtained":[{"floor":7.0,"key":"Kunai"},{"floor":9.0,"key":"Singing Bowl"},{"floor":27.0,"key":"Paper Frog"},{"floor":31.0,"key":"Meat on the Bone"},{"floor":36.0,"key":"Bottled Flame"},{"floor":40.0,"key":"Mummified Hand"},{"floor":43.0,"key":"Bag of Marbles"}],"event_choices":[{"cards_removed":["Strike_R"],"damage_healed":0.0,"max_hp_gain":0.0,"max_hp_loss":0.0,"gold_gain":0.0,"event_name":"Purifier","player_choice":"Purged","floor":3.0,"gold_loss":0.0,"damage_taken":0.0},{"cards_removed":["Strike_R"],"damage_healed":0.0,"max_hp_gain":0.0,"max_hp_loss":0.0,"gold_gain":0.0,"event_name":"Living Wall","player_choice":"Forget","floor":8.0,"gold_loss":0.0,"damage_taken":0.0},{"damage_healed":0.0,"max_hp_gain":0.0,"max_hp_loss":0.0,"gold_gain":0.0,"event_name":"Masked Bandits","player_choice":"Paid Fearfully","floor":20.0,"gold_loss":42.0,"damage_taken":0.0},{"damage_healed":0.0,"max_hp_gain":0.0,"max_hp_loss":0.0,"gold_gain":0.0,"event_name":"Lab","player_choice":"Got Potions","floor":21.0,"gold_loss":0.0,"damage_taken":0.0},{"damage_healed":0.0,"max_hp_gain":0.0,"max_hp_loss":0.0,"gold_gain":0.0,"event_name":"The Library","player_choice":"Read","floor":25.0,"gold_loss":0.0,"damage_taken":0.0,"cards_obtained":["Shrug It Off"]},{"damage_healed":0.0,"max_hp_gain":0.0,"max_hp_loss":0.0,"gold_gain":0.0,"event_name":"The Woman in Blue","player_choice":"Bought 0 Potions","floor":29.0,"gold_loss":0.0,"damage_taken":0.0},{"damage_healed":0.0,"max_hp_gain":0.0,"max_hp_loss":0.0,"gold_gain":0.0,"event_name":"SensoryStone","player_choice":"Memory 1","floor":37.0,"gold_loss":0.0,"damage_taken":0.0}],"is_beta":false,"boss_relics":[{"not_picked":["Orrery","Cursed Key"],"picked":"Sozu"},{"not_picked":["Black Star","Lizard Tail"],"picked":"Tiny House"}],"items_purged_floors":[11,19,45,48],"is_endless":false,"potions_floor_spawned":[1,14,16,24,30,31,41,44],"killed_by":"Time Eater","ascension_level":0}