{"gold_per_floor":[111,111,126,6,24,58,18,18,67,67,18,32,49,66,66,168,168,178,0,0,99,99,127,127,184,234,259,269,219,219,236,236,331,381,392,392,392,392,392],"floor_reached":40,"playtime":1094,"items_purged":["Strike_G","Strike_G","Defend_G"],"score":905,"play_id":"1c95c675-d359-4eb4-abae-ef62fc9358a0","local_time":"20181122003349","is_ascension_mode":true,"campfire_choices":[{"floor":8,"key":"REST"},{"floor":10,"key":"REST"},{"data":"Poisoned Stab","floor":15,"key":"SMITH"},{"data":"Neutralize","floor":24,"key":"SMITH"},{"floor":30,"key":"REST"},{"data":"Poisoned Stab","floor":32,"key":"SMITH"}],"neow_cost":"PERCENT_DAMAGE","seed_source_timestamp":20874439019545,"circlet_count":0,"master_deck":["Defend_G+1","Defend_G+1","Defend_G+1","Defend_G+1","Survivor+1","Neutralize+1","Deadly Poison+1","Deadly Poison+1","Poisoned Stab+1","Leg Sweep+1","Deadly Poison+1","Poisoned Stab+1","Noxious Fumes+1","Deadly Poison+1","PiercingWail+1","Well Laid Plans+1","Noxious Fumes+1","PiercingWail+1","Bouncing Flask+1","Corpse Explosion+1","Sadistic Nature+1","Panacea+1"],"relics":["Ring of the Snake","Orichalcum","Snake Skull","Velvet Choker","Ancient Tea Set","Tiny Chest","Centennial Puzzle","Smiling Mask","Tiny House","Mark of the Bloom"],"potions_floor_usage":[6,14,25,25,39],"damage_taken":[{"damage":7,"enemies":"2 Louse","floor":1,"turns":7},{"damage":0,"enemies":"Cultist","floor":3,"turns":4},{"damage":0,"enemies":"Jaw Worm","floor":5,"turns":4},{"damage":26,"enemies":"3 Sentries","floor":6,"turns":12},{"damage":6,"enemies":"2 Fungi Beasts","floor":12,"turns":5},{"damage":3,"enemies":"Blue Slaver","floor":13,"turns":3},{"damage":0,"enemies":"3 Louse","floor":14,"turns":3},{"damage":6,"enemies":"The Guardian","floor":16,"turns":7},{"damage":0,"enemies":"Spheric Guardian","floor":18,"turns":3},{"damage":15,"enemies":"Book of Stabbing","floor":23,"turns":5},{"damage":14,"enemies":"Slavers","floor":25,"turns":5},{"damage":9,"enemies":"Book of Stabbing","floor":27,"turns":5},{"damage":0,"enemies":"2 Thieves","floor":28,"turns":4},{"damage":9,"enemies":"Snake Plant","floor":31,"turns":3},{"damage":28,"enemies":"Automaton","floor":33,"turns":6},{"damage":7,"enemies":"3 Shapes","floor":35,"turns":5},{"damage":24,"enemies":"Time Eater","floor":39,"turns":10}],"seed_played":"8114328620345446304","potions_obtained":[{"floor":1,"key":"Swift Potion"},{"floor":3,"key":"SpeedPotion"},{"floor":14,"key":"Explosive Potion"},{"floor":18,"key":"Fire Potion"},{"floor":31,"key":"GhostInAJar"},{"floor":33,"key":"SteroidPotion"},{"floor":34,"key":"FearPotion"}],"is_trial":false,"path_per_floor":["M","?","M","$","M","E","?","R","T","R","$","M","M","M","R","B",null,"M","$","?","?","T","E","R","E","T","E","M","$","R","M","R","B",null,"M","?","?","?","B",null],"character_chosen":"THE_SILENT","items_purchased":["Poisoned Stab","Poisoned Stab","Well Laid Plans"],"campfire_rested":3,"item_purchase_floors":[4,11,19],"current_hp_per_floor":[38,38,38,38,38,12,12,33,33,54,54,48,45,45,45,39,62,62,62,62,62,62,47,47,33,33,24,24,24,45,36,36,8,60,53,43,43,43,19],"gold":392,"neow_bonus":"REMOVE_TWO","is_prod":false,"is_daily":false,"chose_seed":false,"campfire_upgraded":3,"win_rate":0,"timestamp":1542846829,"path_taken":["M","?","M","$","?","E","?","R","T","R","$","M","M","M","R","BOSS","M","$","?","?","?","E","R","E","T","E","M","?","R","M","R","BOSS","M","?","?","?","BOSS"],"build_version":"2018-11-15","purchased_purges":3,"victory":true,"max_hp_per_floor":[70,70,70,70,70,70,70,70,70,70,70,70,70,70,70,70,70,70,70,70,70,70,70,70,70,70,70,70,70,70,70,70,70,75,75,75,75,75,75],"card_choices":[{"not_picked":["Terror","Quick Slash"],"picked":"Deadly Poison","floor":1},{"not_picked":["Blade Dance","Dagger Spray"],"picked":"Deadly Poison","floor":3},{"not_picked":["Acrobatics","Accuracy"],"picked":"Leg Sweep","floor":5},{"not_picked":["Sucker Punch","Slice"],"picked":"Deadly Poison","floor":6},{"not_picked":["Blade Dance","Poisoned Stab"],"picked":"Noxious Fumes","floor":12},{"not_picked":["Distraction","Dagger Throw"],"picked":"Deadly Poison","floor":13},{"not_picked":["All Out Attack","Blur","Outmaneuver"],"picked":"SKIP","floor":14},{"not_picked":["Poisoned Stab+1","Sucker Punch"],"picked":"PiercingWail","floor":18},{"not_picked":["Doppelganger","Dagger Throw+1"],"picked":"Noxious Fumes+1","floor":23},{"not_picked":["Underhanded Strike","Dodge and Roll","Outmaneuver"],"picked":"SKIP","floor":25},{"not_picked":["Blade Dance","Acrobatics","Cloak And Dagger"],"picked":"SKIP","floor":27},{"not_picked":["Heel Hook","Quick Slash"],"picked":"PiercingWail","floor":28},{"not_picked":["Backflip","Dash"],"picked":"Bouncing Flask+1","floor":31},{"not_picked":["Storm of Steel","Bullet Time"],"picked":"Corpse Explosion","floor":33},{"not_picked":["Leg Sweep","Choke+1","Dagger Throw"],"picked":"SKIP","floor":35},{"not_picked":["Discovery","Transmutation"],"picked":"Sadistic Nature","floor":36},{"not_picked":["Discovery","Flash of Steel"],"picked":"Panacea","floor":36}],"player_experience":198459,"relics_obtained":[{"floor":6,"key":"Orichalcum"},{"floor":9,"key":"Snake Skull"},{"floor":23,"key":"Ancient Tea Set"},{"floor":25,"key":"Tiny Chest"},{"floor":26,"key":"Centennial Puzzle"},{"floor":27,"key":"Smiling Mask"}],"event_choices":[{"cards_removed":["Strike_G"],"damage_healed":0,"gold_gain":0,"player_choice":"Offered Basic","damage_taken":0,"max_hp_gain":0,"max_hp_loss":0,"event_name":"Bonfire Elementals","floor":2,"gold_loss":0},{"damage_healed":0,"gold_gain":0,"player_choice":"Left Gold","damage_taken":0,"max_hp_gain":0,"max_hp_loss":0,"event_name":"World of Goop","floor":7,"gold_loss":40},{"damage_healed":0,"gold_gain":0,"player_choice":"Ignored","damage_taken":0,"max_hp_gain":0,"max_hp_loss":0,"event_name":"Beggar","floor":20,"gold_loss":0},{"damage_healed":0,"gold_gain":99,"player_choice":"Stole From Cult","damage_taken":0,"max_hp_gain":0,"max_hp_loss":0,"event_name":"Nest","floor":21,"gold_loss":0},{"damage_healed":0,"gold_gain":0,"player_choice":"Memory 3","damage_taken":10,"max_hp_gain":0,"max_hp_loss":0,"event_name":"SensoryStone","floor":36,"gold_loss":0},{"damage_healed":0,"gold_gain":0,"player_choice":"Upgrade","damage_taken":0,"relics_obtained":["Mark of the Bloom"],"max_hp_gain":0,"max_hp_loss":0,"event_name":"MindBloom","floor":37,"gold_loss":0,"cards_upgraded":["Defend_G","Defend_G","Defend_G","Defend_G","Survivor","Deadly Poison","Deadly Poison","Leg Sweep","Deadly Poison","Noxious Fumes","Deadly Poison","PiercingWail","PiercingWail","Corpse Explosion","Sadistic Nature","Panacea"]},{"damage_healed":0,"gold_gain":0,"player_choice":"Took Portal","damage_taken":0,"max_hp_gain":0,"max_hp_loss":0,"event_name":"SecretPortal","floor":38,"gold_loss":0}],"is_beta":false,"boss_relics":[{"not_picked":["HoveringKite","Coffee Dripper"],"picked":"Velvet Choker"},{"not_picked":["Fusion Hammer","Lizard Tail"],"picked":"Tiny House"}],"items_purged_floors":[4,19,29],"is_endless":false,"potions_floor_spawned":[1,3,14,18,31,33],"ascension_level":7}