{"gold_per_floor":[16,16,16,16,16,45,45,71,71,71,88,88,104,55,55,134,134,152,60,60,26,26,26,43,59,83,0,28,38,38,38,38,117,117,127,127,22,22,40,74,85,85,159,159,159,159],"floor_reached":46,"playtime":1430,"items_purged":[],"score":776,"play_id":"0e27defe-0263-4570-8723-724da9f7e1e5","local_time":"20181223200612","is_ascension_mode":true,"campfire_choices":[{"data":"Neutralize","floor":7,"key":"SMITH"},{"data":"Cloak And Dagger","floor":10,"key":"SMITH"},{"floor":15,"key":"REST"},{"data":"Accuracy","floor":23,"key":"SMITH"},{"floor":30,"key":"REST"},{"floor":32,"key":"REST"},{"floor":42,"key":"REST"}],"neow_cost":"NO_GOLD","seed_source_timestamp":1006664589755,"circlet_count":0,"master_deck":["AscendersBane","Defend_G","Defend_G","Defend_G","Defend_G","Defend_G","Strike_G","Strike_G","Strike_G","Strike_G","Strike_G","Survivor","Neutralize+1","Cloak And Dagger+1","Well Laid Plans","Cloak And Dagger+1","Backflip","Accuracy+1","Adrenaline","Prepared+1","Deflect","Accuracy","Infinite Blades","PiercingWail","Leg Sweep","Decay","Burst","Footwork","Terror"],"relics":["Ring of the Snake","Du-Vu Doll","Strawberry","Bottled Flame","Tingsha","Busted Crown","Vajra","Centennial Puzzle","WristBlade","PreservedInsect","Dodecahedron","Meat on the Bone"],"potions_floor_usage":[8,16,17,28,46],"damage_taken":[{"damage":0,"enemies":"2 Louse","floor":1,"turns":3},{"damage":32,"enemies":"3 Sentries","floor":6,"turns":12},{"damage":13,"enemies":"Lagavulin","floor":8,"turns":9},{"damage":0,"enemies":"Jaw Worm","floor":11,"turns":3},{"damage":0,"enemies":"Small Slimes","floor":13,"turns":3},{"damage":31,"enemies":"Slime Boss","floor":16,"turns":12},{"damage":6,"enemies":"Spheric Guardian","floor":18,"turns":4},{"damage":13,"enemies":"Colosseum Slavers","floor":22,"turns":5},{"damage":0,"enemies":"Chosen","floor":24,"turns":4},{"damage":8,"enemies":"Sentry and Sphere","floor":25,"turns":4},{"damage":2,"enemies":"Book of Stabbing","floor":28,"turns":5},{"damage":9,"enemies":"Snake Plant","floor":29,"turns":4},{"damage":43,"enemies":"Champ","floor":33,"turns":15},{"damage":1,"enemies":"Orb Walker","floor":35,"turns":4},{"damage":27,"enemies":"3 Darklings","floor":39,"turns":6},{"damage":12,"enemies":"Giant Head","floor":40,"turns":6},{"damage":19,"enemies":"Spire Growth","floor":41,"turns":5},{"damage":35,"enemies":"Transient","floor":46,"turns":5}],"seed_played":"-4254747696941453682","potions_obtained":[{"floor":6,"key":"Dexterity Potion"},{"floor":13,"key":"Strength Potion"},{"floor":16,"key":"Fruit Juice"},{"floor":24,"key":"GamblersBrew"},{"floor":25,"key":"Strength Potion"},{"floor":35,"key":"Poison Potion"}],"is_trial":false,"path_per_floor":["M","?","?","?","$","E","R","E","T","R","M","?","M","?","R","B",null,"M","$","?","$","?","R","M","M","T","?","E","M","R","?","R","B",null,"M","?","$","?","M","E","M","R","T","T","?","M"],"character_chosen":"THE_SILENT","items_purchased":["Deflect","Accuracy","Infinite Blades","Footwork","Terror"],"campfire_rested":4,"item_purchase_floors":[19,19,21,37,37],"current_hp_per_floor":[63,63,63,63,63,38,38,25,25,25,25,25,25,25,48,17,67,61,61,61,61,48,48,48,40,40,40,38,29,53,53,77,34,70,69,69,69,69,42,30,11,34,34,34,34,0],"gold":159,"neow_bonus":"ONE_RARE_RELIC","is_prod":false,"is_daily":false,"chose_seed":false,"campfire_upgraded":3,"win_rate":0,"timestamp":1545595572,"path_taken":["M","?","?","?","$","E","R","E","T","R","M","?","M","?","R","BOSS","M","$","?","$","?","R","M","M","T","?","E","M","R","?","R","BOSS","M","?","$","?","M","E","?","R","T","?","?","M"],"build_version":"2018-12-20","purchased_purges":0,"victory":false,"max_hp_per_floor":[70,70,70,70,70,77,77,77,77,77,77,77,77,77,77,77,82,82,82,82,82,82,82,82,82,82,82,82,82,82,82,82,82,82,82,78,78,78,78,78,78,78,78,78,78,78],"card_choices":[{"not_picked":["Flying Knee","Poisoned Stab"],"picked":"Cloak And Dagger","floor":1},{"not_picked":["Slice","Outmaneuver"],"picked":"Well Laid Plans","floor":6},{"not_picked":["Escape Plan","Tactician"],"picked":"Cloak And Dagger","floor":8},{"not_picked":["Outmaneuver","Bane"],"picked":"Backflip","floor":11},{"not_picked":["Underhanded Strike","Expertise"],"picked":"Accuracy","floor":13},{"not_picked":["A Thousand Cuts","Corpse Explosion"],"picked":"Adrenaline","floor":16},{"not_picked":[],"picked":"Prepared+1","floor":18},{"not_picked":["Outmaneuver+1"],"picked":"SKIP","floor":24},{"not_picked":["Eviscerate"],"picked":"SKIP","floor":25},{"not_picked":[],"picked":"PiercingWail","floor":28},{"not_picked":[],"picked":"Leg Sweep","floor":29},{"not_picked":[],"picked":"Burst","floor":33},{"not_picked":["Flying Knee"],"picked":"SKIP","floor":35},{"not_picked":["Outmaneuver"],"picked":"SKIP","floor":39},{"not_picked":["Sucker Punch+1"],"picked":"SKIP","floor":40},{"not_picked":["Slice+1"],"picked":"SKIP","floor":41}],"player_experience":299076,"relics_obtained":[{"floor":6,"key":"Strawberry"},{"floor":8,"key":"Bottled Flame"},{"floor":9,"key":"Tingsha"},{"floor":26,"key":"Vajra"},{"floor":28,"key":"Centennial Puzzle"},{"floor":40,"key":"PreservedInsect"},{"floor":43,"key":"Dodecahedron"},{"floor":44,"key":"Meat on the Bone"}],"event_choices":[{"damage_healed":0,"gold_gain":0,"player_choice":"Grow","damage_taken":0,"max_hp_gain":0,"max_hp_loss":0,"event_name":"Living Wall","floor":2,"gold_loss":0,"cards_upgraded":["Cloak And Dagger"]},{"damage_healed":0,"gold_gain":0,"player_choice":"Ignored","damage_taken":0,"max_hp_gain":0,"max_hp_loss":0,"event_name":"Liars Game","floor":3,"gold_loss":0},{"damage_healed":0,"gold_gain":0,"player_choice":"Leave","damage_taken":0,"max_hp_gain":0,"max_hp_loss":0,"event_name":"The Cleric","floor":4,"gold_loss":0},{"damage_healed":0,"gold_gain":0,"player_choice":"Fled","damage_taken":0,"max_hp_gain":0,"max_hp_loss":0,"event_name":"Scrap Ooze","floor":12,"gold_loss":0},{"damage_healed":0,"gold_gain":0,"player_choice":"Left Gold","damage_taken":0,"max_hp_gain":0,"max_hp_loss":0,"event_name":"World of Goop","floor":14,"gold_loss":49},{"damage_healed":0,"gold_gain":0,"player_choice":"Ignored","damage_taken":0,"max_hp_gain":0,"max_hp_loss":0,"event_name":"Beggar","floor":20,"gold_loss":0},{"damage_healed":0,"gold_gain":0,"player_choice":"Fight","damage_taken":0,"max_hp_gain":0,"max_hp_loss":0,"event_name":"Colosseum","floor":22,"gold_loss":0},{"damage_healed":0,"gold_gain":0,"player_choice":"Fled From Nobs","damage_taken":0,"max_hp_gain":0,"max_hp_loss":0,"event_name":"Colosseum","floor":22,"gold_loss":0},{"damage_healed":0,"gold_gain":0,"player_choice":"Paid Fearfully","damage_taken":0,"max_hp_gain":0,"max_hp_loss":0,"event_name":"Masked Bandits","floor":27,"gold_loss":83},{"damage_healed":0,"gold_gain":0,"player_choice":"Smashed Altar","damage_taken":0,"max_hp_gain":0,"max_hp_loss":0,"event_name":"Forgotten Altar","floor":31,"gold_loss":0,"cards_obtained":["Decay"]},{"damage_healed":0,"gold_gain":0,"player_choice":"Max HP","damage_taken":0,"max_hp_gain":0,"max_hp_loss":4,"event_name":"Winding Halls","floor":36,"gold_loss":0},{"damage_healed":0,"gold_gain":0,"player_choice":"Ignored","damage_taken":0,"max_hp_gain":0,"max_hp_loss":0,"event_name":"Fountain of Cleansing","floor":38,"gold_loss":0},{"damage_healed":0,"gold_gain":0,"player_choice":"Ignored","damage_taken":0,"max_hp_gain":0,"max_hp_loss":0,"event_name":"Mysterious Sphere","floor":45,"gold_loss":0}],"is_beta":false,"boss_relics":[{"not_picked":["Philosopher\u0027s Stone","Lizard Tail"],"picked":"Busted Crown"},{"not_picked":["Black Star","Tiny House"],"picked":"WristBlade"}],"items_purged_floors":[],"is_endless":false,"potions_floor_spawned":[6,13,16,24,25,35],"killed_by":"Transient","ascension_level":13}