{"gold_per_floor":[116,135,210,223,49,80,103,127,165,192,219,231,265,295,307,393,405,436,448,471,245,263,263,263],"floor_reached":24,"playtime":786,"items_purged":["Decay","Sword Boomerang"],"score":368,"play_id":"349919a8-9846-4a49-bbbf-0a5bd533d056","local_time":"20181209030056","is_ascension_mode":true,"campfire_choices":[{"data":"Anger","floor":12,"key":"SMITH"},{"floor":15,"key":"REST"},{"floor":23,"key":"REST"}],"neow_cost":"CURSE","seed_source_timestamp":50866251148981,"circlet_count":0,"master_deck":["AscendersBane","Bash","Feed","Shrug It Off","Thunderclap","Iron Wave","Flex","Reckless Charge","Burning Pact","Pommel Strike","Anger+1","Shrug It Off","Double Tap","Sentinel","Twin Strike","Anger","Twin Strike","Twin Strike","Sever Soul","Rampage","Perfected Strike","Bloodletting","RitualDagger","Uppercut","Finesse","True Grit","Metallicize"],"relics":["Burning Blood","MawBank","Omamori","Odd Mushroom","Pandora\u0027s Box"],"potions_floor_usage":[6,6,13,16,16,16,16,20,24],"damage_taken":[{"damage":12,"enemies":"Jaw Worm","floor":1,"turns":2},{"damage":3,"enemies":"2 Louse","floor":2,"turns":3},{"damage":6,"enemies":"Cultist","floor":4,"turns":3},{"damage":18,"enemies":"3 Sentries","floor":6,"turns":5},{"damage":0,"enemies":"Exordium Wildlife","floor":7,"turns":2},{"damage":10,"enemies":"2 Fungi Beasts","floor":8,"turns":3},{"damage":16,"enemies":"Exordium Thugs","floor":10,"turns":4},{"damage":7,"enemies":"3 Louse","floor":11,"turns":3},{"damage":24,"enemies":"The Mushroom Lair","floor":13,"turns":4},{"damage":24,"enemies":"Red Slaver","floor":14,"turns":9},{"damage":49,"enemies":"Hexaghost","floor":16,"turns":11},{"damage":19,"enemies":"Spheric Guardian","floor":18,"turns":4},{"damage":3,"enemies":"3 Byrds","floor":20,"turns":4},{"damage":53,"enemies":"Centurion and Healer","floor":22,"turns":9},{"damage":46,"enemies":"Book of Stabbing","floor":24,"turns":4}],"seed_played":"-5136951851049634875","potions_obtained":[{"floor":1,"key":"SteroidPotion"},{"floor":8,"key":"EssenceOfSteel"},{"floor":10,"key":"GamblersBrew"},{"floor":14,"key":"EntropicBrew"},{"floor":16,"key":"Swift Potion"},{"floor":22,"key":"SteroidPotion"}],"is_trial":false,"path_per_floor":["M","M","?","M","$","E","M","M","T","M","M","R","?","M","R","B",null,"M","?","M","$","M","R","E"],"character_chosen":"IRONCLAD","items_purchased":["Iron Wave","Fire Potion","Finesse","True Grit"],"campfire_rested":2,"item_purchase_floors":[5,5,21,21],"current_hp_per_floor":[65,71,60,63,63,54,63,62,62,55,57,57,39,21,50,7,76,63,57,63,63,16,46,0],"gold":263,"neow_bonus":"THREE_RARE_CARDS","is_prod":false,"is_daily":false,"chose_seed":false,"campfire_upgraded":1,"win_rate":0,"timestamp":1544324456,"path_taken":["M","M","?","M","$","E","M","M","T","M","M","R","?","M","R","BOSS","M","?","M","$","M","R","E"],"build_version":"2018-12-06","purchased_purges":2,"victory":false,"max_hp_per_floor":[78,81,81,84,84,87,90,93,93,96,99,99,99,99,99,99,99,99,99,102,102,102,102,102],"card_choices":[{"not_picked":["Limit Break","Impervious"],"picked":"Feed","floor":0},{"not_picked":["Havoc","Infernal Blade"],"picked":"Sword Boomerang","floor":1},{"not_picked":["Battle Trance","Clash"],"picked":"Shrug It Off","floor":2},{"not_picked":["Clothesline","Exhume"],"picked":"Thunderclap","floor":4},{"not_picked":["Infernal Blade","Cleave"],"picked":"Flex","floor":6},{"not_picked":["Rupture","Seeing Red"],"picked":"Reckless Charge","floor":7},{"not_picked":["Iron Wave","Carnage"],"picked":"Burning Pact","floor":8},{"not_picked":["Heavy Blade","Flex"],"picked":"Pommel Strike","floor":10},{"not_picked":["Warcry","Body Slam"],"picked":"Anger","floor":11},{"not_picked":["Body Slam","Flame Barrier"],"picked":"Shrug It Off","floor":13},{"not_picked":["Wild Strike","Dual Wield","Heavy Blade"],"picked":"SKIP","floor":14},{"not_picked":["Berserk","Bludgeon"],"picked":"Double Tap","floor":16},{"not_picked":["Heavy Blade+1","Sword Boomerang","Pommel Strike"],"picked":"SKIP","floor":18},{"not_picked":["Sword Boomerang","Sever Soul+1"],"picked":"Uppercut","floor":20},{"not_picked":["Infernal Blade","Twin Strike+1"],"picked":"Metallicize","floor":22}],"player_experience":251635,"relics_obtained":[{"floor":6,"key":"MawBank"},{"floor":9,"key":"Omamori"},{"floor":13,"key":"Odd Mushroom"}],"event_choices":[{"damage_healed":0,"gold_gain":75,"player_choice":"Gather Gold","damage_taken":11,"max_hp_gain":0,"max_hp_loss":0,"event_name":"World of Goop","floor":3,"gold_loss":0},{"damage_healed":0,"gold_gain":0,"player_choice":"Fought Mushrooms","damage_taken":0,"max_hp_gain":0,"max_hp_loss":0,"event_name":"Mushrooms","floor":13,"gold_loss":0},{"damage_healed":0,"gold_gain":0,"player_choice":"Joined the Cult","damage_taken":6,"max_hp_gain":0,"max_hp_loss":0,"event_name":"Nest","floor":19,"gold_loss":0,"cards_obtained":["RitualDagger"]}],"is_beta":false,"boss_relics":[{"not_picked":["Runic Cube","Tiny House"],"picked":"Pandora\u0027s Box"}],"items_purged_floors":[5,21],"is_endless":false,"potions_floor_spawned":[1,8,10,14,16,22],"killed_by":"Book of Stabbing","ascension_level":14}