{"gold_per_floor":[418,433,446,20,95,95,106,121,203,203,229,229,229,49,49,147,147,163,163,178,196,206,231,231,260,341,355,29,29,29,60,60,155,155,166,176,26,26,80,80,155,155,182,212,212,223,27,55,55,55],"floor_reached":51,"playtime":3048,"items_purged":["Dark Embrace","Defend_R"],"score":1057,"play_id":"7e9eaa90-658c-4707-80d4-d0691d16c9e0","local_time":"20180824224954","is_ascension_mode":true,"campfire_choices":[{"floor":6,"key":"REST"},{"data":"Inflame","floor":10,"key":"SMITH"},{"data":"Flame Barrier","floor":13,"key":"SMITH"},{"data":"Flex","floor":15,"key":"SMITH"},{"floor":24,"key":"REST"},{"floor":30,"key":"REST"},{"data":"Heavy Blade","floor":32,"key":"SMITH"},{"data":"Demon Form","floor":40,"key":"SMITH"},{"data":"Limit Break","floor":42,"key":"SMITH"},{"data":"Heavy Blade","floor":45,"key":"SMITH"},{"floor":49,"key":"REST"}],"neow_cost":"PERCENT_DAMAGE","seed_source_timestamp":246919636142863,"circlet_count":0,"master_deck":["Strike_R","Strike_R","Strike_R","Strike_R","Defend_R","Defend_R","Bash","Heavy Blade+1","Thunderclap","Sword Boomerang","Inflame+1","Flame Barrier+1","Flex+1","Flash of Steel","Feed","Twin Strike","Metallicize","Pummel+1","Iron Wave","Heavy Blade+1","Sword Boomerang+1","Metallicize","Headbutt","Demon Form+1","Flame Barrier+1","Limit Break+1","Flex","Metallicize+1","Metallicize+1","Inflame+1"],"relics":["Burning Blood","Old Coin","HandDrill","Regal Pillow","Shuriken","Mango","Runic Dome","Centennial Puzzle","Mummified Hand","Gremlin Horn","Vajra","Omamori","Cursed Key","Ice Cream","Happy Flower","Oddly Smooth Stone","Frozen Eye","Pen Nib"],"potions_floor_usage":[11,18,22,31,35,44,44,50,50],"damage_taken":[{"damage":6,"enemies":"Cultist","floor":1,"turns":3},{"damage":7,"enemies":"Jaw Worm","floor":2,"turns":3},{"damage":3,"enemies":"2 Louse","floor":3,"turns":3},{"damage":24,"enemies":"Exordium Thugs","floor":7,"turns":4},{"damage":11,"enemies":"Looter","floor":8,"turns":3},{"damage":13,"enemies":"Lagavulin","floor":11,"turns":4},{"damage":35,"enemies":"Hexaghost","floor":16,"turns":7},{"damage":25,"enemies":"Shell Parasite","floor":18,"turns":4},{"damage":17,"enemies":"2 Thieves","floor":20,"turns":3},{"damage":19,"enemies":"Sentry and Sphere","floor":21,"turns":4},{"damage":18,"enemies":"Chosen and Byrds","floor":22,"turns":6},{"damage":37,"enemies":"Gremlin Leader","floor":23,"turns":5},{"damage":33,"enemies":"Book of Stabbing","floor":25,"turns":4},{"damage":0,"enemies":"Cultist and Chosen","floor":27,"turns":3},{"damage":5,"enemies":"Gremlin Leader","floor":31,"turns":5},{"damage":20,"enemies":"Collector","floor":33,"turns":4},{"damage":0,"enemies":"Flame Bruiser 1 Orb","floor":35,"turns":2},{"damage":0,"enemies":"Orb Walker","floor":36,"turns":2},{"damage":16,"enemies":"Mysterious Sphere","floor":39,"turns":3},{"damage":1,"enemies":"Giant Head","floor":44,"turns":5},{"damage":5,"enemies":"Transient","floor":46,"turns":5},{"damage":35,"enemies":"Nemesis","floor":48,"turns":5},{"damage":72,"enemies":"Donu and Deca","floor":50,"turns":6}],"seed_played":"-8612749469155250279","potions_obtained":[{"floor":7,"key":"Explosive Potion"},{"floor":8,"key":"SkillPotion"},{"floor":11,"key":"Energy Potion"},{"floor":16,"key":"Poison Potion"},{"floor":20,"key":"Block Potion"},{"floor":22,"key":"Swift Potion"},{"floor":33,"key":"Fire Potion"},{"floor":35,"key":"Dexterity Potion"},{"floor":39,"key":"BloodPotion"},{"floor":44,"key":"Ancient Potion"}],"is_trial":false,"path_per_floor":["M","M","M","$","?","R","M","M","T","R","E","?","R","$","R","B",null,"M","?","M","M","M","E","R","E","T","M","$","?","R","E","R","B",null,"M","M","$","?","?","R","?","R","T","E","R","M","$","E","R","B"],"character_chosen":"IRONCLAD","items_purchased":["Inflame","HandDrill","Regal Pillow","Flash of Steel","Metallicize","Vajra","Limit Break","Frozen Eye"],"campfire_rested":4,"item_purchase_floors":[4,4,4,14,28,28,37,47],"current_hp_per_floor":[51,50,53,53,42,80,62,57,57,57,64,64,64,64,64,35,79,63,97,89,79,70,39,85,58,58,64,64,64,106,106,106,92,103,106,106,106,106,99,99,89,89,89,94,94,95,95,66,109,50],"gold":55,"neow_bonus":"ONE_RARE_RELIC","is_prod":false,"is_daily":false,"chose_seed":false,"campfire_upgraded":7,"win_rate":0,"timestamp":1535168994,"path_taken":["M","M","M","$","?","R","M","?","T","R","E","?","R","$","R","BOSS","M","?","M","M","M","E","R","E","T","?","$","?","R","E","R","BOSS","M","M","$","?","?","R","?","R","T","E","R","?","$","E","R","BOSS"],"build_version":"2018-08-23v2","purchased_purges":2,"victory":true,"max_hp_per_floor":[80,80,80,80,80,80,80,80,80,80,94,94,94,94,94,94,94,97,97,100,103,106,106,106,106,106,106,106,106,106,106,106,106,106,106,106,106,106,109,109,109,109,109,109,109,109,109,109,109,109],"card_choices":[{"not_picked":["Anger","Warcry"],"picked":"Heavy Blade","floor":1},{"not_picked":["Feel No Pain","Fire Breathing"],"picked":"Thunderclap","floor":2},{"not_picked":["Cleave","Offering"],"picked":"Sword Boomerang","floor":3},{"not_picked":["Clothesline","True Grit"],"picked":"Flame Barrier","floor":7},{"not_picked":["Clothesline","Blood for Blood"],"picked":"Flex","floor":8},{"not_picked":["Clash","Rage"],"picked":"Bloodletting","floor":11},{"not_picked":["Exhume","Double Tap"],"picked":"Feed","floor":16},{"not_picked":["Reckless Charge","Power Through","Blood for Blood"],"picked":"SKIP","floor":18},{"not_picked":["Intimidate","Clothesline"],"picked":"Twin Strike","floor":20},{"not_picked":["Dropkick","Havoc"],"picked":"Metallicize","floor":21},{"not_picked":["Warcry","Combust"],"picked":"Pummel+1","floor":22},{"not_picked":["Perfected Strike","Seeing Red+1"],"picked":"Iron Wave","floor":23},{"not_picked":["Clothesline","Flex+1"],"picked":"Heavy Blade","floor":25},{"not_picked":["Thunderclap","Warcry"],"picked":"Sword Boomerang+1","floor":27},{"not_picked":["Blood for Blood+1","Evolve+1"],"picked":"Headbutt","floor":31},{"not_picked":["Feed","Juggernaut"],"picked":"Demon Form","floor":33},{"not_picked":["Clothesline","Cleave"],"picked":"Flame Barrier+1","floor":35},{"not_picked":["Body Slam+1","Perfected Strike+1","Sentinel"],"picked":"SKIP","floor":36},{"not_picked":["Body Slam+1","Perfected Strike+1","Sentinel"],"picked":"SKIP","floor":36},{"not_picked":["Cleave","Pommel Strike"],"picked":"Flex","floor":39},{"not_picked":["Reaper","Entrench+1"],"picked":"Metallicize+1","floor":44},{"not_picked":["Iron Wave+1","Armaments"],"picked":"Metallicize+1","floor":46},{"not_picked":["Havoc+1","Heavy Blade+1"],"picked":"Inflame+1","floor":48}],"player_experience":219464,"relics_obtained":[{"floor":9,"key":"Shuriken"},{"floor":11,"key":"Mango"},{"floor":23,"key":"Centennial Puzzle"},{"floor":25,"key":"Mummified Hand"},{"floor":26,"key":"Gremlin Horn"},{"floor":31,"key":"Omamori"},{"floor":39,"key":"Ice Cream"},{"floor":43,"key":"Happy Flower"},{"floor":44,"key":"Oddly Smooth Stone"},{"floor":48,"key":"Pen Nib"}],"event_choices":[{"event_name":"World of Goop","player_choice":"Gather Gold","floor":5,"damage_taken":0},{"event_name":"Transmorgrifier","player_choice":"Transform","floor":12,"damage_taken":0},{"event_name":"Bonfire Elementals","player_choice":"UNCOMMON","floor":19,"damage_taken":0},{"event_name":"Vampires","player_choice":"Ignored","floor":29,"damage_taken":0},{"event_name":"Falling","player_choice":"Removed Skill","floor":38,"damage_taken":0},{"event_name":"Mysterious Sphere","player_choice":"Fight","floor":39,"damage_taken":0},{"event_name":"FaceTrader","player_choice":"Touch","floor":41,"damage_taken":0}],"is_beta":false,"boss_relics":[{"not_picked":["Astrolabe","Snecko Eye"],"picked":"Runic Dome"},{"not_picked":["Coffee Dripper","White Beast Statue"],"picked":"Cursed Key"}],"items_purged_floors":[14,28],"is_endless":false,"potions_floor_spawned":[7,8,11,16,20,21,22,33,35,39,44],"ascension_level":6}