{"gold_per_floor":[12,12,12,25,35,35,53,53,53,63,63,74,24,24,24,125,125,135,60,77,97,117,117,142,142,142,142,157,191,191,13,13,112,112,126,126,178,54,68,68,96,96,96,115,36,53,53,85,85,85],"floor_reached":50,"playtime":2593,"items_purged":["Strike_G","Strike_G"],"score":689,"play_id":"a2fb7b20-880a-4bd0-8c45-74c7af1d9e8b","local_time":"20180914004743","is_ascension_mode":true,"campfire_choices":[{"data":"1","floor":6,"key":"LIFT"},{"data":"2","floor":8,"key":"LIFT"},{"data":"3","floor":11,"key":"LIFT"},{"data":"Footwork","floor":15,"key":"SMITH"},{"floor":23,"key":"REST"},{"floor":25,"key":"REST"},{"floor":30,"key":"REST"},{"floor":32,"key":"REST"},{"floor":40,"key":"REST"},{"floor":42,"key":"REST"},{"floor":47,"key":"REST"},{"floor":49,"key":"REST"}],"neow_cost":"NO_GOLD","seed_source_timestamp":1300054679888611,"circlet_count":0,"master_deck":["Defend_G","Defend_G","Defend_G","Defend_G","Strike_G","Survivor","Neutralize","Dagger Spray","PiercingWail","Footwork+1","Dagger Spray","Caltrops","Blade Dance","Venomology","Dagger Spray+1","Envenom","Blade Dance","Infinite Blades","Footwork","Finisher","Cloak And Dagger+1","Accuracy","Corpse Explosion","Acrobatics+1","Pain","Footwork","Dodge and Roll","Backflip","Deflect","Finisher+1","Accuracy+1","Deflect","Catalyst"],"relics":["Ring of the Snake","Girya","Torii","Pear","Fusion Hammer","Pocketwatch","Dodecahedron","Ginger","Cursed Key","WarpedTongs","Unceasing Top","Omamori","Frozen Egg 2","The Courier"],"potions_floor_usage":[16,18,20,22,24,29,29,29,33,37,37,41,41,44,44,48,50,50],"damage_taken":[{"damage":1,"enemies":"Small Slimes","floor":1,"turns":5},{"damage":1,"enemies":"Jaw Worm","floor":4,"turns":5},{"damage":1,"enemies":"2 Louse","floor":5,"turns":4},{"damage":1,"enemies":"Looter","floor":7,"turns":3},{"damage":0,"enemies":"Exordium Thugs","floor":10,"turns":4},{"damage":0,"enemies":"Gremlin Gang","floor":12,"turns":1},{"damage":18,"enemies":"The Guardian","floor":16,"turns":11},{"damage":19,"enemies":"Chosen","floor":18,"turns":6},{"damage":8,"enemies":"2 Thieves","floor":20,"turns":3},{"damage":1,"enemies":"Centurion and Healer","floor":21,"turns":5},{"damage":18,"enemies":"Shelled Parasite and Fungi","floor":22,"turns":4},{"damage":22,"enemies":"Slavers","floor":24,"turns":6},{"damage":0,"enemies":"3 Cultists","floor":28,"turns":3},{"damage":1,"enemies":"Book of Stabbing","floor":29,"turns":5},{"damage":37,"enemies":"Collector","floor":33,"turns":7},{"damage":8,"enemies":"3 Darklings","floor":35,"turns":2},{"damage":26,"enemies":"Mysterious Sphere","floor":37,"turns":4},{"damage":13,"enemies":"Orb Walker","floor":39,"turns":3},{"damage":32,"enemies":"2 Orb Walkers","floor":41,"turns":5},{"damage":18,"enemies":"Transient","floor":44,"turns":5},{"damage":12,"enemies":"Sphere and 2 Shapes","floor":46,"turns":6},{"damage":27,"enemies":"Nemesis","floor":48,"turns":9},{"damage":44,"enemies":"Time Eater","floor":50,"turns":2}],"seed_played":"5836957168299556475","potions_obtained":[{"floor":1,"key":"Swift Potion"},{"floor":7,"key":"Weak Potion"},{"floor":16,"key":"GamblersBrew"},{"floor":21,"key":"Regen Potion"},{"floor":24,"key":"EssenceOfSteel"},{"floor":29,"key":"Fire Potion"},{"floor":33,"key":"Weak Potion"},{"floor":37,"key":"GhostInAJar"},{"floor":46,"key":"Dexterity Potion"}],"is_trial":false,"path_per_floor":["M","?","?","M","M","R","M","R","T","M","R","M","?","?","R","B",null,"M","$","M","M","M","R","E","R","T","?","M","E","R","$","R","B",null,"M","?","?","$","M","R","E","R","T","M","$","M","R","E","R"],"character_chosen":"THE_SILENT","items_purchased":["Accuracy","Footwork","Dodge and Roll","Accuracy+1"],"campfire_rested":8,"item_purchase_floors":[31,38,38,45],"current_hp_per_floor":[62,55,55,54,53,53,52,52,62,62,62,62,62,55,55,37,69,63,63,55,54,36,60,53,77,77,77,77,76,80,80,80,43,71,63,63,37,37,24,48,16,40,40,22,22,10,34,7,31,0],"gold":85,"neow_bonus":"ONE_RARE_RELIC","is_prod":false,"is_daily":false,"chose_seed":false,"campfire_upgraded":1,"win_rate":0,"timestamp":1536904063,"path_taken":["M","?","?","?","M","R","M","R","T","M","R","M","?","?","R","BOSS","M","$","M","M","M","R","E","R","T","?","M","E","R","$","R","BOSS","M","?","?","$","M","R","E","R","T","M","$","M","R","E","R","BOSS"],"build_version":"2018-09-06","purchased_purges":2,"victory":false,"max_hp_per_floor":[70,70,70,70,70,70,70,70,80,80,80,80,80,80,80,80,80,80,80,80,80,80,80,80,80,80,80,80,80,80,80,80,80,80,80,80,80,80,80,80,80,80,80,80,80,80,80,80,80,80],"card_choices":[{"not_picked":["Dodge and Roll","Setup"],"picked":"Dagger Spray","floor":1},{"not_picked":["Bane","Dodge and Roll"],"picked":"PiercingWail","floor":4},{"not_picked":["Deflect","Prepared"],"picked":"Footwork","floor":5},{"not_picked":["Dodge and Roll","Doppelganger"],"picked":"Dagger Spray","floor":7},{"not_picked":["Tactician","Quick Slash"],"picked":"Caltrops","floor":10},{"not_picked":["Deadly Poison","Tactician"],"picked":"Blade Dance","floor":12},{"not_picked":["Phantasmal Killer","After Image"],"picked":"Venomology","floor":16},{"not_picked":["Acrobatics","Deflect"],"picked":"Dagger Spray+1","floor":18},{"not_picked":["Dagger Spray","Flechettes","Poisoned Stab"],"picked":"SKIP","floor":20},{"not_picked":["Underhanded Strike+1","Noxious Fumes"],"picked":"Envenom","floor":21},{"not_picked":["Cloak And Dagger","Deadly Poison"],"picked":"Blade Dance","floor":22},{"not_picked":["Eviscerate+1","Poisoned Stab"],"picked":"Infinite Blades","floor":24},{"not_picked":["Sucker Punch+1","Underhanded Strike"],"picked":"Finisher","floor":28},{"not_picked":["Calculated Gamble","Bane"],"picked":"Cloak And Dagger+1","floor":29},{"not_picked":["Storm of Steel","Tools of the Trade"],"picked":"Corpse Explosion","floor":33},{"not_picked":["Flying Knee","Quick Slash+1"],"picked":"Acrobatics+1","floor":35},{"not_picked":["Poisoned Stab","Deflect"],"picked":"Backflip","floor":39},{"not_picked":["Tactician+1","Calculated Gamble"],"picked":"Deflect","floor":41},{"not_picked":["Reflex","Deflect"],"picked":"Finisher+1","floor":44},{"not_picked":["Quick Slash+1","Endless Agony+1"],"picked":"Deflect","floor":46},{"not_picked":["Bullet Time","Outmaneuver"],"picked":"Catalyst","floor":48}],"player_experience":331797,"relics_obtained":[{"floor":9,"key":"Pear"},{"floor":24,"key":"Pocketwatch"},{"floor":26,"key":"Dodecahedron"},{"floor":29,"key":"Ginger"},{"floor":37,"key":"Unceasing Top"},{"floor":41,"key":"Omamori"},{"floor":43,"key":"Frozen Egg 2"},{"floor":48,"key":"The Courier"}],"event_choices":[{"event_name":"Scrap Ooze","player_choice":"success","floor":2,"damage_taken":7},{"event_name":"Bonfire Elementals","player_choice":"BASIC","floor":3,"damage_taken":0},{"event_name":"The Cleric","player_choice":"Card Removal","floor":13,"damage_taken":0},{"event_name":"Golden Wing","player_choice":"Card Removal","floor":14,"damage_taken":0},{"event_name":"The Library","player_choice":"Read","floor":27,"damage_taken":0},{"event_name":"Accursed Blacksmith","player_choice":"Rummage","floor":36,"damage_taken":0},{"event_name":"Mysterious Sphere","player_choice":"Fight","floor":37,"damage_taken":0}],"is_beta":false,"boss_relics":[{"not_picked":["White Beast Statue","Runic Pyramid"],"picked":"Fusion Hammer"},{"not_picked":["Snecko Eye","Eternal Feather"],"picked":"Cursed Key"}],"items_purged_floors":[19,31],"is_endless":false,"potions_floor_spawned":[1,7,16,21,24,29,33,37,46],"killed_by":"Time Eater","ascension_level":6}