{"gold_per_floor":[117,117,132,146,146,146,146,146,193,208,42,42,42,42,42,141,141,151,16,31,44,44,44,72,72,96,107,7,7,7,20,20,120,120,138,151,151,151,60,60,70,70,70,81,81],"floor_reached":45,"playtime":1024,"items_purged":["Defend_R","Strike_R"],"score":649,"play_id":"76a3be58-2e6b-41fa-ad7e-d52110696cb2","local_time":"20181115215718","is_ascension_mode":true,"campfire_choices":[{"data":"Searing Blow+1","floor":6,"key":"SMITH"},{"data":"Searing Blow+2","floor":8,"key":"SMITH"},{"data":"Searing Blow+3","floor":12,"key":"SMITH"},{"data":"Searing Blow+4","floor":15,"key":"SMITH"},{"data":"Searing Blow+5","floor":23,"key":"SMITH"},{"data":"Searing Blow+6","floor":25,"key":"SMITH"},{"data":"Searing Blow+7","floor":29,"key":"SMITH"},{"data":"Searing Blow+8","floor":32,"key":"SMITH"},{"data":"True Grit","floor":40,"key":"SMITH"},{"data":"Searing Blow+9","floor":42,"key":"SMITH"}],"neow_cost":"TEN_PERCENT_HP_LOSS","seed_source_timestamp":10302464737455,"circlet_count":0,"master_deck":["Strike_R","Defend_R","Defend_R","Defend_R","Bash","Armaments","Searing Blow+10","Armaments","True Grit+1","Metallicize","Shrug It Off","Evolve","Feed","Shrug It Off+1","Mayhem","Deep Breath","Flame Barrier","Parasite"],"relics":["Burning Blood","Paper Frog","Pen Nib","FaceOfCleric","Busted Crown","Pantograph","Regal Pillow","Potion Belt","Eternal Feather","Ornamental Fan"],"potions_floor_usage":[21,21,36,36,41],"damage_taken":[{"damage":8,"enemies":"Jaw Worm","floor":1,"turns":5},{"damage":7,"enemies":"Small Slimes","floor":3,"turns":3},{"damage":1,"enemies":"Cultist","floor":4,"turns":3},{"damage":0,"enemies":"2 Fungi Beasts","floor":10,"turns":5},{"damage":13,"enemies":"The Guardian","floor":16,"turns":9},{"damage":8,"enemies":"2 Thieves","floor":18,"turns":3},{"damage":5,"enemies":"Chosen","floor":20,"turns":4},{"damage":41,"enemies":"3 Cultists","floor":21,"turns":8},{"damage":32,"enemies":"Gremlin Leader","floor":24,"turns":3},{"damage":0,"enemies":"Snecko","floor":27,"turns":3},{"damage":0,"enemies":"Centurion and Healer","floor":31,"turns":3},{"damage":68,"enemies":"Automaton","floor":33,"turns":9},{"damage":0,"enemies":"Orb Walker","floor":35,"turns":3},{"damage":28,"enemies":"3 Darklings","floor":36,"turns":8},{"damage":78,"enemies":"Transient","floor":41,"turns":5},{"damage":15,"enemies":"Writhing Mass","floor":44,"turns":6},{"damage":30,"enemies":"4 Shapes","floor":45,"turns":2}],"seed_played":"-2801469520702159201","potions_obtained":[{"floor":3,"key":"SkillPotion"},{"floor":16,"key":"BloodPotion"},{"floor":27,"key":"Fire Potion"},{"floor":31,"key":"Strength Potion"},{"floor":33,"key":"Explosive Potion"},{"floor":35,"key":"Energy Potion"},{"floor":41,"key":"GamblersBrew"}],"is_trial":false,"path_per_floor":["M","?","M","M","?","R","T","R","T","M","$","R","$","?","R","B",null,"M","$","M","M","?","R","E","R","T","M","$","R","?","M","R","B",null,"M","M","?","?","$","R","M","R","T","M","M"],"character_chosen":"IRONCLAD","items_purchased":["Shrug It Off","Evolve","Feed","Deep Breath"],"campfire_rested":0,"item_purchase_floors":[11,11,19,39],"current_hp_per_floor":[70,70,69,72,65,65,65,65,65,71,71,71,71,71,71,65,71,70,70,72,49,49,49,27,27,27,38,38,38,38,48,48,12,74,81,60,60,96,96,96,25,34,34,26,0],"gold":81,"neow_bonus":"TRANSFORM_TWO_CARDS","is_prod":false,"is_daily":false,"chose_seed":false,"campfire_upgraded":10,"win_rate":0,"timestamp":1542319038,"path_taken":["M","?","M","M","?","R","?","R","T","M","$","R","$","?","R","BOSS","M","$","M","?","?","R","E","R","T","M","$","R","?","M","R","BOSS","M","M","?","?","$","R","M","R","T","M","?"],"build_version":"2018-11-08","purchased_purges":2,"victory":false,"max_hp_per_floor":[72,72,72,72,72,72,72,72,72,72,72,72,72,72,72,73,73,74,74,75,80,80,80,84,84,84,89,89,89,89,93,93,94,94,95,96,96,96,96,96,97,97,97,98,98],"card_choices":[{"not_picked":["Anger","Flex"],"picked":"Armaments","floor":1},{"not_picked":["Sever Soul","Body Slam","Reckless Charge"],"picked":"SKIP","floor":3},{"not_picked":["Shockwave","Warcry"],"picked":"True Grit","floor":4},{"not_picked":["Warcry","Clash"],"picked":"Metallicize","floor":10},{"not_picked":["Iron Wave+1"],"picked":"SKIP","floor":18},{"not_picked":["Twin Strike"],"picked":"SKIP","floor":20},{"not_picked":[],"picked":"Shrug It Off+1","floor":21},{"not_picked":["Dual Wield"],"picked":"SKIP","floor":24},{"not_picked":["Thunderclap"],"picked":"SKIP","floor":27},{"not_picked":["Flex"],"picked":"SKIP","floor":31},{"not_picked":["Wild Strike"],"picked":"SKIP","floor":35},{"not_picked":["Rage"],"picked":"SKIP","floor":36},{"not_picked":[],"picked":"Mayhem","floor":37},{"not_picked":[],"picked":"Flame Barrier","floor":41},{"not_picked":["Sword Boomerang+1"],"picked":"SKIP","floor":44}],"player_experience":169343,"relics_obtained":[{"floor":7,"key":"Paper Frog"},{"floor":9,"key":"Pen Nib"},{"floor":24,"key":"Pantograph"},{"floor":26,"key":"Regal Pillow"},{"floor":43,"key":"Ornamental Fan"}],"event_choices":[{"damage_healed":0,"gold_gain":0,"player_choice":"Grow","damage_taken":0,"max_hp_gain":0,"max_hp_loss":0,"event_name":"Living Wall","floor":2,"gold_loss":0,"cards_upgraded":["Searing Blow"]},{"cards_removed":["Strike_R"],"damage_healed":0,"gold_gain":0,"player_choice":"Card Removal","damage_taken":7,"max_hp_gain":0,"max_hp_loss":0,"event_name":"Golden Wing","floor":5,"gold_loss":0},{"damage_healed":0,"gold_gain":0,"player_choice":"Trade","damage_taken":0,"relics_obtained":["FaceOfCleric"],"max_hp_gain":0,"max_hp_loss":0,"event_name":"FaceTrader","floor":14,"gold_loss":0},{"damage_healed":0,"gold_gain":0,"player_choice":"Ignored","damage_taken":0,"max_hp_gain":0,"max_hp_loss":0,"event_name":"Beggar","floor":22,"gold_loss":0},{"damage_healed":0,"gold_gain":0,"player_choice":"Gave Potion","damage_taken":0,"relics_obtained":["Potion Belt"],"max_hp_gain":0,"max_hp_loss":0,"event_name":"WeMeetAgain","floor":30,"gold_loss":0},{"damage_healed":0,"gold_gain":0,"player_choice":"Memory 1","damage_taken":0,"max_hp_gain":0,"max_hp_loss":0,"event_name":"SensoryStone","floor":37,"gold_loss":0},{"damage_healed":36,"gold_gain":0,"player_choice":"Full Heal","damage_taken":0,"max_hp_gain":0,"max_hp_loss":0,"event_name":"Wheel of Change","floor":38,"gold_loss":0}],"is_beta":false,"boss_relics":[{"not_picked":["Mark of Pain","Black Star"],"picked":"Busted Crown"},{"not_picked":["Sozu","Fusion Hammer"],"picked":"Eternal Feather"}],"items_purged_floors":[11,28],"is_endless":false,"potions_floor_spawned":[3,16,27,31,33,35,41],"killed_by":"4 Shapes","ascension_level":8}