{"gold_per_floor":[117,117,134,146,166,166,200,200,200,216,231,259,259,278,278,380,380,392,392,392,403,420,420,420],"floor_reached":24,"playtime":3062,"items_purged":[],"score":235,"play_id":"852b5de8-4b99-4e23-9c8c-a988388141de","local_time":"20180729174924","is_ascension_mode":false,"campfire_choices":[{"floor":6,"key":"REST"},{"floor":13,"key":"REST"},{"floor":15,"key":"REST"},{"floor":23,"key":"REST"}],"neow_cost":"","seed_source_timestamp":1000969922063548,"circlet_count":0,"master_deck":["Defend_B","Defend_B","Defend_B","Defend_B","Zap","Dualcast","Conserve Battery","Genetic Algorithm","Conserve Battery","Redo","Cold Snap","Cold Snap","Chill","Reboot","Conserve Battery","Bite","Bite","Bite","Bite","Bite","Darkness"],"relics":["Cracked Core","Centennial Puzzle","Ornamental Fan","Bronze Scales","Strawberry","Inserter"],"potions_floor_usage":[12,16,24,24,24],"damage_taken":[{"damage":6,"enemies":"Jaw Worm","floor":1,"turns":2},{"damage":6,"enemies":"2 Louse","floor":3,"turns":3},{"damage":0,"enemies":"Cultist","floor":4,"turns":3},{"damage":6,"enemies":"Blue Slaver","floor":5,"turns":4},{"damage":30,"enemies":"Lagavulin","floor":7,"turns":10},{"damage":3,"enemies":"3 Louse","floor":10,"turns":2},{"damage":5,"enemies":"Lots of Slimes","floor":11,"turns":4},{"damage":11,"enemies":"Gremlin Nob","floor":12,"turns":4},{"damage":3,"enemies":"Gremlin Gang","floor":14,"turns":4},{"damage":28,"enemies":"The Guardian","floor":16,"turns":18},{"damage":29,"enemies":"2 Thieves","floor":18,"turns":3},{"damage":1,"enemies":"Chosen","floor":21,"turns":5},{"damage":10,"enemies":"Snake Plant","floor":22,"turns":4},{"damage":108,"enemies":"Gremlin Leader","floor":24,"turns":14}],"seed_played":"-8775449890682866181","potions_obtained":[{"floor":1,"key":"PowerPotion"},{"floor":4,"key":"Poison Potion"},{"floor":12,"key":"Poison Potion"},{"floor":14,"key":"Energy Potion"},{"floor":18,"key":"Explosive Potion"},{"floor":21,"key":"Fire Potion"}],"is_trial":false,"path_per_floor":["M","?","M","M","M","R","E","?","T","M","M","E","R","M","R","B",null,"M","?","?","M","M","R"],"character_chosen":"DEFECT","items_purchased":[],"campfire_rested":4,"item_purchase_floors":[],"current_hp_per_floor":[69,51,45,45,39,61,31,31,31,28,23,19,43,40,64,36,82,53,53,53,57,51,57,0],"gold":420,"neow_bonus":"","is_prod":false,"is_daily":false,"chose_seed":false,"campfire_upgraded":0,"win_rate":0.0,"timestamp":1532904564,"path_taken":["M","?","M","M","M","R","E","?","T","M","?","E","R","M","R","BOSS","M","?","?","M","M","R","E"],"build_version":"2018-07-26","purchased_purges":0,"victory":false,"max_hp_per_floor":[75,75,75,75,75,75,75,75,75,75,75,82,82,82,82,82,82,82,57,57,57,57,57,57],"card_choices":[{"not_picked":["White Noise","Ball Lightning"],"picked":"Conserve Battery","floor":1},{"not_picked":["Compile Driver","Steam","Scrape"],"picked":"SKIP","floor":3},{"not_picked":["Hologram","Beam Cell"],"picked":"Genetic Algorithm","floor":4},{"not_picked":["Force Field","Coolheaded"],"picked":"Conserve Battery","floor":5},{"not_picked":["Tempest","Beam Cell"],"picked":"Redo","floor":7},{"not_picked":["Go for the Eyes","Hello World"],"picked":"Cold Snap","floor":10},{"not_picked":["Creative AI","Doom and Gloom"],"picked":"Cold Snap","floor":11},{"not_picked":["Gash","Storm"],"picked":"Electrodynamics","floor":12},{"not_picked":["Steam","Beam Cell"],"picked":"Chill","floor":14},{"not_picked":["Buffer","Echo Form"],"picked":"Reboot","floor":16},{"not_picked":["Leap","Steam Power+1"],"picked":"Conserve Battery","floor":18},{"not_picked":["Compile Driver","Streamline+1"],"picked":"Darkness","floor":21},{"not_picked":["Doom and Gloom","Hologram","Storm"],"picked":"SKIP","floor":22}],"player_experience":39411,"relics_obtained":[{"floor":7,"key":"Ornamental Fan"},{"floor":9,"key":"Bronze Scales"},{"floor":12,"key":"Strawberry"}],"event_choices":[{"event_name":"Scrap Ooze","player_choice":"success","floor":2,"damage_taken":18},{"event_name":"Shining Light","player_choice":"Ignored","floor":8,"damage_taken":0},{"event_name":"Vampires","player_choice":"Became a vampire","floor":19,"damage_taken":0},{"event_name":"Back to Basics","player_choice":"Elegance","floor":20,"damage_taken":0}],"is_beta":false,"boss_relics":[{"not_picked":["Astrolabe","Eternal Feather"],"picked":"Inserter"}],"items_purged_floors":[],"is_endless":false,"potions_floor_spawned":[1,4,12,14,18,21],"killed_by":"Gremlin Leader","ascension_level":0}