{"gold_per_floor":[110,120,139,62,77,77,102,102,173,173,189,221,221,240,240,344,344,355,355,225,225,225,225,107,107],"floor_reached":25,"playtime":1398,"items_purged":[],"score":282,"play_id":"77dadc96-a580-4259-9f52-b25ec03f6d5c","local_time":"20180826182158","is_ascension_mode":true,"campfire_choices":[{"floor":6,"key":"REST"},{"floor":8,"key":"REST"},{"data":"True Grit","floor":10,"key":"SMITH"},{"data":"True Grit","floor":15,"key":"SMITH"},{"data":"Entrench","floor":23,"key":"SMITH"}],"neow_cost":"PERCENT_DAMAGE","seed_source_timestamp":405308422573226,"circlet_count":0,"master_deck":["Bash","Bludgeon","Feel No Pain","True Grit+1","Cleave","Ghostly Armor","Twin Strike","Clothesline","True Grit+1","Flame Barrier","Barricade+1","Perfected Strike","Thunderclap","Carnage","Perfected Strike","Bloodletting","Pummel","Twin Strike","Spot Weakness","Intimidate","Entrench+1","Havoc","Feel No Pain","Flame Barrier"],"relics":["Burning Blood","Thread and Needle","Singing Bowl","Regal Pillow","Pen Nib","Pandora\u0027s Box"],"potions_floor_usage":[5,11,16,16],"damage_taken":[{"damage":12,"enemies":"Jaw Worm","floor":1,"turns":2},{"damage":8,"enemies":"2 Louse","floor":2,"turns":3},{"damage":6,"enemies":"Small Slimes","floor":3,"turns":3},{"damage":21,"enemies":"Exordium Wildlife","floor":5,"turns":6},{"damage":25,"enemies":"Lagavulin","floor":7,"turns":7},{"damage":0,"enemies":"2 Fungi Beasts","floor":11,"turns":3},{"damage":7,"enemies":"3 Sentries","floor":12,"turns":9},{"damage":0,"enemies":"3 Louse","floor":14,"turns":4},{"damage":66,"enemies":"The Guardian","floor":16,"turns":11},{"damage":3,"enemies":"Chosen","floor":18,"turns":6},{"damage":79,"enemies":"Slavers","floor":25,"turns":4}],"seed_played":"-5113323035294895939","potions_obtained":[{"floor":1,"key":"Explosive Potion"},{"floor":2,"key":"FairyPotion"},{"floor":5,"key":"Block Potion"},{"floor":7,"key":"Regen Potion"},{"floor":11,"key":"Swift Potion"}],"is_trial":false,"path_per_floor":["M","M","M","$","M","R","E","R","T","R","M","E","?","M","R","B",null,"M","?","$","?","$","R","$"],"character_chosen":"IRONCLAD","items_purchased":["Ghostly Armor","Entrench","Havoc","Feel No Pain","Flame Barrier"],"campfire_rested":2,"item_purchase_floors":[4,20,20,24,24],"current_hp_per_floor":[45,43,43,43,28,52,33,57,57,57,63,62,59,67,67,22,67,72,56,56,56,56,56,56,0],"gold":107,"neow_bonus":"THREE_RARE_CARDS","is_prod":false,"is_daily":false,"chose_seed":false,"campfire_upgraded":3,"win_rate":0,"timestamp":1535325718,"path_taken":["M","M","M","$","M","R","E","R","T","R","M","E","?","M","R","BOSS","M","?","$","?","?","R","$","E"],"build_version":"2018-08-23v2","purchased_purges":0,"victory":false,"max_hp_per_floor":[80,80,80,80,80,80,80,80,80,80,80,80,80,82,82,82,82,84,89,89,89,89,89,89,89],"card_choices":[{"not_picked":["Demon Form","Impervious"],"picked":"Bludgeon","floor":0},{"not_picked":["Shockwave","Iron Wave"],"picked":"Feel No Pain","floor":1},{"not_picked":["Uppercut","Headbutt"],"picked":"True Grit","floor":2},{"not_picked":["Shrug It Off","Thunderclap"],"picked":"Cleave","floor":3},{"not_picked":["Second Wind","Bloodletting"],"picked":"Twin Strike","floor":5},{"not_picked":["Clash","Heavy Blade"],"picked":"Clothesline","floor":7},{"not_picked":["Body Slam","Sword Boomerang"],"picked":"True Grit","floor":11},{"not_picked":["Flex","Second Wind"],"picked":"Flame Barrier","floor":12},{"not_picked":["Iron Wave","Rage","Twin Strike"],"picked":"Singing Bowl","floor":14},{"not_picked":["Limit Break","Feed"],"picked":"Barricade","floor":16},{"not_picked":["Anger+1","Power Through","Flex"],"picked":"Singing Bowl","floor":18}],"player_experience":239533,"relics_obtained":[{"floor":7,"key":"Thread and Needle"},{"floor":9,"key":"Singing Bowl"},{"floor":12,"key":"Regal Pillow"}],"event_choices":[{"event_name":"Scrap Ooze","player_choice":"success","floor":13,"damage_taken":3},{"event_name":"Forgotten Altar","player_choice":"Shed Blood","floor":19,"damage_taken":0},{"event_name":"Accursed Blacksmith","player_choice":"Forge","floor":21,"damage_taken":0}],"is_beta":false,"boss_relics":[{"not_picked":["Orrery","Snecko Eye"],"picked":"Pandora\u0027s Box"}],"items_purged_floors":[],"is_endless":false,"potions_floor_spawned":[1,2,5,7,11],"killed_by":"Slavers","ascension_level":7}