{"gold_per_floor":[109,123,51,67,80,107,167,167,167,196,196,228,228,258,258,360,360,375,393,492,508,98,127,139,178,235,280,292,59,59,77,77,181,181,191,211,0,0,0,26,73,105,105,105,105,105,130,149,149,149,149,149,49,74,74],"floor_reached":56,"playtime":3759,"items_purged":["Doubt","Strike_R"],"score":1461,"play_id":"8e9c3752-33ae-4dc9-ac6d-c30cc9ce2ab0","local_time":"20190202012020","is_ascension_mode":true,"campfire_choices":[{"data":"Bash","floor":8,"key":"SMITH"},{"data":"Inflame","floor":13,"key":"SMITH"},{"floor":15,"key":"REST"},{"data":"Uppercut","floor":24,"key":"SMITH"},{"data":"Heavy Blade","floor":28,"key":"SMITH"},{"data":"Shrug It Off","floor":30,"key":"SMITH"},{"data":"Disarm","floor":32,"key":"SMITH"},{"floor":44,"key":"RECALL"},{"floor":46,"key":"REST"},{"floor":49,"key":"REST"},{"floor":52,"key":"REST"}],"neow_cost":"NONE","seed_source_timestamp":1112968219319999,"circlet_count":0,"master_deck":["Strike_R","Strike_R","Strike_R","Strike_R+1","Defend_R","Defend_R","Defend_R+1","Defend_R","Bash+1","Inflame+1","Flame Barrier","Clothesline","Thunderclap","Reaper","Sword Boomerang","Disarm+1","Whirlwind","Impervious","Body Slam+1","Inflame+1","Uppercut+1","Heavy Blade+1","Shrug It Off+1","Impervious","Shrug It Off+1","Metamorphosis","Battle Trance+1","Shockwave"],"relics":["Burning Blood","Ancient Tea Set","Letter Opener","Matryoshka","Mango","Omamori","Meat on the Bone","Sundial","Ornamental Fan","Tiny Chest","Mercury Hourglass","Calling Bell","Bag of Preparation","Shuriken","WingedGreaves","Frozen Egg 2","MawBank","Mummified Hand","Anchor","Sling","Fusion Hammer","Red Mask","Du-Vu Doll","Self Forming Clay","Vajra","Bottled Tornado","Darkstone Periapt","Smiling Mask","Bag of Marbles"],"potions_floor_usage":[7,16,23,27,55,55,55],"damage_taken":[{"damage":2,"enemies":"2 Louse","floor":1,"turns":3},{"damage":1,"enemies":"Cultist","floor":2,"turns":4},{"damage":2,"enemies":"Jaw Worm","floor":4,"turns":5},{"damage":4,"enemies":"3 Louse","floor":5,"turns":5},{"damage":18,"enemies":"Gremlin Nob","floor":6,"turns":4},{"damage":29,"enemies":"Lagavulin Event","floor":7,"turns":6},{"damage":26,"enemies":"3 Sentries","floor":10,"turns":8},{"damage":24,"enemies":"Gremlin Nob","floor":12,"turns":4},{"damage":0,"enemies":"Slime Boss","floor":16,"turns":5},{"damage":20,"enemies":"Spheric Guardian","floor":18,"turns":4},{"damage":10,"enemies":"Chosen","floor":19,"turns":5},{"damage":22,"enemies":"Snecko","floor":21,"turns":5},{"damage":32,"enemies":"Gremlin Leader","floor":23,"turns":6},{"damage":25,"enemies":"Slavers","floor":25,"turns":4},{"damage":34,"enemies":"Book of Stabbing","floor":27,"turns":7},{"damage":0,"enemies":"Snake Plant","floor":31,"turns":3},{"damage":73,"enemies":"Automaton","floor":33,"turns":10},{"damage":12,"enemies":"3 Shapes","floor":35,"turns":3},{"damage":1,"enemies":"3 Darklings","floor":36,"turns":6},{"damage":28,"enemies":"Nemesis","floor":40,"turns":5},{"damage":31,"enemies":"Reptomancer","floor":42,"turns":5},{"damage":0,"enemies":"Nemesis","floor":47,"turns":3},{"damage":2,"enemies":"Sphere and 2 Shapes","floor":48,"turns":3},{"damage":65,"enemies":"Donu and Deca","floor":50,"turns":8},{"damage":30,"enemies":"Shield and Spear","floor":54,"turns":6},{"damage":59,"enemies":"The Heart","floor":55,"turns":7}],"seed_played":"7712603291988930750","potions_obtained":[{"floor":4,"key":"SkillPotion"},{"floor":7,"key":"BloodPotion"},{"floor":10,"key":"SkillPotion"},{"floor":12,"key":"Dexterity Potion"},{"floor":23,"key":"BloodPotion"},{"floor":25,"key":"SpeedPotion"},{"floor":33,"key":"SmokeBomb"},{"floor":36,"key":"Swift Potion"},{"floor":40,"key":"Swift Potion"},{"floor":47,"key":"Strength Potion"}],"is_trial":false,"path_per_floor":["M","M","?","M","M","E","?","R","T","E","?","E","R","T","R","B",null,"M","M","?","M","$","E","R","E","T","E","R","$","R","M","R","B",null,"M","M","?","T","$","E","T","E","T","R","?","R","E","M","R","B",null,"R","$","E","B",null],"character_chosen":"IRONCLAD","items_purchased":["Frozen Egg 2","Inflame+1","Shrug It Off","Sling","PowerPotion"],"campfire_rested":4,"item_purchase_floors":[22,22,29,29,53],"current_hp_per_floor":[80,80,80,80,80,68,59,59,59,57,38,32,32,32,60,66,94,80,83,83,74,74,80,80,61,61,55,55,55,55,61,61,22,94,88,94,94,94,94,72,72,59,59,59,59,87,93,94,94,56,94,94,94,70,29],"gold":74,"neow_bonus":"RANDOM_COMMON_RELIC","is_prod":false,"is_daily":false,"chose_seed":false,"campfire_upgraded":6,"win_rate":0,"timestamp":1549088420,"path_taken":["M","M","?","M","?","E","?","R","T","E","?","E","R","?","R","BOSS","M","M","?","M","$","E","R","E","T","E","R","?","R","M","R","BOSS","M","M","?","?","$","E","?","E","T","R","?","R","E","M","R","BOSS","R","$","E","BOSS"],"build_version":"2019-01-23","purchased_purges":2,"victory":true,"max_hp_per_floor":[80,80,80,80,80,80,94,94,94,94,94,94,94,94,94,94,94,94,94,94,94,94,94,94,94,94,94,94,94,94,94,94,94,94,94,94,94,94,94,94,94,94,94,94,94,94,94,94,94,94,94,94,94,94,94],"card_choices":[{"not_picked":["Wild Strike","Ghostly Armor"],"picked":"Inflame","floor":1},{"not_picked":["Twin Strike","Thunderclap"],"picked":"Flame Barrier","floor":2},{"not_picked":["Seeing Red","Rupture"],"picked":"Clothesline","floor":4},{"not_picked":["Inflame","Body Slam"],"picked":"Thunderclap","floor":5},{"not_picked":["Spot Weakness","Brutality"],"picked":"Reaper","floor":6},{"not_picked":["Feel No Pain","Anger"],"picked":"Sword Boomerang","floor":7},{"not_picked":["Intimidate","Uppercut"],"picked":"Disarm","floor":10},{"not_picked":["Reaper","Infernal Blade"],"picked":"Whirlwind","floor":12},{"not_picked":["Demon Form","Berserk"],"picked":"Impervious","floor":16},{"not_picked":["Bloodletting","Second Wind"],"picked":"Body Slam+1","floor":18},{"not_picked":["Thunderclap","Pommel Strike","Twin Strike"],"picked":"SKIP","floor":19},{"not_picked":["Iron Wave","Brutality","Warcry"],"picked":"SKIP","floor":21},{"not_picked":["Clothesline","Perfected Strike+1"],"picked":"Uppercut","floor":23},{"not_picked":["Body Slam+1","Flame Barrier","Wild Strike"],"picked":"SKIP","floor":25},{"not_picked":["Sentinel","Cleave"],"picked":"Heavy Blade","floor":27},{"not_picked":["Cleave+1","Wild Strike","Dark Embrace+1"],"picked":"SKIP","floor":31},{"not_picked":["Dark Embrace+1","Fiend Fire"],"picked":"Impervious","floor":33},{"not_picked":["Headbutt+1","Evolve+1","Perfected Strike"],"picked":"SKIP","floor":35},{"not_picked":["Anger+1","Flex+1"],"picked":"Shrug It Off+1","floor":36},{"not_picked":["Fire Breathing+1","Rampage+1","Blood for Blood"],"picked":"SKIP","floor":40},{"not_picked":["Burning Pact+1","Anger","Wild Strike+1"],"picked":"SKIP","floor":42},{"not_picked":["Swift Strike","Bandage Up"],"picked":"Metamorphosis","floor":45},{"not_picked":["Rage+1","Body Slam"],"picked":"Battle Trance+1","floor":47},{"not_picked":["Havoc+1","Wild Strike","Clash+1"],"picked":"SKIP","floor":48},{"not_picked":["Body Slam+1","Sword Boomerang+1"],"picked":"Shockwave","floor":54}],"player_experience":127784,"relics_obtained":[{"floor":6,"key":"Matryoshka"},{"floor":7,"key":"Mango"},{"floor":9,"key":"Omamori"},{"floor":9,"key":"Meat on the Bone"},{"floor":10,"key":"Sundial"},{"floor":12,"key":"Ornamental Fan"},{"floor":14,"key":"Tiny Chest"},{"floor":14,"key":"Mercury Hourglass"},{"floor":17,"key":"Bag of Preparation"},{"floor":17,"key":"Shuriken"},{"floor":17,"key":"WingedGreaves"},{"floor":23,"key":"MawBank"},{"floor":25,"key":"Mummified Hand"},{"floor":27,"key":"Anchor"},{"floor":38,"key":"Du-Vu Doll"},{"floor":40,"key":"Self Forming Clay"},{"floor":41,"key":"Vajra"},{"floor":42,"key":"Bottled Tornado"},{"floor":43,"key":"Darkstone Periapt"},{"floor":47,"key":"Smiling Mask"},{"floor":54,"key":"Bag of Marbles"}],"event_choices":[{"damage_healed":0,"gold_gain":0,"player_choice":"Paid Gold","damage_taken":0,"relics_obtained":["Letter Opener"],"max_hp_gain":0,"max_hp_loss":0,"event_name":"WeMeetAgain","floor":3,"gold_loss":72},{"damage_healed":0,"gold_gain":0,"player_choice":"Searched \u00271\u0027 times","damage_taken":0,"max_hp_gain":0,"max_hp_loss":0,"event_name":"Dead Adventurer","floor":7,"gold_loss":0},{"damage_healed":0,"gold_gain":0,"player_choice":"Entered Light","damage_taken":19,"max_hp_gain":0,"max_hp_loss":0,"event_name":"Shining Light","floor":11,"gold_loss":0,"cards_upgraded":["Defend_R","Strike_R"]},{"damage_healed":0,"gold_gain":99,"player_choice":"Stole From Cult","damage_taken":0,"max_hp_gain":0,"max_hp_loss":0,"event_name":"Nest","floor":20,"gold_loss":0},{"damage_healed":0,"gold_gain":0,"player_choice":"Paid","damage_taken":0,"relics_obtained":["Red Mask"],"max_hp_gain":0,"max_hp_loss":0,"event_name":"Tomb of Lord Red Mask","floor":37,"gold_loss":211},{"damage_healed":0,"gold_gain":0,"player_choice":"Memory 1","damage_taken":0,"max_hp_gain":0,"max_hp_loss":0,"event_name":"SensoryStone","floor":45,"gold_loss":0}],"is_beta":false,"boss_relics":[{"not_picked":["Ectoplasm","Snecko Eye"],"picked":"Calling Bell"},{"not_picked":["Lizard Tail","Runic Cube"],"picked":"Fusion Hammer"}],"items_purged_floors":[22,53],"is_endless":false,"potions_floor_spawned":[4,7,10,12,23,25,33,36,40,47],"ascension_level":1}