{"gold_per_floor":[119,86,86,61,81,81,91,102,181,194,214,231,37,54,54,155,155,120,120,120,138,157,157,257,98,98,108,125,125,142,52,52,151,151,166,178,7,20,36,36,61,61,108,123,123,123,38,50,50,50],"floor_reached":50,"playtime":5288,"items_purged":["Strike_G"],"score":495,"play_id":"3ef96b11-f204-40a7-a995-b6439ea81479","local_time":"20190131060206","is_ascension_mode":false,"campfire_choices":[{"data":"Survivor","floor":6,"key":"SMITH"},{"floor":15,"key":"REST"},{"data":"Neutralize","floor":23,"key":"SMITH"},{"data":"Expertise","floor":29,"key":"SMITH"},{"floor":32,"key":"REST"},{"floor":40,"key":"REST"},{"floor":42,"key":"REST"},{"data":"Well Laid Plans","floor":45,"key":"SMITH"},{"floor":49,"key":"REST"}],"neow_cost":"NONE","seed_source_timestamp":323299336235759,"circlet_count":0,"master_deck":["Defend_G+1","Defend_G","Defend_G","Defend_G","Strike_G","Strike_G","Strike_G","Strike_G","Survivor+1","Neutralize+1","Deflect","Expertise+1","Backflip","Slice","Flying Knee","Flying Knee","Phantasmal Killer+1","Footwork","Footwork","Backflip+1","Outmaneuver+1","Bullet Time+1","Quick Slash","Deflect+1","Outmaneuver+1","Well Laid Plans+1","Backstab","Quick Slash","Distraction+1","Noxious Fumes+1","Backstab","Burst+1","Blade Dance+1","Prepared+1","Terror+1","Infinite Blades+1","Burst+1","Noxious Fumes+1","Escape Plan+1","Magnetism+1","Dramatic Entrance","Trip+1","Finisher","Prepared+1","Deflect+1"],"relics":["Ring of the Serpent","Bag of Marbles","CultistMask","Toxic Egg 2","WristBlade","MutagenicStrength","Frozen Egg 2","Snake Skull","Bronze Scales"],"potions_floor_usage":[14,16,27,27,33,33,39,50,50],"damage_taken":[{"damage":0,"enemies":"Small Slimes","floor":1,"turns":4},{"damage":2,"enemies":"Cultist","floor":5,"turns":4},{"damage":2,"enemies":"Jaw Worm","floor":7,"turns":4},{"damage":0,"enemies":"Gremlin Gang","floor":8,"turns":5},{"damage":2,"enemies":"2 Fungi Beasts","floor":10,"turns":4},{"damage":4,"enemies":"Blue Slaver","floor":11,"turns":4},{"damage":7,"enemies":"Large Slime","floor":12,"turns":6},{"damage":7,"enemies":"Gremlin Gang","floor":14,"turns":6},{"damage":53,"enemies":"The Guardian","floor":16,"turns":20},{"damage":3,"enemies":"2 Thieves","floor":18,"turns":5},{"damage":0,"enemies":"3 Byrds","floor":21,"turns":7},{"damage":0,"enemies":"Centurion and Healer","floor":22,"turns":9},{"damage":9,"enemies":"Snake Plant","floor":27,"turns":5},{"damage":0,"enemies":"Shelled Parasite and Fungi","floor":28,"turns":8},{"damage":3,"enemies":"Snecko","floor":30,"turns":4},{"damage":28,"enemies":"Champ","floor":33,"turns":11},{"damage":0,"enemies":"Orb Walker","floor":35,"turns":3},{"damage":3,"enemies":"3 Shapes","floor":36,"turns":4},{"damage":8,"enemies":"Transient","floor":38,"turns":5},{"damage":12,"enemies":"Maw","floor":39,"turns":7},{"damage":28,"enemies":"Giant Head","floor":41,"turns":7},{"damage":0,"enemies":"Jaw Worm Horde","floor":44,"turns":5},{"damage":1,"enemies":"3 Darklings","floor":48,"turns":3},{"damage":78,"enemies":"Time Eater","floor":50,"turns":6}],"seed_played":"5336617946204617901","potions_obtained":[{"floor":5,"key":"Weak Potion"},{"floor":10,"key":"Energy Potion"},{"floor":14,"key":"GhostInAJar"},{"floor":16,"key":"FearPotion"},{"floor":21,"key":"SkillPotion"},{"floor":27,"key":"Weak Potion"},{"floor":30,"key":"Explosive Potion"},{"floor":41,"key":"Strength Potion"},{"floor":44,"key":"Block Potion"}],"is_trial":false,"path_per_floor":["?","$","M","M","?","?","?","M","?","M","?"],"character_chosen":"THE_SILENT","items_purchased":["Expertise","Backflip","Footwork","Backflip+1","Well Laid Plans","Backstab","Quick Slash","Terror+1","Infinite Blades+1","Weak Potion","Finisher","Prepared+1"],"campfire_rested":5,"item_purchase_floors":[2,4,13,13,25,25,25,37,37,37,47,47],"current_hp_per_floor":[70,70,70,70,68,68,66,66,66,64,60,53,53,46,67,14,70,67,67,67,67,67,67,67,67,67,58,58,58,55,55,70,42,70,70,67,67,59,47,68,40,61,61,61,61,51,51,50,70,0],"gold":50,"neow_bonus":"RANDOM_COMMON_RELIC","is_prod":false,"is_daily":false,"chose_seed":false,"campfire_upgraded":4,"win_rate":0.0,"timestamp":1548910926,"path_taken":["M","$","?","?","M","R","M","M","T","M","M","?","$","?","R","BOSS","M","?","?","M","M","R","?","$","T","M","?","R","M","?","R","BOSS","M","M","$","?","M","R","E","R","T","M","R","?","$","M","R","BOSS"],"build_version":"2019-01-23","purchased_purges":1,"victory":false,"max_hp_per_floor":[70,70,70,70,70,70,70,70,70,70,70,70,70,70,70,70,70,70,70,70,70,70,70,70,70,70,70,70,70,70,70,70,70,70,70,70,70,70,70,70,70,70,70,70,70,70,70,70,70,70],"card_choices":[{"not_picked":["Dagger Spray","Heel Hook"],"picked":"Deflect","floor":1},{"not_picked":["Finisher","Dagger Spray"],"picked":"Slice","floor":5},{"not_picked":["Caltrops","Sucker Punch","Tactician"],"picked":"SKIP","floor":7},{"not_picked":["Bane","Terror"],"picked":"Flying Knee","floor":8},{"not_picked":["Choke","Dagger Throw"],"picked":"Flying Knee","floor":10},{"not_picked":["Slice","PiercingWail+1"],"picked":"Phantasmal Killer+1","floor":11},{"not_picked":["Expertise+1","Bane"],"picked":"Footwork","floor":12},{"not_picked":["Leg Sweep+1","Bane"],"picked":"Outmaneuver+1","floor":14},{"not_picked":["Doppelganger+1","Glass Knife"],"picked":"Bullet Time+1","floor":16},{"not_picked":["Reflex+1","Poisoned Stab"],"picked":"Quick Slash","floor":18},{"not_picked":["Acrobatics+1","Bane"],"picked":"Deflect+1","floor":21},{"not_picked":["Escape Plan+1","Poisoned Stab+1"],"picked":"Outmaneuver+1","floor":22},{"not_picked":["Quick Slash+1","Caltrops+1"],"picked":"Distraction+1","floor":27},{"not_picked":["Predator","Finisher"],"picked":"Noxious Fumes+1","floor":28},{"not_picked":["Dagger Spray","Poisoned Stab"],"picked":"Backstab","floor":30},{"not_picked":["Phantasmal Killer+1","Die Die Die"],"picked":"Burst+1","floor":33},{"not_picked":["Prepared+1","Deadly Poison+1"],"picked":"Blade Dance+1","floor":35},{"not_picked":["Predator","Sucker Punch+1"],"picked":"Prepared+1","floor":36},{"not_picked":["Underhanded Strike","Bane+1"],"picked":"Burst+1","floor":38},{"not_picked":["Poisoned Stab+1","Backflip+1"],"picked":"Noxious Fumes+1","floor":39},{"not_picked":["Poisoned Stab+1","Dagger Spray","Predator+1"],"picked":"SKIP","floor":41},{"not_picked":["Slice","Dagger Spray"],"picked":"Escape Plan+1","floor":44},{"not_picked":["Transmutation+1","Enlightenment+1"],"picked":"Magnetism+1","floor":46},{"not_picked":["Discovery+1","Forethought+1"],"picked":"Dramatic Entrance","floor":46},{"not_picked":["Secret Weapon+1","Impatience+1"],"picked":"Trip+1","floor":46},{"not_picked":["Leg Sweep+1","Sucker Punch"],"picked":"Deflect+1","floor":48}],"player_experience":66302,"relics_obtained":[{"floor":9,"key":"Toxic Egg 2"},{"floor":26,"key":"Frozen Egg 2"},{"floor":41,"key":"Snake Skull"},{"floor":43,"key":"Bronze Scales"}],"event_choices":[{"damage_healed":0,"gold_gain":0,"player_choice":"Trade","damage_taken":0,"relics_obtained":["CultistMask"],"max_hp_gain":0,"max_hp_loss":0,"event_name":"FaceTrader","floor":3,"gold_loss":0},{"damage_healed":0,"gold_gain":0,"player_choice":"Ignored","damage_taken":0,"max_hp_gain":0,"max_hp_loss":0,"event_name":"Ghosts","floor":19,"gold_loss":0},{"damage_healed":0,"gold_gain":0,"player_choice":"Inject Mutagens","damage_taken":0,"relics_obtained":["MutagenicStrength"],"max_hp_gain":0,"max_hp_loss":0,"event_name":"Drug Dealer","floor":20,"gold_loss":0},{"damage_healed":0,"gold_gain":100,"player_choice":"Pray","damage_taken":0,"max_hp_gain":0,"max_hp_loss":0,"event_name":"Golden Shrine","floor":24,"gold_loss":0},{"cards_removed":["Defend_G"],"damage_healed":0,"gold_gain":0,"player_choice":"Upgrade and Remove","damage_taken":0,"max_hp_gain":0,"max_hp_loss":0,"event_name":"Designer","floor":31,"gold_loss":90,"cards_upgraded":["Defend_G"]},{"damage_healed":0,"gold_gain":0,"player_choice":"Memory 3","damage_taken":10,"max_hp_gain":0,"max_hp_loss":0,"event_name":"SensoryStone","floor":46,"gold_loss":0}],"is_beta":false,"boss_relics":[{"not_picked":["Lizard Tail","Black Star"],"picked":"WristBlade"},{"not_picked":["Astrolabe","Runic Dome"],"picked":"Ring of the Serpent"}],"items_purged_floors":[13],"is_endless":false,"potions_floor_spawned":[5,10,14,16,21,27,30,41,44],"killed_by":"Time Eater","ascension_level":0}