{"gold_per_floor":[112,126,226,241,241,241,257,257,257,267,267,267,297,311,311,407,407,391,409,334,125,142,142,157,157,157,175,175,175,209,34,34,134,134,150,75,75,75,88,88,19,32,32,49,49],"floor_reached":45,"playtime":34021,"items_purged":["Steam Power"],"score":486,"play_id":"03cbb5ed-d02b-4361-a366-6dac37a1640f","local_time":"20190201024219","is_ascension_mode":true,"campfire_choices":[{"floor":6,"key":"RECALL"},{"floor":11,"key":"REST"},{"data":"Redo","floor":15,"key":"SMITH"},{"data":"Zap","floor":23,"key":"SMITH"},{"data":"Zap","floor":25,"key":"SMITH"},{"data":"Dualcast","floor":32,"key":"SMITH"},{"data":"Rainbow","floor":40,"key":"SMITH"}],"neow_cost":"NONE","seed_source_timestamp":15191641734705,"circlet_count":0,"master_deck":["Strike_B","Strike_B","Defend_B","Defend_B","Defend_B","Zap+1","Dualcast+1","Skim","Coolheaded","Coolheaded","Undo","Glacier","Zap+1","Conserve Battery","Redo+1","Buffer+1","Heatsinks+1","Hello World+1","Leap","Coolheaded+1","Conserve Battery+1","Ghostly","Ghostly","Ghostly","Ghostly","Ghostly","Meteor Strike","Echo Form+1","Hologram","Conserve Battery","Rainbow+1","Leap+1","Self Repair+1","Hologram","Storm+1","Doom and Gloom+1","Scrape+1"],"relics":["Cracked Core","Frozen Egg 2","Calipers","Sozu","Red Mask","Nuclear Battery","Toxic Egg 2"],"potions_floor_usage":[10,10,13,16,16,16,33],"damage_taken":[{"damage":0,"enemies":"Small Slimes","floor":1,"turns":2},{"damage":1,"enemies":"Cultist","floor":2,"turns":3},{"damage":0,"enemies":"2 Louse","floor":4,"turns":2},{"damage":23,"enemies":"Large Slime","floor":7,"turns":9},{"damage":2,"enemies":"Looter","floor":10,"turns":4},{"damage":7,"enemies":"3 Sentries","floor":13,"turns":10},{"damage":4,"enemies":"2 Fungi Beasts","floor":14,"turns":4},{"damage":25,"enemies":"Hexaghost","floor":16,"turns":13},{"damage":8,"enemies":"2 Thieves","floor":18,"turns":4},{"damage":0,"enemies":"Shell Parasite","floor":19,"turns":12},{"damage":7,"enemies":"Snake Plant","floor":22,"turns":7},{"damage":0,"enemies":"Snecko","floor":24,"turns":7},{"damage":31,"enemies":"Cultist and Chosen","floor":27,"turns":11},{"damage":0,"enemies":"Masked Bandits","floor":30,"turns":10},{"damage":16,"enemies":"Automaton","floor":33,"turns":16},{"damage":0,"enemies":"3 Shapes","floor":35,"turns":6},{"damage":0,"enemies":"Orb Walker","floor":39,"turns":7},{"damage":8,"enemies":"3 Darklings","floor":42,"turns":8},{"damage":2,"enemies":"Sphere and 2 Shapes","floor":44,"turns":7},{"damage":63,"enemies":"Giant Head","floor":45,"turns":10}],"seed_played":"3934747923043127740","potions_obtained":[{"floor":1,"key":"EntropicBrew"},{"floor":13,"key":"SkillPotion"},{"floor":14,"key":"PowerPotion"},{"floor":16,"key":"SteroidPotion"}],"is_trial":false,"path_per_floor":["?","M","?","?","?","M","?","?","?","?","?","?","M","M"],"character_chosen":"DEFECT","items_purchased":["Hello World+1","Leap","Echo Form+1","Hologram","Conserve Battery","Self Repair+1","Storm+1"],"campfire_rested":1,"item_purchase_floors":[21,21,31,31,31,36,41],"current_hp_per_floor":[82,81,81,81,74,74,51,51,51,49,73,73,66,62,62,37,82,74,74,74,74,67,67,67,67,67,36,36,36,36,36,36,20,41,41,41,41,41,41,41,41,33,33,41,0],"gold":49,"neow_bonus":"TEN_PERCENT_HP_BONUS","is_prod":false,"is_daily":false,"chose_seed":false,"campfire_upgraded":5,"win_rate":0,"timestamp":1548985339,"path_taken":["M","M","?","?","?","R","M","?","T","M","R","?","E","?","R","BOSS","M","M","?","$","M","R","M","R","T","M","?","?","?","$","R","BOSS","M","$","?","?","?","R","$","M","T","?","E"],"build_version":"2019-01-23","purchased_purges":1,"victory":false,"max_hp_per_floor":[82,82,82,82,82,82,82,82,82,82,82,82,82,82,82,82,82,82,82,82,82,82,82,82,82,82,82,41,41,41,41,41,41,41,41,41,41,41,41,41,41,41,41,41,41],"card_choices":[{"not_picked":["Hologram","Leap"],"picked":"Skim","floor":1},{"not_picked":["Recycle","Cold Snap"],"picked":"Coolheaded","floor":2},{"not_picked":["Compile Driver","Leap"],"picked":"Coolheaded","floor":4},{"not_picked":["Steam","Compile Driver"],"picked":"Undo","floor":7},{"not_picked":["Recycle","Rebound"],"picked":"Glacier","floor":10},{"not_picked":["White Noise","Rebound"],"picked":"Conserve Battery","floor":13},{"not_picked":["Sweeping Beam","Multi-Cast"],"picked":"Redo","floor":14},{"not_picked":["Biased Cognition+1","Seek"],"picked":"Buffer+1","floor":16},{"not_picked":["Go for the Eyes","Coolheaded"],"picked":"Heatsinks+1","floor":18},{"not_picked":["Beam Cell","Ball Lightning","Sweeping Beam"],"picked":"SKIP","floor":19},{"not_picked":["Hologram","Skim+1"],"picked":"Coolheaded+1","floor":22},{"not_picked":["Coolheaded","Cold Snap","Turbo"],"picked":"SKIP","floor":24},{"not_picked":["Double Energy","Leap"],"picked":"Conserve Battery+1","floor":27},{"not_picked":["Fission","Echo Form+1"],"picked":"Rainbow","floor":33},{"not_picked":["Rebound+1","Cold Snap+1"],"picked":"Leap+1","floor":35},{"not_picked":["Conserve Battery","Steam"],"picked":"Hologram","floor":39},{"not_picked":["Aggregate","Conserve Battery+1"],"picked":"Doom and Gloom+1","floor":42},{"not_picked":["Reinforced Body+1","FTL"],"picked":"Scrape+1","floor":44}],"player_experience":79900,"relics_obtained":[{"floor":9,"key":"Frozen Egg 2"},{"floor":13,"key":"Calipers"},{"floor":30,"key":"Red Mask"},{"floor":43,"key":"Toxic Egg 2"}],"event_choices":[{"damage_healed":0,"gold_gain":100,"player_choice":"Pray","damage_taken":0,"max_hp_gain":0,"max_hp_loss":0,"event_name":"Golden Shrine","floor":3,"gold_loss":0},{"cards_removed":["Defend_B"],"damage_healed":0,"gold_gain":0,"player_choice":"Card Removal","damage_taken":7,"max_hp_gain":0,"max_hp_loss":0,"event_name":"Golden Wing","floor":5,"gold_loss":0},{"damage_healed":0,"gold_gain":0,"player_choice":"Ignored","damage_taken":0,"max_hp_gain":0,"max_hp_loss":0,"event_name":"Liars Game","floor":8,"gold_loss":0},{"damage_healed":0,"gold_gain":0,"player_choice":"2 cards matched","damage_taken":0,"max_hp_gain":0,"max_hp_loss":0,"event_name":"Match and Keep!","floor":12,"gold_loss":0,"cards_obtained":["Zap","Steam Power"]},{"cards_removed":["Strike_B"],"damage_healed":0,"gold_gain":0,"player_choice":"Gave Gold","damage_taken":0,"max_hp_gain":0,"max_hp_loss":0,"event_name":"Beggar","floor":20,"gold_loss":75},{"damage_healed":0,"gold_gain":0,"player_choice":"Became a Ghost","damage_taken":0,"max_hp_gain":0,"max_hp_loss":41,"event_name":"Ghosts","floor":28,"gold_loss":0,"cards_obtained":["Ghostly","Ghostly","Ghostly","Ghostly","Ghostly"]},{"damage_healed":0,"gold_gain":0,"player_choice":"Read","damage_taken":0,"max_hp_gain":0,"max_hp_loss":0,"event_name":"The Library","floor":29,"gold_loss":0,"cards_obtained":["Meteor Strike"]},{"damage_healed":0,"gold_gain":0,"player_choice":"Fought Bandits","damage_taken":0,"max_hp_gain":0,"max_hp_loss":0,"event_name":"Masked Bandits","floor":30,"gold_loss":0},{"cards_removed":["Strike_B"],"damage_healed":0,"gold_gain":0,"player_choice":"Removed Attack","damage_taken":0,"max_hp_gain":0,"max_hp_loss":0,"event_name":"Falling","floor":37,"gold_loss":0},{"damage_healed":0,"gold_gain":0,"player_choice":"Bought 0 Potions","damage_taken":0,"max_hp_gain":0,"max_hp_loss":0,"event_name":"The Woman in Blue","floor":38,"gold_loss":0}],"is_beta":false,"boss_relics":[{"not_picked":["Pandora\u0027s Box","Astrolabe"],"picked":"Sozu"},{"not_picked":["Calling Bell","Tiny House"],"picked":"Nuclear Battery"}],"items_purged_floors":[21],"is_endless":false,"potions_floor_spawned":[1,13,14,16,18,22,30,33,35,42],"killed_by":"Giant Head","ascension_level":1}