{"gold_per_floor":[113,3,3,16,34,34,34,34,59,92,109,119,132,142,142,239,239,254,154,154,29,41,41,56,90,116,116,116,116,128,128,128,232,232,246,96,96,96,113,113,32,32,56,71,71,71],"floor_reached":47,"playtime":1266,"items_purged":["Strike_G","Strike_G","Strike_G","Defend_G"],"score":946,"play_id":"15bf70c0-ea64-4bb5-9a66-c3c7506cffff","local_time":"20181130225136","is_ascension_mode":true,"campfire_choices":[{"data":"Bouncing Flask","floor":6,"key":"SMITH"},{"data":"Neutralize","floor":8,"key":"SMITH"},{"data":"Catalyst","floor":15,"key":"SMITH"},{"data":"Burst","floor":23,"key":"SMITH"},{"data":"Footwork","floor":27,"key":"SMITH"},{"data":"Well Laid Plans","floor":28,"key":"SMITH"},{"floor":32,"key":"REST"},{"data":"Escape Plan","floor":40,"key":"SMITH"},{"data":"Deep Breath","floor":42,"key":"SMITH"}],"neow_cost":"NONE","seed_source_timestamp":9280079173392,"circlet_count":0,"master_deck":["Defend_G+1","Defend_G","Defend_G","Survivor","Neutralize+1","Catalyst+1","Bouncing Flask+1","Dagger Spray","Dash","Well Laid Plans+1","Cloak And Dagger","PiercingWail","Escape Plan+1","Burst+1","Deadly Poison+1","Footwork+1","Deep Breath+1","Escape Plan+1"],"relics":["Ring of the Snake","NeowsBlessing","Ancient Tea Set","Sundial","Runic Dome","WingedGreaves","Dream Catcher","Empty Cage","Juzu Bracelet"],"potions_floor_usage":[10,16,25,30,31,31,46,46,46],"damage_taken":[{"damage":0,"enemies":"Small Slimes","floor":1,"turns":1},{"damage":0,"enemies":"Jaw Worm","floor":4,"turns":1},{"damage":0,"enemies":"Cultist","floor":5,"turns":1},{"damage":7,"enemies":"3 Sentries","floor":10,"turns":5},{"damage":6,"enemies":"Exordium Thugs","floor":11,"turns":6},{"damage":0,"enemies":"2 Fungi Beasts","floor":12,"turns":3},{"damage":1,"enemies":"Blue Slaver","floor":13,"turns":4},{"damage":0,"enemies":"3 Louse","floor":14,"turns":2},{"damage":10,"enemies":"The Guardian","floor":16,"turns":8},{"damage":0,"enemies":"Shell Parasite","floor":18,"turns":2},{"damage":0,"enemies":"Spheric Guardian","floor":22,"turns":3},{"damage":0,"enemies":"Snake Plant","floor":24,"turns":3},{"damage":6,"enemies":"Book of Stabbing","floor":25,"turns":4},{"damage":0,"enemies":"3 Cultists","floor":30,"turns":4},{"damage":3,"enemies":"Colosseum Slavers","floor":31,"turns":5},{"damage":11,"enemies":"Collector","floor":33,"turns":4},{"damage":0,"enemies":"3 Shapes","floor":35,"turns":8},{"damage":0,"enemies":"Orb Walker","floor":39,"turns":1},{"damage":8,"enemies":"Sphere and 2 Shapes","floor":44,"turns":4},{"damage":36,"enemies":"Donu and Deca","floor":46,"turns":8}],"seed_played":"-3625369893223120047","potions_obtained":[{"floor":1,"key":"Explosive Potion"},{"floor":4,"key":"GamblersBrew"},{"floor":12,"key":"SpeedPotion"},{"floor":16,"key":"Swift Potion"},{"floor":25,"key":"PowerPotion"},{"floor":30,"key":"EntropicBrew"},{"floor":35,"key":"SkillPotion"}],"is_trial":false,"path_per_floor":["M","$","?","M","M","R","?","R","T","E","M","M","M","M","R","B",null,"M","$","?","$","M","R","M","E","T","R","R","$","M","?","R","B",null,"M","$","?","?","M","R","$","R","T","M","?","B",null],"character_chosen":"THE_SILENT","items_purchased":["Bouncing Flask","Deep Breath"],"campfire_rested":1,"item_purchase_floors":[2,41],"current_hp_per_floor":[63,63,49,49,49,49,49,49,49,42,36,36,35,35,35,25,59,59,59,46,46,46,46,46,40,40,40,40,40,40,37,59,48,68,68,68,68,68,68,68,68,68,68,60,60,24],"gold":71,"neow_bonus":"THREE_ENEMY_KILL","is_prod":false,"is_daily":false,"chose_seed":false,"campfire_upgraded":8,"win_rate":0,"timestamp":1543618296,"path_taken":["M","$","?","M","M","R","?","R","T","E","M","M","?","M","R","BOSS","M","$","?","$","M","R","M","E","T","R","R","$","M","?","R","BOSS","M","$","?","?","M","R","$","R","T","M","?","BOSS"],"build_version":"2018-11-15","purchased_purges":4,"victory":true,"max_hp_per_floor":[70,70,70,70,70,70,70,70,70,70,70,70,70,70,70,70,70,70,70,75,75,75,75,75,75,75,75,75,75,75,75,75,75,75,75,75,75,71,71,71,71,71,71,71,71,71],"card_choices":[{"not_picked":["Outmaneuver","Backflip"],"picked":"Catalyst","floor":1},{"not_picked":["Calculated Gamble","Predator","Slice"],"picked":"SKIP","floor":4},{"not_picked":["Bane","Blade Dance"],"picked":"Dagger Spray","floor":5},{"not_picked":["Cloak And Dagger","Dodge and Roll"],"picked":"Well Laid Plans","floor":10},{"not_picked":["Setup","Slice"],"picked":"Cloak And Dagger","floor":11},{"not_picked":["Reflex","All Out Attack"],"picked":"PiercingWail","floor":12},{"not_picked":["Bane","Expertise"],"picked":"Escape Plan","floor":13},{"not_picked":["Prepared","Dagger Spray","Concentrate"],"picked":"SKIP","floor":14},{"not_picked":["Storm of Steel","Venomology"],"picked":"Burst","floor":16},{"not_picked":["Poisoned Stab","Footwork"],"picked":"Deadly Poison+1","floor":18},{"not_picked":["Bane+1","Sucker Punch","Dodge and Roll"],"picked":"SKIP","floor":22},{"not_picked":["Backstab","Flechettes","Distraction"],"picked":"SKIP","floor":24},{"not_picked":["Heel Hook+1","Flying Knee"],"picked":"Footwork","floor":25},{"not_picked":["Poisoned Stab+1","Backflip","Prepared"],"picked":"SKIP","floor":30},{"not_picked":["Blade Dance+1","Poisoned Stab","Dash"],"picked":"SKIP","floor":35},{"not_picked":["Setup","Blade Dance","Quick Slash"],"picked":"SKIP","floor":39},{"not_picked":["Dodge and Roll","A Thousand Cuts"],"picked":"Escape Plan+1","floor":44}],"player_experience":225050,"relics_obtained":[{"floor":9,"key":"Ancient Tea Set"},{"floor":10,"key":"Sundial"},{"floor":25,"key":"WingedGreaves"},{"floor":26,"key":"Dream Catcher"},{"floor":43,"key":"Juzu Bracelet"}],"event_choices":[{"damage_healed":0,"gold_gain":0,"player_choice":"Entered Light","damage_taken":14,"max_hp_gain":0,"max_hp_loss":0,"event_name":"Shining Light","floor":3,"gold_loss":0,"cards_upgraded":["Defend_G","Strike_G"]},{"damage_healed":0,"gold_gain":0,"cards_transformed":["Strike_G"],"player_choice":"Transformed","damage_taken":0,"max_hp_gain":0,"max_hp_loss":0,"event_name":"Transmorgrifier","floor":7,"gold_loss":0,"cards_obtained":["Dash"]},{"damage_healed":0,"gold_gain":0,"player_choice":"Shed Blood","damage_taken":18,"max_hp_gain":5,"max_hp_loss":0,"event_name":"Forgotten Altar","floor":20,"gold_loss":0},{"damage_healed":0,"gold_gain":0,"player_choice":"Fight","damage_taken":0,"max_hp_gain":0,"max_hp_loss":0,"event_name":"Colosseum","floor":31,"gold_loss":0},{"damage_healed":0,"gold_gain":0,"player_choice":"Fled From Nobs","damage_taken":0,"max_hp_gain":0,"max_hp_loss":0,"event_name":"Colosseum","floor":31,"gold_loss":0},{"damage_healed":0,"gold_gain":0,"player_choice":"Ignored","damage_taken":0,"max_hp_gain":0,"max_hp_loss":0,"event_name":"Mysterious Sphere","floor":37,"gold_loss":0},{"damage_healed":0,"gold_gain":0,"player_choice":"Max HP","damage_taken":0,"max_hp_gain":0,"max_hp_loss":4,"event_name":"Winding Halls","floor":38,"gold_loss":0},{"damage_healed":0,"gold_gain":0,"player_choice":"Took Portal","damage_taken":0,"max_hp_gain":0,"max_hp_loss":0,"event_name":"SecretPortal","floor":45,"gold_loss":0}],"is_beta":false,"boss_relics":[{"not_picked":["Coffee Dripper","Calling Bell"],"picked":"Runic Dome"},{"not_picked":["Ring of the Serpent","Orrery"],"picked":"Empty Cage"}],"items_purged_floors":[2,19,21,36],"is_endless":false,"potions_floor_spawned":[1,4,12,16,25,30,35],"ascension_level":9}