{"gold_per_floor":[109,119,119,21,21,346,361,361,439,458,458,472,483,508,508,508],"floor_reached":16,"playtime":342,"items_purged":["Strike_R"],"score":112,"play_id":"85c028fd-9fe9-43a1-a7b4-5ff04908297f","local_time":"20181209182810","is_ascension_mode":false,"campfire_choices":[{"data":"Inflame","floor":8,"key":"SMITH"},{"data":"Brutality","floor":11,"key":"SMITH"},{"data":"Heavy Blade","floor":15,"key":"SMITH"}],"neow_cost":"NONE","seed_source_timestamp":13848172386291,"circlet_count":0,"master_deck":["Strike_R","Strike_R","Strike_R","Defend_R","Defend_R","Defend_R","Defend_R","Bash","Madness","Thunderclap","Pommel Strike","Flex","Wild Strike","Shrug It Off","Inflame+1","Brutality+1","Inflame","Heavy Blade+1"],"relics":["Burning Blood","Centennial Puzzle","Old Coin","Toxic Egg 2","Letter Opener"],"potions_floor_usage":[6,14],"damage_taken":[{"damage":1,"enemies":"2 Louse","floor":1,"turns":3},{"damage":6,"enemies":"Cultist","floor":2,"turns":3},{"damage":4,"enemies":"Gremlin Nob","floor":6,"turns":3},{"damage":3,"enemies":"Small Slimes","floor":7,"turns":3},{"damage":0,"enemies":"Exordium Wildlife","floor":10,"turns":2},{"damage":15,"enemies":"Large Slime","floor":12,"turns":6},{"damage":12,"enemies":"Looter","floor":13,"turns":3},{"damage":27,"enemies":"3 Sentries","floor":14,"turns":6},{"damage":44,"enemies":"The Guardian","floor":16,"turns":7}],"seed_played":"3358398165489183027","potions_obtained":[{"floor":2,"key":"Block Potion"},{"floor":13,"key":"PowerPotion"}],"is_trial":false,"path_per_floor":["M","M","?","$","?","E","M","R","T","M","R","M","M","E","R","B"],"character_chosen":"IRONCLAD","items_purchased":["Flex"],"campfire_rested":0,"item_purchase_floors":[4],"current_hp_per_floor":[80,80,73,73,73,75,78,78,78,80,80,71,65,44,44,0],"gold":508,"neow_bonus":"RANDOM_COLORLESS","is_prod":false,"is_daily":false,"chose_seed":false,"campfire_upgraded":3,"win_rate":0,"timestamp":1544380090,"path_taken":["M","M","?","$","?","E","M","R","T","M","R","M","?","E","R","BOSS"],"build_version":"2018-12-06","purchased_purges":1,"victory":false,"max_hp_per_floor":[80,80,80,80,80,80,80,80,80,80,80,80,80,80,80,80],"card_choices":[{"not_picked":["Battle Trance","Sword Boomerang"],"picked":"Thunderclap","floor":1},{"not_picked":["True Grit","Clothesline"],"picked":"Pommel Strike","floor":2},{"not_picked":["Carnage","Dual Wield"],"picked":"Shrug It Off","floor":6},{"not_picked":["Entrench","Reckless Charge"],"picked":"Inflame","floor":7},{"not_picked":["Sentinel+1","Anger"],"picked":"Brutality","floor":10},{"not_picked":["Power Through+1","Iron Wave","Clash"],"picked":"SKIP","floor":12},{"not_picked":["Headbutt","Shrug It Off+1"],"picked":"Inflame","floor":13},{"not_picked":["Ghostly Armor+1","True Grit+1"],"picked":"Heavy Blade","floor":14}],"player_experience":256261,"relics_obtained":[{"floor":6,"key":"Old Coin"},{"floor":9,"key":"Toxic Egg 2"},{"floor":14,"key":"Letter Opener"}],"event_choices":[{"damage_healed":0,"gold_gain":0,"player_choice":"Success","damage_taken":7,"relics_obtained":["Centennial Puzzle"],"max_hp_gain":0,"max_hp_loss":0,"event_name":"Scrap Ooze","floor":3,"gold_loss":0},{"damage_healed":0,"gold_gain":0,"cards_transformed":["Strike_R"],"player_choice":"Transformed","damage_taken":0,"max_hp_gain":0,"max_hp_loss":0,"event_name":"Transmorgrifier","floor":5,"gold_loss":0,"cards_obtained":["Wild Strike"]}],"is_beta":false,"boss_relics":[],"items_purged_floors":[4],"is_endless":false,"potions_floor_spawned":[2,13],"killed_by":"The Guardian","ascension_level":0}