{"gold_per_floor":[119,119,119,44,44,44,77,95,95,112,139,16,16,28,28,28],"floor_reached":16,"playtime":316,"items_purged":["Strike_R","Strike_R"],"score":178,"play_id":"50ec830a-70cb-4432-96c6-41f608186e93","local_time":"20181201221009","is_ascension_mode":true,"campfire_choices":[{"data":"Searing Blow","floor":6,"key":"SMITH"},{"data":"Armaments","floor":15,"key":"SMITH"}],"neow_cost":"NONE","seed_source_timestamp":15666238009501,"circlet_count":0,"master_deck":["AscendersBane","Strike_R","Strike_R","Strike_R","Defend_R","Defend_R","Defend_R","Defend_R","Bash","Deep Breath","Searing Blow+1","Thunderclap","Rage","Evolve","Armaments+1","Demon Form"],"relics":["Burning Blood","Mummified Hand","Art of War","Letter Opener","Centennial Puzzle","Prayer Wheel"],"potions_floor_usage":[7,11,11],"damage_taken":[{"damage":3,"enemies":"2 Louse","floor":1,"turns":4},{"damage":32,"enemies":"Gremlin Nob","floor":7,"turns":5},{"damage":7,"enemies":"Jaw Worm","floor":8,"turns":3},{"damage":7,"enemies":"Small Slimes","floor":10,"turns":3},{"damage":28,"enemies":"3 Sentries","floor":11,"turns":7},{"damage":10,"enemies":"Blue Slaver","floor":14,"turns":3},{"damage":33,"enemies":"Hexaghost","floor":16,"turns":9}],"seed_played":"-834327557969977066","potions_obtained":[{"floor":1,"key":"Regen Potion"},{"floor":8,"key":"LiquidBronze"},{"floor":10,"key":"FearPotion"}],"is_trial":false,"path_per_floor":["M","?","T","$","?","R","E","M","T","M","E","$","?","M","R","B"],"character_chosen":"IRONCLAD","items_purchased":["Armaments"],"campfire_rested":0,"item_purchase_floors":[12],"current_hp_per_floor":[75,75,75,75,72,72,58,57,57,56,34,34,34,30,30,0],"gold":28,"neow_bonus":"RANDOM_COLORLESS","is_prod":false,"is_daily":false,"chose_seed":false,"campfire_upgraded":2,"win_rate":0,"timestamp":1543702209,"path_taken":["M","?","?","$","?","R","E","M","T","M","E","?","?","M","R","BOSS"],"build_version":"2018-11-15","purchased_purges":2,"victory":false,"max_hp_per_floor":[80,80,80,80,80,80,80,80,80,80,80,80,80,80,80,80],"card_choices":[{"not_picked":["Warcry","Bloodletting"],"picked":"Searing Blow","floor":1},{"not_picked":["Hemokinesis","Heavy Blade","Pommel Strike"],"picked":"SKIP","floor":7},{"not_picked":["Fire Breathing","True Grit"],"picked":"Thunderclap","floor":8},{"not_picked":["Wild Strike","Clash"],"picked":"Rage","floor":10},{"not_picked":["Heavy Blade","Anger"],"picked":"Evolve","floor":11},{"not_picked":["Rupture","Flex"],"picked":"Demon Form","floor":14},{"not_picked":["Clothesline","Heavy Blade","Body Slam"],"picked":"SKIP","floor":14}],"player_experience":234843,"relics_obtained":[{"floor":3,"key":"Mummified Hand"},{"floor":7,"key":"Letter Opener"},{"floor":9,"key":"Centennial Puzzle"},{"floor":11,"key":"Prayer Wheel"}],"event_choices":[{"damage_healed":0,"gold_gain":0,"player_choice":"Ignored","damage_taken":0,"max_hp_gain":0,"max_hp_loss":0,"event_name":"Liars Game","floor":2,"gold_loss":0},{"damage_healed":0,"gold_gain":0,"player_choice":"Success","damage_taken":3,"relics_obtained":["Art of War"],"max_hp_gain":0,"max_hp_loss":0,"event_name":"Scrap Ooze","floor":5,"gold_loss":0},{"damage_healed":0,"gold_gain":0,"player_choice":"Searched \u00270\u0027 times","damage_taken":0,"max_hp_gain":0,"max_hp_loss":0,"event_name":"Dead Adventurer","floor":13,"gold_loss":0}],"is_beta":false,"boss_relics":[],"items_purged_floors":[4,12],"is_endless":false,"potions_floor_spawned":[1,8,10],"killed_by":"Hexaghost","ascension_level":13}