{"gold_per_floor":[117,117,135,145,145,145,2,2,2,32,42,70,85,85,85,187,187,207,222,242,254,101,101,121,121,121,121,152,172,187,187,187,282,282,299,1298,1298,705,717,717,108,108,108,120,120,120,135,153,153,153],"floor_reached":51,"playtime":5448,"items_purged":["Pain","Normality","Normality"],"score":840,"play_id":"61b0e139-a4d7-4e20-ac41-ef7a983e7c09","local_time":"20190104170158","is_ascension_mode":true,"campfire_choices":[{"data":"Anger","floor":6,"key":"SMITH"},{"data":"Bash","floor":8,"key":"SMITH"},{"data":"Seeing Red","floor":15,"key":"SMITH"},{"data":"Rage","floor":23,"key":"SMITH"},{"data":"Double Tap","floor":25,"key":"SMITH"},{"floor":27,"key":"REST"},{"data":"Demon Form","floor":32,"key":"SMITH"},{"data":"Thinking Ahead","floor":40,"key":"SMITH"},{"data":"Strike_R","floor":42,"key":"PURGE"},{"data":"Strike_R","floor":45,"key":"PURGE"},{"data":"Double Tap","floor":49,"key":"SMITH"}],"neow_cost":"NONE","seed_source_timestamp":3370055966013626,"circlet_count":0,"master_deck":["Strike_R","Strike_R","Strike_R","Defend_R","Defend_R","Defend_R+1","Defend_R","Bash+1","Rage+1","Discovery+1","Evolve+1","Anger+1","Demon Form+1","Seeing Red+1","Flex","Double Tap+1","Warcry+1","Pommel Strike+1","Reckless Charge","Wild Strike+1","Power Through","Shrug It Off","Double Tap+1","Thinking Ahead+1","Pummel","Heavy Blade+1","Intimidate+1"],"relics":["Burning Blood","Bag of Preparation","Ancient Tea Set","Kunai","War Paint","Bottled Lightning","WarpedTongs","Philosopher\u0027s Stone","Question Card","Dream Catcher","MutagenicStrength","Busted Crown","GremlinMask","Happy Flower","Bag of Marbles","Blood Vial","Peace Pipe"],"potions_floor_usage":[10,13,21,28,28,30,35,50],"damage_taken":[{"damage":1,"enemies":"Cultist","floor":1,"turns":3},{"damage":1,"enemies":"2 Louse","floor":3,"turns":3},{"damage":0,"enemies":"Jaw Worm","floor":4,"turns":1},{"damage":13,"enemies":"Lagavulin","floor":10,"turns":6},{"damage":5,"enemies":"Gremlin Gang","floor":11,"turns":4},{"damage":18,"enemies":"Gremlin Nob","floor":12,"turns":3},{"damage":2,"enemies":"Exordium Thugs","floor":13,"turns":3},{"damage":9,"enemies":"Slime Boss","floor":16,"turns":5},{"damage":14,"enemies":"Spheric Guardian","floor":18,"turns":4},{"damage":29,"enemies":"2 Thieves","floor":19,"turns":4},{"damage":44,"enemies":"Snake Plant","floor":20,"turns":4},{"damage":6,"enemies":"Sentry and Sphere","floor":21,"turns":3},{"damage":11,"enemies":"Centurion and Healer","floor":24,"turns":3},{"damage":24,"enemies":"Slavers","floor":28,"turns":4},{"damage":4,"enemies":"3 Cultists","floor":29,"turns":5},{"damage":14,"enemies":"Snecko","floor":30,"turns":3},{"damage":7,"enemies":"Champ","floor":33,"turns":5},{"damage":20,"enemies":"3 Darklings","floor":35,"turns":6},{"damage":11,"enemies":"Orb Walker","floor":39,"turns":3},{"damage":2,"enemies":"Maw","floor":44,"turns":4},{"damage":0,"enemies":"4 Shapes","floor":47,"turns":2},{"damage":6,"enemies":"Spire Growth","floor":48,"turns":3},{"damage":1,"enemies":"Awakened One","floor":50,"turns":6}],"seed_played":"2380420540986815400","potions_obtained":[{"floor":1,"key":"Regen Potion"},{"floor":4,"key":"Fire Potion"},{"floor":11,"key":"Explosive Potion"},{"floor":16,"key":"FearPotion"},{"floor":20,"key":"SpeedPotion"},{"floor":24,"key":"Strength Potion"},{"floor":28,"key":"SkillPotion"},{"floor":30,"key":"BloodPotion"},{"floor":33,"key":"EssenceOfSteel"},{"floor":47,"key":"BloodPotion"},{"floor":48,"key":"Regen Potion"}],"is_trial":false,"path_per_floor":["M","?","M","M","?","R","$","R","T","E","M","E","M","?","R","B",null,"M","M","M","M","$","R","M","R","T","R","E","M","M","?","R","B",null,"M","?","?","$","M","R","$","R","T","M","R","?","M","M","R","B",null],"character_chosen":"IRONCLAD","items_purchased":["Ancient Tea Set","Reckless Charge","Happy Flower","Bag of Marbles","Thinking Ahead","Blood Vial","Pummel","Peace Pipe"],"campfire_rested":1,"item_purchase_floors":[7,22,38,38,38,41,41,41],"current_hp_per_floor":[80,80,80,80,80,80,80,80,80,73,74,62,66,66,66,63,80,72,49,11,20,20,20,15,15,15,39,21,23,15,15,15,14,80,74,74,74,74,69,69,69,69,69,75,75,70,78,80,80,80],"gold":153,"neow_bonus":"RANDOM_COMMON_RELIC","is_prod":false,"is_daily":false,"chose_seed":false,"campfire_upgraded":8,"win_rate":0,"timestamp":1546650118,"path_taken":["M","?","M","?","?","R","?","R","T","E","M","E","M","?","R","BOSS","M","M","?","M","$","R","M","R","T","R","E","M","M","?","R","BOSS","M","?","?","$","?","R","$","R","T","M","R","?","M","M","R","BOSS"],"build_version":"2019-01-03v4","purchased_purges":3,"victory":true,"max_hp_per_floor":[80,80,80,80,80,80,80,80,80,80,80,80,80,80,80,80,80,80,80,80,80,80,80,80,80,80,80,80,80,80,80,80,80,80,80,80,80,80,80,80,80,80,80,80,80,80,80,80,80,80],"card_choices":[{"not_picked":["Clash","Clothesline"],"picked":"Rage","floor":1},{"not_picked":["Pommel Strike","Perfected Strike"],"picked":"Evolve","floor":3},{"not_picked":["Clothesline","True Grit"],"picked":"Anger","floor":4},{"not_picked":["Corruption","Bloodletting"],"picked":"Demon Form","floor":10},{"not_picked":["Wild Strike","Pommel Strike","Flex"],"picked":"SKIP","floor":11},{"not_picked":["Wild Strike","Perfected Strike"],"picked":"Seeing Red","floor":12},{"not_picked":["Carnage","Twin Strike"],"picked":"Flex","floor":13},{"not_picked":["Feed","Brutality"],"picked":"Double Tap","floor":16},{"not_picked":["Dual Wield","Combust"],"picked":"Warcry+1","floor":18},{"not_picked":["Feel No Pain","Shrug It Off+1"],"picked":"Pommel Strike+1","floor":19},{"not_picked":["Havoc","Combust","Flex+1"],"picked":"SKIP","floor":20},{"not_picked":["Heavy Blade","Dropkick","Havoc"],"picked":"SKIP","floor":21},{"not_picked":["Clash+1","Cleave"],"picked":"Wild Strike+1","floor":24},{"not_picked":["Shrug It Off+1","Body Slam","Inflame+1"],"picked":"Power Through","floor":28},{"not_picked":["Blood for Blood","Metallicize","Twin Strike+1","Feel No Pain"],"picked":"SKIP","floor":29},{"not_picked":["Intimidate","Infernal Blade","Body Slam"],"picked":"Shrug It Off","floor":30},{"not_picked":["Brutality","Demon Form","Immolate"],"picked":"Double Tap","floor":33},{"not_picked":["Iron Wave","True Grit"],"picked":"SKIP","floor":35},{"not_picked":["Body Slam","Flex"],"picked":"SKIP","floor":39},{"not_picked":["Clothesline"],"picked":"Heavy Blade+1","floor":44},{"not_picked":["Flame Barrier","Cleave"],"picked":"SKIP","floor":47},{"not_picked":["Pommel Strike"],"picked":"Intimidate+1","floor":48}],"player_experience":204797,"relics_obtained":[{"floor":9,"key":"Kunai"},{"floor":10,"key":"War Paint"},{"floor":12,"key":"Bottled Lightning"},{"floor":26,"key":"Question Card"},{"floor":28,"key":"Dream Catcher"}],"event_choices":[{"damage_healed":0,"gold_gain":0,"player_choice":"1 cards matched","damage_taken":0,"max_hp_gain":0,"max_hp_loss":0,"event_name":"Match and Keep!","floor":2,"gold_loss":0,"cards_obtained":["Discovery"]},{"damage_healed":0,"gold_gain":0,"player_choice":"Upgraded","damage_taken":0,"max_hp_gain":0,"max_hp_loss":0,"event_name":"Upgrade Shrine","floor":5,"gold_loss":0,"cards_upgraded":["Evolve"]},{"damage_healed":0,"gold_gain":0,"player_choice":"Rummage","damage_taken":0,"relics_obtained":["WarpedTongs"],"max_hp_gain":0,"max_hp_loss":0,"event_name":"Accursed Blacksmith","floor":14,"gold_loss":0,"cards_obtained":["Pain"]},{"damage_healed":0,"gold_gain":0,"player_choice":"Inject Mutagens","damage_taken":0,"relics_obtained":["MutagenicStrength"],"max_hp_gain":0,"max_hp_loss":0,"event_name":"Drug Dealer","floor":31,"gold_loss":0},{"damage_healed":0,"gold_gain":999,"player_choice":"Gold","damage_taken":0,"max_hp_gain":0,"max_hp_loss":0,"event_name":"MindBloom","floor":36,"gold_loss":0,"cards_obtained":["Normality","Normality"]},{"damage_healed":0,"gold_gain":0,"player_choice":"Trade","damage_taken":0,"relics_obtained":["GremlinMask"],"max_hp_gain":0,"max_hp_loss":0,"event_name":"FaceTrader","floor":37,"gold_loss":0},{"damage_healed":0,"gold_gain":0,"player_choice":"Memory 2","damage_taken":5,"max_hp_gain":0,"max_hp_loss":0,"event_name":"SensoryStone","floor":46,"gold_loss":0}],"is_beta":false,"boss_relics":[{"not_picked":["Snecko Eye","Runic Dome"],"picked":"Philosopher\u0027s Stone"},{"not_picked":["Eternal Feather","Pandora\u0027s Box"],"picked":"Busted Crown"}],"items_purged_floors":[22,38,41],"is_endless":false,"potions_floor_spawned":[1,4,11,16,20,24,28,30,33,47,48],"ascension_level":4}