{"gold_per_floor":[117,49,69,169,187,187,40,53,53,124,152,152,175,189,189,262,262,278,60,60,60,38,38,38,54,130,140,140,140,173,173,173,244,244,260,272,272,286,286,317,333,333],"floor_reached":42,"playtime":1144,"items_purged":["Defend_R","Defend_R"],"score":755,"play_id":"9ab029f0-836a-4d86-a55b-bcbe66fc567a","local_time":"20181220035159","is_ascension_mode":true,"campfire_choices":[{"data":"Spot Weakness","floor":6,"key":"SMITH"},{"data":"Uppercut","floor":12,"key":"SMITH"},{"data":"Sword Boomerang","floor":15,"key":"SMITH"},{"data":"Rage","floor":23,"key":"SMITH"},{"data":"Burning Pact","floor":28,"key":"SMITH"},{"data":"Rage","floor":29,"key":"SMITH"},{"data":"Battle Trance","floor":32,"key":"SMITH"}],"neow_cost":"NONE","seed_source_timestamp":16961319680174,"circlet_count":0,"master_deck":["AscendersBane","Strike_R","Strike_R","Strike_R","Strike_R","Strike_R","Defend_R","Defend_R+1","Bash","Rage+1","Uppercut+1","Spot Weakness+1","Rage+1","Evolve","Sword Boomerang+1","Twin Strike","Reaper","Clash","Clash","Battle Trance+1","Warcry+1","Thunderclap","Injury","Burning Pact+1","Anger+1","Headbutt","Flex+1","Burning Pact","Parasite"],"relics":["Burning Blood","NeowsBlessing","Prayer Wheel","Bottled Flame","WingedGreaves","Bag of Marbles","Cursed Key","MutagenicStrength","Tiny Chest","Unceasing Top","Sozu","CultistMask","War Paint"],"potions_floor_usage":[8,30,30,36],"damage_taken":[{"damage":0,"enemies":"Cultist","floor":1,"turns":1},{"damage":0,"enemies":"Jaw Worm","floor":3,"turns":1},{"damage":0,"enemies":"2 Louse","floor":5,"turns":1},{"damage":7,"enemies":"2 Fungi Beasts","floor":8,"turns":4},{"damage":34,"enemies":"3 Sentries","floor":11,"turns":7},{"damage":2,"enemies":"3 Louse","floor":14,"turns":3},{"damage":26,"enemies":"The Guardian","floor":16,"turns":9},{"damage":13,"enemies":"Shell Parasite","floor":18,"turns":4},{"damage":27,"enemies":"Colosseum Slavers","floor":24,"turns":2},{"damage":0,"enemies":"Spheric Guardian","floor":25,"turns":2},{"damage":20,"enemies":"3 Cultists","floor":27,"turns":5},{"damage":40,"enemies":"Slavers","floor":30,"turns":5},{"damage":44,"enemies":"Collector","floor":33,"turns":8},{"damage":35,"enemies":"3 Shapes","floor":35,"turns":3},{"damage":0,"enemies":"3 Darklings","floor":36,"turns":4},{"damage":11,"enemies":"Jaw Worm Horde","floor":38,"turns":2},{"damage":15,"enemies":"Nemesis","floor":40,"turns":3},{"damage":49,"enemies":"Writhing Mass","floor":41,"turns":4}],"seed_played":"1734845420043274657","potions_obtained":[{"floor":3,"key":"SpeedPotion"},{"floor":5,"key":"Strength Potion"},{"floor":8,"key":"Weak Potion"},{"floor":30,"key":"Poison Potion"}],"is_trial":false,"path_per_floor":["M","$","M","?","M","R","$","M","T","T","E","R","T","M","R","B",null,"M","$","?","?","$","R","?","M","T","M","R","R","E","T","R","B",null,"M","M","?","M","?","E","M","M"],"character_chosen":"IRONCLAD","items_purchased":["Uppercut","Evolve","Clash","Battle Trance","Warcry"],"campfire_rested":0,"item_purchase_floors":[2,7,19,19,22],"current_hp_per_floor":[74,74,75,75,75,75,75,74,74,74,46,46,46,50,50,30,64,57,57,43,43,43,43,54,60,60,66,66,66,46,46,46,26,67,46,62,62,57,57,48,18,0],"gold":333,"neow_bonus":"THREE_ENEMY_KILL","is_prod":false,"is_daily":false,"chose_seed":false,"campfire_upgraded":7,"win_rate":0,"timestamp":1545277919,"path_taken":["M","$","M","?","M","R","$","?","T","?","E","R","?","M","R","BOSS","M","?","?","?","$","R","?","?","T","M","R","R","E","?","R","BOSS","M","M","?","M","?","E","M","?"],"build_version":"2018-12-13","purchased_purges":2,"victory":false,"max_hp_per_floor":[75,75,75,75,75,75,75,75,75,75,75,75,75,75,75,75,75,75,75,80,80,80,80,80,80,80,80,80,80,80,80,80,80,80,80,80,76,76,76,76,76,76],"card_choices":[{"not_picked":["Headbutt","Armaments"],"picked":"Rage","floor":1},{"not_picked":["Burning Pact","Perfected Strike"],"picked":"Spot Weakness","floor":3},{"not_picked":["Headbutt","Spot Weakness"],"picked":"Rage","floor":5},{"not_picked":["Flex","True Grit"],"picked":"Sword Boomerang","floor":8},{"not_picked":["Searing Blow","Heavy Blade","Fire Breathing"],"picked":"SKIP","floor":11},{"not_picked":["Cleave","Inflame"],"picked":"Twin Strike","floor":14},{"not_picked":["Flex","Evolve","Body Slam"],"picked":"SKIP","floor":14},{"not_picked":["Double Tap","Brutality"],"picked":"Reaper","floor":16},{"not_picked":["Heavy Blade","Body Slam"],"picked":"Clash","floor":18},{"not_picked":["Thunderclap","Combust","True Grit"],"picked":"SKIP","floor":18},{"not_picked":["Anger","Clothesline"],"picked":"Thunderclap","floor":25},{"not_picked":["Clash","Body Slam+1","Heavy Blade"],"picked":"SKIP","floor":25},{"not_picked":["Heavy Blade","Clothesline"],"picked":"Burning Pact","floor":27},{"not_picked":["Wild Strike","Armaments","Cleave"],"picked":"SKIP","floor":27},{"not_picked":["Corruption","Thunderclap","Wild Strike"],"picked":"SKIP","floor":30},{"not_picked":["Intimidate+1","Perfected Strike"],"picked":"Anger+1","floor":35},{"not_picked":["True Grit","Thunderclap","Flame Barrier+1"],"picked":"SKIP","floor":35},{"not_picked":["Anger","Flex"],"picked":"Headbutt","floor":36},{"not_picked":["Armaments+1","Sword Boomerang","Sentinel"],"picked":"SKIP","floor":36},{"not_picked":["Twin Strike","Body Slam+1"],"picked":"Flex+1","floor":38},{"not_picked":["Heavy Blade+1","Dropkick","Twin Strike"],"picked":"SKIP","floor":38},{"not_picked":["Uppercut+1","Offering"],"picked":"Burning Pact","floor":40},{"not_picked":["Headbutt+1","Sword Boomerang","Anger"],"picked":"SKIP","floor":41},{"not_picked":["Infernal Blade","Twin Strike+1","Flex"],"picked":"SKIP","floor":41}],"player_experience":286093,"relics_obtained":[{"floor":9,"key":"Prayer Wheel"},{"floor":10,"key":"Bottled Flame"},{"floor":11,"key":"WingedGreaves"},{"floor":13,"key":"Bag of Marbles"},{"floor":26,"key":"Tiny Chest"},{"floor":30,"key":"Unceasing Top"},{"floor":40,"key":"War Paint"}],"event_choices":[{"damage_healed":0,"gold_gain":100,"player_choice":"Pray","damage_taken":0,"max_hp_gain":0,"max_hp_loss":0,"event_name":"Golden Shrine","floor":4,"gold_loss":0},{"damage_healed":0,"gold_gain":0,"player_choice":"Shed Blood","damage_taken":19,"max_hp_gain":5,"max_hp_loss":0,"event_name":"Forgotten Altar","floor":20,"gold_loss":0},{"damage_healed":0,"gold_gain":0,"player_choice":"Inject Mutagens","damage_taken":0,"relics_obtained":["MutagenicStrength"],"max_hp_gain":0,"max_hp_loss":0,"event_name":"Drug Dealer","floor":21,"gold_loss":0},{"damage_healed":0,"gold_gain":0,"player_choice":"Fight","damage_taken":0,"max_hp_gain":0,"max_hp_loss":0,"event_name":"Colosseum","floor":24,"gold_loss":0},{"damage_healed":0,"gold_gain":0,"player_choice":"Fled From Nobs","damage_taken":0,"max_hp_gain":0,"max_hp_loss":0,"event_name":"Colosseum","floor":24,"gold_loss":0},{"damage_healed":0,"gold_gain":0,"player_choice":"Max HP","damage_taken":0,"max_hp_gain":0,"max_hp_loss":4,"event_name":"Winding Halls","floor":37,"gold_loss":0},{"damage_healed":0,"gold_gain":0,"player_choice":"Trade","damage_taken":0,"relics_obtained":["CultistMask"],"max_hp_gain":0,"max_hp_loss":0,"event_name":"FaceTrader","floor":39,"gold_loss":0}],"is_beta":false,"boss_relics":[{"not_picked":["Lizard Tail","Fusion Hammer"],"picked":"Cursed Key"},{"not_picked":["Runic Dome","Black Blood"],"picked":"Sozu"}],"items_purged_floors":[7,19],"is_endless":false,"potions_floor_spawned":[3,5,8,16,24,30,36],"killed_by":"4 Shapes","ascension_level":14}