{"gold_per_floor":[115,115,45,56,74,105,105,125,149,173,200,212,235,277,289,301],"floor_reached":16,"playtime":1400,"items_purged":[],"score":111,"play_id":"0b49eff1-1fe6-4158-b6e2-cbb7bef7064a","local_time":"20190117213849","is_ascension_mode":true,"campfire_choices":[{"data":"Uppercut","floor":7.0,"key":"SMITH"},{"data":"Armaments","floor":12.0,"key":"SMITH"},{"data":"Bludgeon","floor":15,"key":"SMITH"}],"neow_cost":"CURSE","seed_source_timestamp":0,"circlet_count":0,"master_deck":["Strike_R","Strike_R","Strike_R","Strike_R","Strike_R","Defend_R","Defend_R","Defend_R","Defend_R","Bash","Bludgeon+1","Pommel Strike","Uppercut+1","Armaments+1","Sword Boomerang","Battle Trance","Ghostly Armor","Rage","Feel No Pain","Spot Weakness"],"special_seed":0,"relics":["Burning Blood","Red Skull","MawBank"],"potions_floor_usage":[16,16],"damage_taken":[{"damage":13.0,"enemies":"Jaw Worm","floor":1.0,"turns":2.0},{"damage":0.0,"enemies":"Cultist","floor":4.0,"turns":3.0},{"damage":2.0,"enemies":"2 Louse","floor":5.0,"turns":3.0},{"damage":33.0,"enemies":"3 Sentries","floor":6.0,"turns":8.0},{"damage":17.0,"enemies":"Exordium Thugs","floor":8.0,"turns":3.0},{"damage":19.0,"enemies":"Gremlin Gang","floor":10.0,"turns":4.0},{"damage":0.0,"enemies":"Large Slime","floor":11.0,"turns":2.0},{"damage":0.0,"enemies":"Exordium Wildlife","floor":13.0,"turns":2.0},{"damage":10.0,"enemies":"2 Fungi Beasts","floor":14.0,"turns":3.0},{"damage":46,"enemies":"The Guardian","floor":16,"turns":5}],"seed_played":"6752246088755387257","potions_obtained":[{"floor":5.0,"key":"Dexterity Potion"},{"floor":6.0,"key":"PowerPotion"},{"floor":10.0,"key":"BloodPotion"},{"floor":11.0,"key":"Swift Potion"}],"is_trial":false,"path_per_floor":["M","?","$","M","M","E","R","M","T","M","M","R","M","M","R","B"],"character_chosen":"IRONCLAD","items_purchased":["Uppercut"],"campfire_rested":0,"item_purchase_floors":[3],"current_hp_per_floor":[73,73,73,79,80,53,53,42,42,29,35,35,41,37,37,0],"gold":301,"neow_bonus":"THREE_RARE_CARDS","is_prod":false,"is_daily":false,"chose_seed":false,"campfire_upgraded":3,"win_rate":0,"timestamp":1547789929,"path_taken":["M","?","?","M","?","E","R","M","T","M","M","R","M","M","R","BOSS"],"build_version":"2019-01-17","purchased_purges":0,"victory":false,"max_hp_per_floor":[80,80,80,80,80,80,80,80,80,80,80,80,80,80,80,80],"card_choices":[{"not_picked":["Reaper","Brutality"],"picked":"Bludgeon","floor":0.0},{"not_picked":["Cleave","Burning Pact"],"picked":"Pommel Strike","floor":1.0},{"not_picked":["Searing Blow","Hemokinesis"],"picked":"Armaments","floor":4.0},{"not_picked":["Warcry","Wild Strike"],"picked":"Sword Boomerang","floor":5.0},{"not_picked":["Perfected Strike","Sentinel"],"picked":"Battle Trance","floor":6.0},{"not_picked":["Power Through","Headbutt"],"picked":"Ghostly Armor","floor":8.0},{"not_picked":["Thunderclap","Battle Trance"],"picked":"Rage","floor":10.0},{"not_picked":["Warcry","Armaments"],"picked":"Feel No Pain","floor":11.0},{"not_picked":["Sword Boomerang","Thunderclap"],"picked":"Spot Weakness","floor":13.0},{"not_picked":["Dark Embrace","Rupture","Wild Strike"],"picked":"SKIP","floor":14}],"player_experience":39311,"relics_obtained":[{"floor":6.0,"key":"Red Skull"},{"floor":9.0,"key":"MawBank"}],"event_choices":[{"cards_removed":["Pain"],"damage_healed":0.0,"max_hp_gain":0.0,"max_hp_loss":0.0,"gold_gain":0.0,"event_name":"Purifier","player_choice":"Purged","floor":2.0,"gold_loss":0.0,"damage_taken":0.0}],"is_beta":false,"boss_relics":[],"items_purged_floors":[],"is_endless":false,"potions_floor_spawned":[5,6,10,11,14],"killed_by":"The Guardian","ascension_level":1}