{"gold_per_floor":[115,15,29,29,41,41,60,60,60,121,133,147,161,161,161,266,266,252,177,177,196,196,196,216,216,216,242,60,60,60,72,72,172,172,186,235,32,32,42,53,53,53,104,124,124,124,124,124,124,124],"floor_reached":50,"playtime":1523,"items_purged":["Strike_G","Strike_G"],"score":452,"play_id":"04d2e162-34f9-4c62-ba45-e323453af8f4","local_time":"20181118182604","is_ascension_mode":false,"campfire_choices":[{"data":"Neutralize","floor":6,"key":"SMITH"},{"data":"Noxious Fumes","floor":8,"key":"SMITH"},{"data":"Blade Dance","floor":15,"key":"SMITH"},{"data":"Envenom","floor":23,"key":"SMITH"},{"data":"Apotheosis","floor":30,"key":"SMITH"},{"data":"Infinite Blades","floor":32,"key":"SMITH"},{"floor":42,"key":"REST"},{"data":"Well Laid Plans","floor":45,"key":"SMITH"},{"floor":49,"key":"REST"}],"neow_cost":"NONE","seed_source_timestamp":21052151425218,"circlet_count":0,"master_deck":["Defend_G","Defend_G","Defend_G","Defend_G","Defend_G","Strike_G","Strike_G","Survivor","Neutralize+1","Impatience","PiercingWail","Blade Dance+1","Noxious Fumes+1","Caltrops","Footwork","Cloak And Dagger","Infinite Blades","Masterful Stab","Cloak And Dagger","Envenom+1","Infinite Blades+1","Escape Plan","Footwork+1","Envenom+1","Escape Plan","Apotheosis+1","Backflip","Well Laid Plans+1","Finesse"],"relics":["Ring of the Snake","Kunai","Bottled Flame","Torii","WristBlade","Pantograph","Potion Belt","Shuriken","Busted Crown","Tingsha"],"potions_floor_usage":[10,16,27,31,46],"damage_taken":[{"damage":7,"enemies":"Jaw Worm","floor":1,"turns":5},{"damage":3,"enemies":"2 Louse","floor":3,"turns":3},{"damage":0,"enemies":"Cultist","floor":5,"turns":4},{"damage":9,"enemies":"Blue Slaver","floor":7,"turns":5},{"damage":14,"enemies":"Gremlin Nob","floor":10,"turns":5},{"damage":0,"enemies":"Exordium Thugs","floor":11,"turns":6},{"damage":0,"enemies":"Large Slime","floor":12,"turns":6},{"damage":0,"enemies":"Blue Slaver","floor":13,"turns":4},{"damage":7,"enemies":"The Guardian","floor":16,"turns":11},{"damage":2,"enemies":"2 Thieves","floor":18,"turns":4},{"damage":2,"enemies":"Shell Parasite","floor":21,"turns":5},{"damage":1,"enemies":"Centurion and Healer","floor":24,"turns":6},{"damage":1,"enemies":"Book of Stabbing","floor":27,"turns":5},{"damage":0,"enemies":"Snecko","floor":31,"turns":3},{"damage":42,"enemies":"Collector","floor":33,"turns":7},{"damage":0,"enemies":"Orb Walker","floor":35,"turns":3},{"damage":28,"enemies":"2 Orb Walkers","floor":36,"turns":6},{"damage":1,"enemies":"3 Darklings","floor":39,"turns":5},{"damage":0,"enemies":"Maw","floor":40,"turns":6},{"damage":8,"enemies":"Writhing Mass","floor":44,"turns":6},{"damage":0,"enemies":"Sphere and 2 Shapes","floor":46,"turns":1},{"damage":54,"enemies":"Awakened One","floor":50,"turns":8}],"seed_played":"-4557062107449596707","potions_obtained":[{"floor":7,"key":"AttackPotion"},{"floor":10,"key":"SmokeBomb"},{"floor":11,"key":"Block Potion"},{"floor":12,"key":"Regen Potion"},{"floor":24,"key":"SkillPotion"},{"floor":27,"key":"AttackPotion"},{"floor":31,"key":"Regen Potion"},{"floor":35,"key":"PowerPotion"},{"floor":40,"key":"GamblersBrew"}],"is_trial":false,"path_per_floor":["M","$","M","?","M","R","M","R","T","?","M","M","M","T","R","B",null,"M","$","?","M","?","R","M","?","T","E","$","T","R","M","R","B",null,"M","?","$","?","M","M","?","R","T","M","R","M","?","$","R","B"],"character_chosen":"THE_SILENT","items_purchased":["Blade Dance","Noxious Fumes","Apotheosis","Backflip","Well Laid Plans"],"campfire_rested":2,"item_purchase_floors":[2,2,28,37,37],"current_hp_per_floor":[63,63,60,60,60,60,51,51,51,37,37,37,37,37,37,30,70,68,68,68,66,66,66,65,65,65,64,64,64,64,64,64,28,70,70,42,42,42,41,41,41,60,60,52,52,52,42,42,61,12],"gold":124,"neow_bonus":"RANDOM_COLORLESS","is_prod":false,"is_daily":false,"chose_seed":false,"campfire_upgraded":7,"win_rate":0,"timestamp":1542565564,"path_taken":["M","$","M","?","M","R","M","R","T","?","M","M","M","?","R","BOSS","M","$","?","M","?","R","?","?","T","E","$","?","R","M","R","BOSS","M","?","$","?","M","M","?","R","T","M","R","M","?","$","R","BOSS"],"build_version":"2018-11-15","purchased_purges":2,"victory":false,"max_hp_per_floor":[70,70,70,70,70,70,70,70,70,70,70,70,70,70,70,70,70,70,70,70,70,70,70,70,70,70,70,70,70,70,70,70,70,70,70,70,70,70,70,70,66,66,66,66,66,66,66,66,66,66],"card_choices":[{"not_picked":["Terror","Dagger Throw"],"picked":"PiercingWail","floor":1},{"not_picked":["Heel Hook","Dodge and Roll"],"picked":"Caltrops","floor":3},{"not_picked":["Quick Slash","Underhanded Strike"],"picked":"Footwork","floor":5},{"not_picked":["Quick Slash","Crippling Poison"],"picked":"Cloak And Dagger","floor":7},{"not_picked":["Footwork","Poisoned Stab"],"picked":"Infinite Blades","floor":11},{"not_picked":["Poisoned Stab","Catalyst"],"picked":"Masterful Stab","floor":12},{"not_picked":["Sucker Punch","PiercingWail"],"picked":"Cloak And Dagger","floor":13},{"not_picked":["Storm of Steel","Grand Finale"],"picked":"Envenom","floor":16},{"not_picked":["Blade Dance+1","Expertise+1"],"picked":"Infinite Blades","floor":18},{"not_picked":["Underhanded Strike","Dodge and Roll"],"picked":"Footwork+1","floor":21},{"not_picked":["Sucker Punch","Endless Agony"],"picked":"Backstab+1","floor":24},{"not_picked":["Poisoned Stab+1","Night Terror"],"picked":"Escape Plan","floor":27},{"not_picked":["Bane+1","Poisoned Stab","Prepared"],"picked":"SKIP","floor":31},{"not_picked":["Dagger Throw"],"picked":"SKIP","floor":35},{"not_picked":["Masterful Stab+1"],"picked":"SKIP","floor":39},{"not_picked":["Cloak And Dagger"],"picked":"SKIP","floor":40},{"not_picked":["Blade Dance+1"],"picked":"SKIP","floor":44},{"not_picked":[],"picked":"Finesse","floor":47}],"player_experience":190399,"relics_obtained":[{"floor":9,"key":"Kunai"},{"floor":10,"key":"Bottled Flame"},{"floor":14,"key":"Torii"},{"floor":26,"key":"Pantograph"},{"floor":27,"key":"Potion Belt"},{"floor":29,"key":"Shuriken"},{"floor":36,"key":"Tingsha"}],"event_choices":[{"damage_healed":0,"gold_gain":0,"player_choice":"Ignored","damage_taken":0,"max_hp_gain":0,"max_hp_loss":0,"event_name":"Liars Game","floor":4,"gold_loss":0},{"damage_healed":0,"gold_gain":0,"player_choice":"Searched \u00271\u0027 times","damage_taken":0,"max_hp_gain":0,"max_hp_loss":0,"event_name":"Dead Adventurer","floor":10,"gold_loss":0},{"damage_healed":0,"gold_gain":0,"player_choice":"Read","damage_taken":0,"max_hp_gain":0,"max_hp_loss":0,"event_name":"The Library","floor":20,"gold_loss":0,"cards_obtained":["Escape Plan"]},{"cards_removed":["Strike_G"],"damage_healed":0,"gold_gain":0,"player_choice":"Offered Basic","damage_taken":0,"max_hp_gain":0,"max_hp_loss":0,"event_name":"Bonfire Elementals","floor":22,"gold_loss":0},{"damage_healed":0,"gold_gain":0,"player_choice":"Copied","damage_taken":0,"max_hp_gain":0,"max_hp_loss":0,"event_name":"Duplicator","floor":25,"gold_loss":0,"cards_obtained":["Envenom"]},{"damage_healed":0,"gold_gain":0,"player_choice":"Fight","damage_taken":0,"max_hp_gain":0,"max_hp_loss":0,"event_name":"Mysterious Sphere","floor":36,"gold_loss":0},{"cards_removed":["Backstab"],"damage_healed":0,"gold_gain":0,"player_choice":"Removed Attack","damage_taken":0,"max_hp_gain":0,"max_hp_loss":0,"event_name":"Falling","floor":38,"gold_loss":0},{"damage_healed":0,"gold_gain":0,"player_choice":"Max HP","damage_taken":0,"max_hp_gain":0,"max_hp_loss":4,"event_name":"Winding Halls","floor":41,"gold_loss":0},{"damage_healed":0,"gold_gain":0,"player_choice":"Memory 3","damage_taken":10,"max_hp_gain":0,"max_hp_loss":0,"event_name":"SensoryStone","floor":47,"gold_loss":0}],"is_beta":false,"boss_relics":[{"not_picked":["Philosopher\u0027s Stone","Ring of the Serpent"],"picked":"WristBlade"},{"not_picked":["Runic Dome","Velvet Choker"],"picked":"Busted Crown"}],"items_purged_floors":[19,37],"is_endless":false,"potions_floor_spawned":[7,10,11,12,24,27,31,35,40],"killed_by":"Awakened One","ascension_level":0}