{"gold_per_floor":[119,119,136,61,79,79,135,135,135,151,151,167,177,196,196,301,301,314,239,12,22,37,37,37],"floor_reached":24,"playtime":586,"items_purged":["Strike_R","Strike_R"],"score":228,"play_id":"39669846-7096-4d74-a68f-e2a07284e688","local_time":"20181013192619","is_ascension_mode":true,"campfire_choices":[{"data":"Reckless Charge","floor":6,"key":"SMITH"},{"data":"Juggernaut","floor":8,"key":"SMITH"},{"data":"Defend_R","floor":11,"key":"SMITH"},{"data":"Pommel Strike","floor":15,"key":"SMITH"},{"floor":23,"key":"REST"}],"neow_cost":"TEN_PERCENT_HP_LOSS","seed_source_timestamp":90523569137985,"circlet_count":0,"master_deck":["Strike_R","Strike_R","Defend_R","Defend_R+1","Defend_R","Defend_R","Bash+1","Juggernaut+1","Ghostly Armor+1","Reckless Charge+1","Warcry","Headbutt","Pommel Strike+1","Dark Embrace","Warcry","Bloodletting","Warcry"],"relics":["Burning Blood","Red Skull","Cursed Key"],"potions_floor_usage":[16],"damage_taken":[{"damage":16,"enemies":"Small Slimes","floor":1,"turns":4},{"damage":1,"enemies":"Jaw Worm","floor":3,"turns":6},{"damage":0,"enemies":"Cultist","floor":5,"turns":3},{"damage":8,"enemies":"Red Slaver","floor":10,"turns":4},{"damage":13,"enemies":"Blue Slaver","floor":12,"turns":4},{"damage":7,"enemies":"3 Louse","floor":13,"turns":3},{"damage":9,"enemies":"Red Slaver","floor":14,"turns":3},{"damage":10,"enemies":"The Guardian","floor":16,"turns":10},{"damage":6,"enemies":"Chosen","floor":18,"turns":4},{"damage":21,"enemies":"Spheric Guardian","floor":21,"turns":4},{"damage":34,"enemies":"Snake Plant","floor":22,"turns":5},{"damage":52,"enemies":"Shelled Parasite and Fungi","floor":24,"turns":4}],"seed_played":"-5246085625443431896","potions_obtained":[{"floor":1,"key":"LiquidBronze"},{"floor":3,"key":"SteroidPotion"},{"floor":14,"key":"EssenceOfSteel"},{"floor":16,"key":"FearPotion"}],"is_trial":false,"path_per_floor":["M","?","M","$","M","R","?","R","T","M","R","M","M","M","R","B",null,"M","?","$","M","M","R"],"character_chosen":"IRONCLAD","items_purchased":["Warcry","Bloodletting"],"campfire_rested":1,"item_purchase_floors":[20,20],"current_hp_per_floor":[62,48,53,53,59,59,59,59,59,57,57,50,49,46,46,42,72,72,72,72,57,29,50,0],"gold":37,"neow_bonus":"THREE_RARE_CARDS","is_prod":false,"is_daily":false,"chose_seed":false,"campfire_upgraded":4,"win_rate":0,"timestamp":1539455179,"path_taken":["M","?","M","$","?","R","?","R","T","?","R","M","M","M","R","BOSS","M","?","$","M","M","R","M"],"build_version":"2018-10-11","purchased_purges":2,"victory":false,"max_hp_per_floor":[72,72,72,72,72,72,72,72,72,72,72,72,72,72,72,72,72,72,72,72,72,72,72,72],"card_choices":[{"not_picked":["Dark Embrace","Demon Form"],"picked":"Juggernaut","floor":0},{"not_picked":["Heavy Blade","Thunderclap"],"picked":"Ghostly Armor","floor":1},{"not_picked":["Wild Strike","Flex"],"picked":"Reckless Charge","floor":3},{"not_picked":["Whirlwind","Dropkick"],"picked":"Warcry","floor":5},{"not_picked":["Whirlwind","Sever Soul","Searing Blow"],"picked":"SKIP","floor":10},{"not_picked":["Second Wind","Heavy Blade"],"picked":"Headbutt","floor":12},{"not_picked":["Headbutt","Flex","Rampage"],"picked":"SKIP","floor":13},{"not_picked":["Armaments","Ghostly Armor"],"picked":"Pommel Strike","floor":14},{"not_picked":["Barricade","Bludgeon"],"picked":"Dark Embrace","floor":16},{"not_picked":["Sword Boomerang+1","Headbutt","Thunderclap"],"picked":"SKIP","floor":18},{"not_picked":["Uppercut","Twin Strike+1","Entrench+1"],"picked":"SKIP","floor":21},{"not_picked":["Sword Boomerang+1","Iron Wave+1"],"picked":"Warcry","floor":22}],"player_experience":68822,"relics_obtained":[{"floor":9,"key":"Red Skull"}],"event_choices":[{"event_name":"Shining Light","player_choice":"Entered Light","floor":2,"damage_taken":0},{"event_name":"Golden Wing","player_choice":"Gained Gold","floor":7,"damage_taken":0},{"event_name":"Beggar","player_choice":"Gave Gold","floor":19,"damage_taken":0}],"is_beta":false,"boss_relics":[{"not_picked":["Orrery","White Beast Statue"],"picked":"Cursed Key"}],"items_purged_floors":[4,20],"is_endless":false,"potions_floor_spawned":[1,3,14,16,18],"killed_by":"Shelled Parasite and Fungi","ascension_level":4}