{"gold_per_floor":[109,59,73,3,15,44,44,64,64,64,124,178,178,178,178,277,277,287,307,307,103,103,129,129,144,170,170,185,185,185,196,196,299,299,319,59,59,79,79,79,114,114,114,114,125,125,125,143,143,143],"floor_reached":51,"playtime":1101,"items_purged":["Strike_R+1"],"score":1032,"play_id":"d8320b54-3dcd-4892-8ec7-c0691842943e","local_time":"20181116214053","is_ascension_mode":true,"campfire_choices":[{"data":"Whirlwind","floor":7,"key":"SMITH"},{"data":"Shrug It Off","floor":10,"key":"SMITH"},{"data":"Bloodletting","floor":15,"key":"SMITH"},{"floor":24,"key":"REST"},{"floor":27,"key":"REST"},{"floor":30,"key":"REST"},{"floor":32,"key":"REST"}],"neow_cost":"NONE","seed_source_timestamp":10830352361896,"circlet_count":0,"master_deck":["Strike_R+1","Strike_R+1","Strike_R+1","Strike_R+1","Defend_R+1","Defend_R+1","Defend_R+1","Defend_R+1","Bash+1","Fiend Fire+1","Warcry+1","Iron Wave+1","Whirlwind+1","Shrug It Off+1","Thunderclap+1","Spot Weakness+1","Bloodletting+1","Reaper+1","Headbutt+1","Feed+1","Ghostly+1","Ghostly+1","Ghostly+1","Ghostly+1","Ghostly+1","Offering+1","Disarm+1","Double Tap+1","Thinking Ahead+1","Master of Strategy+1","Deep Breath+1","Secret Technique+1","Whirlwind+1","Offering+1","Burning Pact+1"],"relics":["Burning Blood","Strawberry","Meat on the Bone","Du-Vu Doll","Boot","Letter Opener","Fusion Hammer","Brimstone","Happy Flower","Anchor","Pocketwatch","Coffee Dripper","Kunai","Mark of the Bloom","Sundial"],"potions_floor_usage":[6,11,16,23,41,48,50],"damage_taken":[{"damage":0,"enemies":"2 Louse","floor":1,"turns":2},{"damage":2,"enemies":"Jaw Worm","floor":3,"turns":3},{"damage":0,"enemies":"Small Slimes","floor":5,"turns":2},{"damage":31,"enemies":"Gremlin Nob","floor":6,"turns":5},{"damage":7,"enemies":"Looter","floor":8,"turns":4},{"damage":15,"enemies":"3 Sentries","floor":11,"turns":4},{"damage":28,"enemies":"Slime Boss","floor":16,"turns":8},{"damage":36,"enemies":"Shell Parasite","floor":18,"turns":3},{"damage":3,"enemies":"Chosen","floor":19,"turns":4},{"damage":38,"enemies":"Slavers","floor":23,"turns":6},{"damage":2,"enemies":"Snecko","floor":25,"turns":4},{"damage":12,"enemies":"Snake Plant","floor":28,"turns":3},{"damage":6,"enemies":"Shelled Parasite and Fungi","floor":31,"turns":4},{"damage":13,"enemies":"Champ","floor":33,"turns":8},{"damage":0,"enemies":"3 Darklings","floor":35,"turns":4},{"damage":3,"enemies":"Orb Walker","floor":38,"turns":3},{"damage":2,"enemies":"Giant Head","floor":41,"turns":6},{"damage":12,"enemies":"Transient","floor":45,"turns":5},{"damage":13,"enemies":"Sphere and 2 Shapes","floor":48,"turns":3},{"damage":12,"enemies":"Awakened One","floor":50,"turns":6}],"seed_played":"-1485039337369504234","potions_obtained":[{"floor":5,"key":"EssenceOfSteel"},{"floor":6,"key":"FearPotion"},{"floor":8,"key":"Strength Potion"},{"floor":19,"key":"SteroidPotion"},{"floor":31,"key":"SneckoOil"},{"floor":33,"key":"PowerPotion"},{"floor":35,"key":"Swift Potion"},{"floor":41,"key":"Weak Potion"}],"is_trial":false,"path_per_floor":["M","$","M","$","M","E","R","M","T","R","?","T","?","?","R","B",null,"M","M","?","$","?","E","R","M","T","R","M","?","R","M","R","B",null,"M","$","?","M","$","R","E","?","T","R","M","R","?","M","R","B",null],"character_chosen":"IRONCLAD","items_purchased":["Iron Wave","Whirlwind","Brimstone","Thinking Ahead"],"campfire_rested":4,"item_purchase_floors":[2,4,21,36],"current_hp_per_floor":[78,78,80,80,80,62,62,61,61,61,52,52,40,40,40,30,73,55,65,65,65,43,29,42,49,49,49,46,46,52,52,52,52,52,52,52,42,52,52,52,52,52,52,52,40,40,40,27,27,15],"gold":143,"neow_bonus":"ONE_RANDOM_RARE_CARD","is_prod":false,"is_daily":false,"chose_seed":false,"campfire_upgraded":3,"win_rate":0,"timestamp":1542404453,"path_taken":["M","$","M","$","M","E","R","M","T","R","?","?","?","?","R","BOSS","M","M","?","$","?","E","R","M","T","R","M","?","R","M","R","BOSS","M","$","?","M","$","R","E","?","T","R","M","R","?","?","R","BOSS"],"build_version":"2018-11-15","purchased_purges":1,"victory":true,"max_hp_per_floor":[80,80,80,80,80,87,87,87,87,87,87,87,87,87,87,87,87,87,87,87,87,43,46,46,49,49,49,52,52,52,52,52,52,52,52,52,52,52,52,52,52,52,52,52,52,52,52,52,52,52],"card_choices":[{"not_picked":["Heavy Blade","Havoc"],"picked":"Warcry","floor":1},{"not_picked":["Twin Strike","Blood for Blood","Armaments"],"picked":"SKIP","floor":3},{"not_picked":["Clothesline","Sword Boomerang"],"picked":"Shrug It Off","floor":5},{"not_picked":["Sword Boomerang","Shrug It Off"],"picked":"Thunderclap","floor":6},{"not_picked":["Feel No Pain","Dark Embrace"],"picked":"Spot Weakness","floor":8},{"not_picked":["Rupture","Clash"],"picked":"Bloodletting","floor":11},{"not_picked":["Bludgeon","Fiend Fire"],"picked":"Reaper","floor":16},{"not_picked":["Heavy Blade","Intimidate"],"picked":"Headbutt","floor":18},{"not_picked":["Wild Strike+1","Twin Strike"],"picked":"Feed","floor":19},{"not_picked":["Havoc","Sword Boomerang"],"picked":"Offering","floor":23},{"not_picked":["True Grit","Ghostly Armor","Shrug It Off"],"picked":"SKIP","floor":25},{"not_picked":["Flex+1","Clothesline","Twin Strike"],"picked":"SKIP","floor":28},{"not_picked":["Shrug It Off","Shockwave"],"picked":"Disarm","floor":31},{"not_picked":["Feed","Barricade"],"picked":"Double Tap","floor":33},{"not_picked":["Clothesline+1","Rupture","Metallicize"],"picked":"SKIP","floor":35},{"not_picked":["PanicButton","Secret Weapon"],"picked":"Master of Strategy","floor":37},{"not_picked":["Dramatic Entrance","Madness"],"picked":"Deep Breath","floor":37},{"not_picked":["Dark Shackles","Transmutation"],"picked":"Secret Technique","floor":37},{"not_picked":["Body Slam","Warcry+1"],"picked":"Whirlwind","floor":38},{"not_picked":["Blood for Blood+1","Warcry","Iron Wave+1"],"picked":"SKIP","floor":41},{"not_picked":["Iron Wave","Searing Blow","Sword Boomerang"],"picked":"SKIP","floor":45},{"not_picked":["Body Slam","Pommel Strike+1"],"picked":"Burning Pact+1","floor":48}],"player_experience":174884,"relics_obtained":[{"floor":6,"key":"Strawberry"},{"floor":9,"key":"Meat on the Bone"},{"floor":11,"key":"Du-Vu Doll"},{"floor":12,"key":"Boot"},{"floor":23,"key":"Happy Flower"},{"floor":26,"key":"Anchor"},{"floor":41,"key":"Kunai"},{"floor":43,"key":"Sundial"}],"event_choices":[{"damage_healed":0,"gold_gain":30,"player_choice":"Searched \u00272\u0027 times","damage_taken":0,"max_hp_gain":0,"max_hp_loss":0,"event_name":"Dead Adventurer","floor":11,"gold_loss":0},{"damage_healed":0,"gold_gain":0,"player_choice":"Success","damage_taken":12,"relics_obtained":["Letter Opener"],"max_hp_gain":0,"max_hp_loss":0,"event_name":"Scrap Ooze","floor":13,"gold_loss":0},{"damage_healed":0,"gold_gain":0,"player_choice":"Ignored","damage_taken":0,"max_hp_gain":0,"max_hp_loss":0,"event_name":"Liars Game","floor":14,"gold_loss":0},{"damage_healed":0,"gold_gain":0,"player_choice":"Simplicity","damage_taken":0,"max_hp_gain":0,"max_hp_loss":0,"event_name":"Back to Basics","floor":20,"gold_loss":0,"cards_upgraded":["Strike_R","Strike_R","Strike_R","Strike_R","Strike_R","Defend_R","Defend_R","Defend_R","Defend_R"]},{"damage_healed":0,"gold_gain":0,"player_choice":"Became a Ghost","damage_taken":0,"max_hp_gain":0,"max_hp_loss":44,"event_name":"Ghosts","floor":22,"gold_loss":0,"cards_obtained":["Ghostly","Ghostly","Ghostly","Ghostly","Ghostly"]},{"damage_healed":0,"gold_gain":0,"player_choice":"Opened","damage_taken":0,"relics_obtained":["Pocketwatch"],"max_hp_gain":0,"max_hp_loss":0,"event_name":"The Mausoleum","floor":29,"gold_loss":0},{"damage_healed":0,"gold_gain":0,"player_choice":"Memory 3","damage_taken":10,"max_hp_gain":0,"max_hp_loss":0,"event_name":"SensoryStone","floor":37,"gold_loss":0},{"damage_healed":0,"gold_gain":0,"player_choice":"Upgrade","damage_taken":0,"relics_obtained":["Mark of the Bloom"],"max_hp_gain":0,"max_hp_loss":0,"event_name":"MindBloom","floor":42,"gold_loss":0,"cards_upgraded":["Bash","Fiend Fire","Warcry","Iron Wave","Thunderclap","Spot Weakness","Reaper","Headbutt","Feed","Ghostly","Ghostly","Ghostly","Ghostly","Ghostly","Offering","Disarm","Double Tap","Thinking Ahead","Master of Strategy","Deep Breath","Secret Technique","Whirlwind"]},{"damage_healed":0,"gold_gain":0,"player_choice":"Copied","damage_taken":0,"max_hp_gain":0,"max_hp_loss":0,"event_name":"Duplicator","floor":47,"gold_loss":0,"cards_obtained":["Offering"]}],"is_beta":false,"boss_relics":[{"not_picked":["Astrolabe","Eternal Feather"],"picked":"Fusion Hammer"},{"not_picked":["Cursed Key","Black Star"],"picked":"Coffee Dripper"}],"items_purged_floors":[36],"is_endless":false,"potions_floor_spawned":[5,6,8,19,31,33,35,41,45],"ascension_level":8}