{"gold_per_floor":[111,111,128,128,145,145,220,220,220,220,253,266,126,137,137,232,232,232],"floor_reached":18,"playtime":1248,"items_purged":["Strike_R"],"score":176,"play_id":"47aaf797-cb41-42a0-b20a-4a27d0090495","local_time":"20180811011633","is_ascension_mode":true,"campfire_choices":[{"data":"Demon Form","floor":6,"key":"SMITH"},{"data":"Hemokinesis","floor":8,"key":"SMITH"},{"data":"Double Tap","floor":10,"key":"SMITH"},{"floor":15,"key":"REST"}],"neow_cost":"PERCENT_DAMAGE","seed_source_timestamp":438559782470107,"circlet_count":0,"master_deck":["Strike_R","Strike_R","Strike_R","Strike_R","Defend_R","Defend_R","Defend_R","Defend_R","Bash","Demon Form+1","Clothesline","Double Tap+1","Hemokinesis+1","Heavy Blade","Spot Weakness","Power Through","Warcry","Cleave","Limit Break"],"relics":["Burning Blood","Smiling Mask","Mercury Hourglass","Blood Vial","Philosopher\u0027s Stone"],"potions_floor_usage":[16,18,18],"damage_taken":[{"damage":7,"enemies":"Small Slimes","floor":1,"turns":4},{"damage":2,"enemies":"2 Louse","floor":3,"turns":2},{"damage":0,"enemies":"Cultist","floor":5,"turns":3},{"damage":36,"enemies":"3 Sentries","floor":11,"turns":5},{"damage":18,"enemies":"Blue Slaver","floor":12,"turns":4},{"damage":4,"enemies":"Looter","floor":14,"turns":2},{"damage":43,"enemies":"Hexaghost","floor":16,"turns":5},{"damage":86,"enemies":"3 Byrds","floor":18,"turns":3}],"seed_played":"-6463404416621104114","potions_obtained":[{"floor":3,"key":"Regen Potion"},{"floor":12,"key":"FearPotion"},{"floor":14,"key":"PowerPotion"}],"is_trial":false,"path_per_floor":["M","?","M","?","M","R","?","R","T","R","E","M","$","M","R","B",null],"character_chosen":"IRONCLAD","items_purchased":["Power Through","Warcry"],"campfire_rested":1,"item_purchase_floors":[13,13],"current_hp_per_floor":[55,80,80,80,80,80,69,69,69,69,39,29,29,33,57,22,80,0],"gold":232,"neow_bonus":"THREE_RARE_CARDS","is_prod":false,"is_daily":false,"chose_seed":false,"campfire_upgraded":3,"win_rate":0,"timestamp":1533968193,"path_taken":["M","?","M","?","M","R","?","R","T","R","E","?","$","?","R","BOSS","M"],"build_version":"2018-08-09","purchased_purges":1,"victory":false,"max_hp_per_floor":[80,80,80,80,80,80,80,80,80,80,80,80,80,80,80,80,80,80],"card_choices":[{"not_picked":["Double Tap","Bludgeon"],"picked":"Demon Form","floor":0},{"not_picked":["Sword Boomerang","Body Slam"],"picked":"Clothesline","floor":1},{"not_picked":["Sword Boomerang","Warcry"],"picked":"Double Tap","floor":3},{"not_picked":["Sever Soul","Rupture"],"picked":"Hemokinesis","floor":5},{"not_picked":["Barricade","Sever Soul"],"picked":"Heavy Blade","floor":11},{"not_picked":["Infernal Blade","Intimidate"],"picked":"Spot Weakness","floor":12},{"not_picked":["Evolve","Dropkick"],"picked":"Cleave","floor":14},{"not_picked":["Impervious","Demon Form"],"picked":"Limit Break","floor":16}],"player_experience":77894,"relics_obtained":[{"floor":9,"key":"Mercury Hourglass"},{"floor":11,"key":"Blood Vial"}],"event_choices":[{"event_name":"Big Fish","player_choice":"Banana","floor":2,"damage_taken":0},{"event_name":"Wheel of Change","player_choice":"Relic","floor":4,"damage_taken":0},{"event_name":"World of Goop","player_choice":"Gather Gold","floor":7,"damage_taken":0}],"is_beta":false,"boss_relics":[{"not_picked":["Lizard Tail","Tiny House"],"picked":"Philosopher\u0027s Stone"}],"items_purged_floors":[13],"is_endless":false,"potions_floor_spawned":[3,12,14],"killed_by":"3 Byrds","ascension_level":2}