{"gold_per_floor":[119,69,69,86,106,132,132,147,147,164,179,179,195,370,370,474,474,493,195,195,209,124,124,156,255,333,333,343,359,359],"floor_reached":30,"playtime":1314,"items_purged":[],"score":290,"play_id":"cfc02ac5-8e16-4369-bce7-fb245475ff01","local_time":"20190204172827","is_ascension_mode":true,"campfire_choices":[{"data":"Static Discharge","floor":7.0,"key":"SMITH"},{"data":"Glacier","floor":12.0,"key":"SMITH"},{"floor":15.0,"key":"REST"},{"floor":23,"key":"REST"},{"floor":27,"key":"REST"}],"neow_cost":"NONE","seed_source_timestamp":359967746399128,"circlet_count":0,"master_deck":["Strike_B+1","Strike_B+1","Strike_B+1","Strike_B+1","Defend_B+1","Defend_B+1","Defend_B+1","Defend_B+1","Dualcast","Conserve Battery","Auto Shields","Glacier+1","Go for the Eyes","Static Discharge+1","Aggregate","Doom and Gloom+1","Capacitor","Cold Snap+1","Doubt","Thunder Strike+1","Capacitor","Skim","Turbo"],"special_seed":0,"relics":["Cracked Core","Cables","Darkstone Periapt","Molten Egg 2","Philosopher\u0027s Stone","Juzu Bracelet","PreservedInsect","Symbiotic Virus","Smiling Mask","Bottled Lightning"],"potions_floor_usage":[],"damage_taken":[{"damage":2.0,"enemies":"Jaw Worm","floor":1.0,"turns":3.0},{"damage":0.0,"enemies":"Small Slimes","floor":4.0,"turns":3.0},{"damage":1.0,"enemies":"2 Louse","floor":5.0,"turns":3.0},{"damage":11.0,"enemies":"Gremlin Nob","floor":6.0,"turns":6.0},{"damage":0.0,"enemies":"2 Fungi Beasts","floor":8.0,"turns":5.0},{"damage":1.0,"enemies":"Exordium Wildlife","floor":10.0,"turns":7.0},{"damage":0.0,"enemies":"3 Louse","floor":11.0,"turns":1.0},{"damage":12.0,"enemies":"Lots of Slimes","floor":13.0,"turns":4.0},{"damage":22.0,"enemies":"The Guardian","floor":16.0,"turns":21.0},{"damage":40.0,"enemies":"3 Byrds","floor":18.0,"turns":2.0},{"damage":37,"enemies":"2 Thieves","floor":21,"turns":4},{"damage":33,"enemies":"Book of Stabbing","floor":24,"turns":4},{"damage":13,"enemies":"Snecko","floor":28,"turns":5},{"damage":10,"enemies":"Snake Plant","floor":29,"turns":4},{"damage":6,"enemies":"Gremlin Leader","floor":30,"turns":1}],"seed_played":"-8028029812531771081","potions_obtained":[{"floor":5.0,"key":"Fruit Juice"},{"floor":8.0,"key":"Energy Potion"},{"floor":10.0,"key":"Poison Potion"},{"floor":13.0,"key":"SpeedPotion"},{"floor":16.0,"key":"FearPotion"}],"is_trial":false,"path_per_floor":["?","?","?","?","?","?"],"character_chosen":"DEFECT","items_purchased":["Juzu Bracelet","PreservedInsect"],"campfire_rested":3,"item_purchase_floors":[19,19],"current_hp_per_floor":[73,73,61,61,60,54,54,54,54,53,53,53,41,47,72,50,86,46,46,46,9,9,34,1,1,1,26,13,3,0],"gold":359,"neow_bonus":"THREE_CARDS","is_prod":false,"is_daily":false,"chose_seed":false,"campfire_upgraded":2,"win_rate":0,"timestamp":1549297707,"path_taken":["M","?","?","M","M","E","R","M","T","M","M","R","M","?","R","BOSS","M","$","?","M","?","R","E","?","T","R","M","M","E"],"build_version":"2019-01-23","purchased_purges":0,"victory":false,"max_hp_per_floor":[75,75,75,75,75,80,80,80,80,80,80,80,80,86,86,86,86,86,86,86,86,86,86,86,86,86,86,86,86,86],"card_choices":[{"not_picked":["Go for the Eyes","Barrage"],"picked":"Conserve Battery","floor":0.0},{"not_picked":["Turbo","Gash"],"picked":"Auto Shields","floor":1.0},{"not_picked":["Cold Snap","Sweeping Beam"],"picked":"Glacier","floor":4.0},{"not_picked":["Cold Snap","Coolheaded"],"picked":"Go for the Eyes","floor":5.0},{"not_picked":["Undo","Redo"],"picked":"Static Discharge","floor":6.0},{"not_picked":["Gash","Consume"],"picked":"Aggregate","floor":8.0},{"not_picked":["Undo","Turbo"],"picked":"Doom and Gloom+1","floor":10.0},{"not_picked":["Sweeping Beam+1","Turbo"],"picked":"Capacitor","floor":11.0},{"not_picked":["Gash+1","Hello World"],"picked":"Cold Snap+1","floor":13.0},{"not_picked":["Rainbow","Hyperbeam+1"],"picked":"Thunder Strike+1","floor":16.0},{"not_picked":["Steam","Gash+1"],"picked":"Capacitor","floor":18.0},{"not_picked":["Aggregate","Stack+1"],"picked":"Skim","floor":21},{"not_picked":["Cold Snap+1","Rip and Tear+1","Auto Shields"],"picked":"SKIP","floor":24},{"not_picked":["Loop","Ball Lightning+1","Aggregate"],"picked":"SKIP","floor":28},{"not_picked":["Heatsinks","Capacitor"],"picked":"Turbo","floor":29}],"player_experience":200459,"relics_obtained":[{"floor":6.0,"key":"Darkstone Periapt"},{"floor":9.0,"key":"Molten Egg 2"},{"floor":24,"key":"Smiling Mask"},{"floor":26,"key":"Bottled Lightning"}],"event_choices":[{"cards_removed":["Zap"],"damage_healed":0.0,"max_hp_gain":0.0,"max_hp_loss":0.0,"gold_gain":0.0,"event_name":"The Cleric","player_choice":"Card Removal","floor":2.0,"gold_loss":50.0,"damage_taken":0.0},{"damage_healed":0.0,"max_hp_gain":0.0,"max_hp_loss":0.0,"gold_gain":0.0,"event_name":"Scrap Ooze","player_choice":"Success","floor":3.0,"gold_loss":0.0,"damage_taken":12.0,"relics_obtained":["Cables"]},{"damage_healed":0.0,"max_hp_gain":0.0,"max_hp_loss":0.0,"gold_gain":175.0,"event_name":"Liars Game","player_choice":"AGREE","floor":14.0,"gold_loss":0.0,"damage_taken":0.0,"cards_obtained":["Doubt"]},{"damage_healed":0,"gold_gain":0,"player_choice":"Simplicity","damage_taken":0,"max_hp_gain":0,"max_hp_loss":0,"event_name":"Back to Basics","floor":20,"gold_loss":0,"cards_upgraded":["Strike_B","Strike_B","Strike_B","Strike_B","Defend_B","Defend_B","Defend_B","Defend_B"]},{"damage_healed":0,"gold_gain":0,"player_choice":"Obtained Relic","damage_taken":0,"relics_obtained":["Symbiotic Virus"],"max_hp_gain":0,"max_hp_loss":0,"event_name":"Addict","floor":22,"gold_loss":85},{"damage_healed":0,"gold_gain":99,"player_choice":"Stole From Cult","damage_taken":0,"max_hp_gain":0,"max_hp_loss":0,"event_name":"Nest","floor":25,"gold_loss":0}],"is_beta":false,"boss_relics":[{"not_picked":["Empty Cage","Inserter"],"picked":"Philosopher\u0027s Stone"}],"items_purged_floors":[],"is_endless":false,"potions_floor_spawned":[5,8,10,13,16,24,28,29],"killed_by":"Gremlin Leader","ascension_level":3}