{"gold_per_floor":[118,118,138,148,73,73,84,53,101,120,134,134],"floor_reached":12,"playtime":396,"items_purged":["Defend_R"],"score":76,"play_id":"a31944b0-5389-4f6e-badc-91a21d6be01f","local_time":"20190202172502","is_ascension_mode":true,"campfire_choices":[{"data":"Bash","floor":6,"key":"SMITH"}],"neow_cost":"NONE","seed_source_timestamp":430183003144673,"circlet_count":0,"master_deck":["Strike_R","Strike_R","Strike_R","Strike_R","Strike_R","Defend_R","Defend_R","Defend_R","Bash+1","Rampage","Inflame"],"relics":["White Beast Statue"],"potions_floor_usage":[4,12],"damage_taken":[{"damage":7,"enemies":"2 Louse","floor":1,"turns":2},{"damage":11,"enemies":"Jaw Worm","floor":3,"turns":5},{"damage":5,"enemies":"Small Slimes","floor":4,"turns":3},{"damage":10,"enemies":"Looter","floor":7,"turns":2},{"damage":20,"enemies":"Exordium Wildlife","floor":10,"turns":4},{"damage":21,"enemies":"3 Louse","floor":11,"turns":3},{"damage":13,"enemies":"3 Sentries","floor":12,"turns":2}],"seed_played":"4621336160577966220","potions_obtained":[{"floor":1,"key":"Strength Potion"},{"floor":3,"key":"Energy Potion"},{"floor":4,"key":"Weak Potion"},{"floor":7,"key":"Energy Potion"}],"is_trial":false,"path_per_floor":["M","?","M","M","$","R","M","?","T","M","M","E"],"character_chosen":"IRONCLAD","items_purchased":[],"campfire_rested":0,"item_purchase_floors":[],"current_hp_per_floor":[73,78,67,62,62,62,52,52,52,32,11,0],"gold":134,"neow_bonus":"BOSS_RELIC","is_prod":false,"is_daily":false,"chose_seed":false,"campfire_upgraded":1,"win_rate":0,"timestamp":1549157102,"path_taken":["M","?","M","M","$","R","M","?","T","M","M","E"],"build_version":"2019-01-23","purchased_purges":1,"victory":false,"max_hp_per_floor":[80,85,85,85,85,85,85,85,85,85,85,85],"card_choices":[{"not_picked":["Bloodletting","Iron Wave","Armaments"],"picked":"SKIP","floor":1},{"not_picked":["Entrench","Headbutt"],"picked":"Rampage","floor":3},{"not_picked":["Warcry","Flex","Cleave"],"picked":"SKIP","floor":4},{"not_picked":["Thunderclap","Burning Pact","Dark Embrace"],"picked":"SKIP","floor":7},{"not_picked":["Pommel Strike","Combust","Warcry"],"picked":"SKIP","floor":10},{"not_picked":["Anger","Shrug It Off"],"picked":"Inflame","floor":11}],"player_experience":404792,"relics_obtained":[],"event_choices":[{"damage_healed":0,"gold_gain":0,"player_choice":"Donut","damage_taken":0,"max_hp_gain":5,"max_hp_loss":0,"event_name":"Big Fish","floor":2,"gold_loss":0},{"damage_healed":0,"gold_gain":0,"player_choice":"Left Gold","damage_taken":0,"max_hp_gain":0,"max_hp_loss":0,"event_name":"World of Goop","floor":8,"gold_loss":31}],"is_beta":false,"boss_relics":[],"items_purged_floors":[5],"is_endless":false,"potions_floor_spawned":[1,3,4,7,10,11],"killed_by":"3 Sentries","ascension_level":1}