{"gold_per_floor":[117,134,146,166,179,179,179,196,196,196,208,242,261,277,277,381,381,401,420,420,277,293,293,321,321,348,348,348,147,208,219,219,324,324,342,353,367,386,416,446,446,416,416,484,546,546,560,104,104,104],"floor_reached":51,"playtime":5667,"items_purged":["Shame","Defend_B"],"score":823,"play_id":"2b010583-1f20-415b-9e1a-8068a4431047","local_time":"20190126213627","is_ascension_mode":true,"campfire_choices":[{"data":"Sunder","floor":6.0,"key":"SMITH"},{"data":"Zap","floor":10.0,"key":"SMITH"},{"data":"Defragment","floor":15.0,"key":"SMITH"},{"floor":23.0,"key":"REST"},{"floor":25.0,"key":"REST"},{"data":"Capacitor","floor":27.0,"key":"SMITH"},{"floor":32.0,"key":"REST"},{"floor":41.0,"key":"REST"},{"floor":46.0,"key":"REST"},{"floor":49,"key":"REST"}],"neow_cost":"NONE","seed_source_timestamp":0,"circlet_count":0,"master_deck":["Defend_B","Defend_B","Defend_B","Zap+1","Dualcast","Sunder+1","Cold Snap","Ball Lightning","Rainbow","Capacitor+1","Defragment+1","Glacier","Echo Form","White Noise","Storm","Melter+1","Undo","Buffer","Heatsinks+1","Genetic Algorithm+1","Stack+1","Auto Shields","Reinforced Body","Doom and Gloom+1","Go for the Eyes+1","Force Field+1"],"special_seed":0,"relics":["Velvet Choker","Molten Egg 2","Happy Flower","White Beast Statue","Mango","The Courier","Oddly Smooth Stone","SsserpentHead","Mummified Hand","Astrolabe","Blue Candle","Girya","HandDrill","Bag of Marbles","Dream Catcher"],"potions_floor_usage":[50,50,50],"damage_taken":[{"damage":5.0,"enemies":"Small Slimes","floor":1.0,"turns":4.0},{"damage":0.0,"enemies":"Cultist","floor":2.0,"turns":3.0},{"damage":0.0,"enemies":"2 Louse","floor":3.0,"turns":2.0},{"damage":9.0,"enemies":"Red Slaver","floor":4.0,"turns":3.0},{"damage":0.0,"enemies":"Exordium Thugs","floor":5.0,"turns":3.0},{"damage":3.0,"enemies":"Gremlin Gang","floor":8.0,"turns":4.0},{"damage":0.0,"enemies":"Large Slime","floor":11.0,"turns":4.0},{"damage":5.0,"enemies":"Gremlin Nob","floor":12.0,"turns":3.0},{"damage":9.0,"enemies":"Lots of Slimes","floor":13.0,"turns":4.0},{"damage":0.0,"enemies":"Exordium Wildlife","floor":14.0,"turns":4.0},{"damage":6.0,"enemies":"Slime Boss","floor":16.0,"turns":6.0},{"damage":12.0,"enemies":"2 Thieves","floor":18.0,"turns":4.0},{"damage":10.0,"enemies":"Shell Parasite","floor":19.0,"turns":4.0},{"damage":25.0,"enemies":"3 Cultists","floor":22.0,"turns":5.0},{"damage":48.0,"enemies":"Slavers","floor":24.0,"turns":4.0},{"damage":5.0,"enemies":"Sentry and Sphere","floor":30.0,"turns":4.0},{"damage":0.0,"enemies":"Chosen and Byrds","floor":31.0,"turns":3.0},{"damage":32.0,"enemies":"Automaton","floor":33.0,"turns":7.0},{"damage":3.0,"enemies":"3 Shapes","floor":35.0,"turns":5.0},{"damage":9.0,"enemies":"3 Darklings","floor":36.0,"turns":8.0},{"damage":20.0,"enemies":"Maw","floor":37.0,"turns":8.0},{"damage":4.0,"enemies":"Jaw Worm Horde","floor":38.0,"turns":3.0},{"damage":39.0,"enemies":"Reptomancer","floor":40.0,"turns":7.0},{"damage":0.0,"enemies":"Writhing Mass","floor":44.0,"turns":7.0},{"damage":9.0,"enemies":"Maw","floor":45.0,"turns":6.0},{"damage":27.0,"enemies":"Jaw Worm Horde","floor":47.0,"turns":5.0},{"damage":25,"enemies":"Time Eater","floor":50,"turns":12}],"seed_played":"6288028235055342965","potions_obtained":[{"floor":1.0,"key":"Regen Potion"},{"floor":4.0,"key":"Poison Potion"},{"floor":5.0,"key":"Swift Potion"},{"floor":11.0,"key":"Weak Potion"},{"floor":13.0,"key":"Swift Potion"},{"floor":18.0,"key":"SpeedPotion"},{"floor":19.0,"key":"SkillPotion"},{"floor":22.0,"key":"Strength Potion"},{"floor":24.0,"key":"Fire Potion"},{"floor":30.0,"key":"Fire Potion"},{"floor":31.0,"key":"Explosive Potion"},{"floor":33.0,"key":"Ancient Potion"},{"floor":36.0,"key":"Fire Potion"},{"floor":38.0,"key":"PowerPotion"},{"floor":39.0,"key":"Weak Potion"},{"floor":40.0,"key":"Weak Potion"},{"floor":44.0,"key":"LiquidBronze"},{"floor":45.0,"key":"GamblersBrew"},{"floor":47.0,"key":"Weak Potion"}],"is_trial":false,"path_per_floor":["M","M","M","M","M","R","?","M","T","R","M","E","M","M","R","B",null,"M","M","?","$","M","R","E","R","T","R","?","$","M","M","R","B",null,"M","M","M","M","?","E","R","$","T","M","M","R","M","$","R","B",null],"character_chosen":"DEFECT","items_purchased":["Melter+1","Mummified Hand","PowerPotion","Go for the Eyes+1","HandDrill","Bag of Marbles","Dream Catcher"],"campfire_rested":6,"item_purchase_floors":[21,29,48,48,48,48,48],"current_hp_per_floor":[70,70,70,61,61,61,61,58,58,58,58,53,44,44,44,52,75,63,53,67,67,42,68,20,46,46,46,46,46,41,41,67,35,89,86,77,57,53,53,14,40,40,40,40,31,57,30,30,56,31],"gold":104,"neow_bonus":"BOSS_RELIC","is_prod":false,"is_daily":false,"chose_seed":false,"campfire_upgraded":4,"win_rate":0,"timestamp":1548556587,"path_taken":["M","M","M","M","M","R","?","M","T","R","M","E","M","M","R","BOSS","M","?","?","$","M","R","E","R","T","R","?","$","?","M","R","BOSS","M","M","M","M","?","E","R","?","T","?","?","R","M","$","R","BOSS"],"build_version":"2019-01-23","purchased_purges":2,"victory":true,"max_hp_per_floor":[75,75,75,75,75,75,75,75,75,75,75,75,75,75,75,75,75,75,75,89,89,89,89,89,89,89,89,89,89,89,89,89,89,89,89,89,89,89,89,89,89,89,89,89,89,89,89,89,89,89],"card_choices":[{"not_picked":["Aggregate","Hologram"],"picked":"Sunder","floor":1.0},{"not_picked":["FTL","Steam"],"picked":"Cold Snap","floor":2.0},{"not_picked":["Steam","Turbo"],"picked":"Ball Lightning","floor":3.0},{"not_picked":["Coolheaded","Glacier"],"picked":"Rainbow","floor":4.0},{"not_picked":["Beam Cell","Rip and Tear","Redo"],"picked":"SKIP","floor":5.0},{"not_picked":["Glacier","Streamline"],"picked":"Capacitor","floor":8.0},{"not_picked":["Genetic Algorithm","Hello World"],"picked":"Defragment","floor":11.0},{"not_picked":["Cold Snap+1","Scrape+1"],"picked":"Glacier","floor":12.0},{"not_picked":["Rebound+1","Gash+1","Skim"],"picked":"SKIP","floor":13.0},{"not_picked":["Barrage+1","Lockon+1","Streamline+1"],"picked":"SKIP","floor":14.0},{"not_picked":["Thunder Strike+1","Machine Learning"],"picked":"Echo Form","floor":16.0},{"not_picked":["Undo+1","Skim"],"picked":"White Noise","floor":18.0},{"not_picked":["Self Repair","Steam"],"picked":"Storm","floor":19.0},{"not_picked":["Coolheaded","Cold Snap+1","Conserve Battery+1"],"picked":"SKIP","floor":22.0},{"not_picked":["Force Field","Gash+1"],"picked":"Undo","floor":24.0},{"not_picked":["Ball Lightning+1","Sweeping Beam+1","Conserve Battery"],"picked":"SKIP","floor":30.0},{"not_picked":["Gash+1","Rebound+1","Reprogram"],"picked":"SKIP","floor":31.0},{"not_picked":["Rainbow","Reboot"],"picked":"Buffer","floor":33.0},{"not_picked":["Conserve Battery+1","Force Field+1"],"picked":"Auto Shields","floor":35.0},{"not_picked":["Gash+1","Fusion"],"picked":"Reinforced Body","floor":36.0},{"not_picked":["Steam+1","Rip and Tear+1"],"picked":"Doom and Gloom+1","floor":37.0},{"not_picked":["Lockon+1","Melter+1","Undo"],"picked":"SKIP","floor":38.0},{"not_picked":["Glacier+1","Coolheaded","Auto Shields"],"picked":"SKIP","floor":40.0},{"not_picked":["Compile Driver+1","Rebound+1","Conserve Battery+1"],"picked":"SKIP","floor":44.0},{"not_picked":["Coolheaded","Leap","Chaos"],"picked":"SKIP","floor":45.0},{"not_picked":["FTL+1","Heatsinks+1","Cold Snap+1"],"picked":"SKIP","floor":47.0},{"not_picked":["Leap+1","Self Repair"],"picked":"Force Field+1","floor":49}],"player_experience":66363,"relics_obtained":[{"floor":9.0,"key":"Molten Egg 2"},{"floor":12.0,"key":"Happy Flower"},{"floor":24.0,"key":"The Courier"},{"floor":26.0,"key":"Oddly Smooth Stone"},{"floor":40.0,"key":"Blue Candle"},{"floor":43.0,"key":"Girya"}],"event_choices":[{"cards_removed":["Strike_B"],"damage_healed":0.0,"max_hp_gain":0.0,"max_hp_loss":0.0,"gold_gain":0.0,"event_name":"Purifier","player_choice":"Purged","floor":7.0,"gold_loss":0.0,"damage_taken":0.0},{"damage_healed":0.0,"max_hp_gain":0.0,"max_hp_loss":0.0,"gold_gain":0.0,"event_name":"Addict","player_choice":"Stole Relic","floor":20.0,"gold_loss":0.0,"damage_taken":0.0,"relics_obtained":["Mango"],"cards_obtained":["Shame"]},{"damage_healed":0.0,"max_hp_gain":0.0,"max_hp_loss":0.0,"gold_gain":0.0,"event_name":"FaceTrader","player_choice":"Trade","floor":28.0,"gold_loss":0.0,"damage_taken":0.0,"relics_obtained":["SsserpentHead"]},{"damage_healed":0.0,"max_hp_gain":0.0,"max_hp_loss":0.0,"gold_gain":0.0,"event_name":"The Woman in Blue","player_choice":"Bought 1 Potion","floor":39.0,"gold_loss":0.0,"damage_taken":0.0}],"is_beta":false,"boss_relics":[{"not_picked":["Calling Bell","Sozu"],"picked":"White Beast Statue"},{"not_picked":["Fusion Hammer","Coffee Dripper"],"picked":"Astrolabe"}],"items_purged_floors":[21,42],"is_endless":false,"potions_floor_spawned":[1,4,5,11,13,18,19,22,24,30,31,33,35,36,37,38,40,44,45,47],"ascension_level":2}