{"gold_per_floor":[210,210,227,22,22,52,52,52,104,169,204,221,221,251,251,353,353,371,421,471,3,53,53,53,78,78,78,103,30,91,106,106,203,203,220,320,1369,1369],"floor_reached":38,"playtime":3107,"items_purged":[],"score":583,"play_id":"b9d77abe-3c63-4afb-bac4-d4d0255cd8ab","local_time":"20190109231339","is_ascension_mode":true,"campfire_choices":[{"data":"Blizzard","floor":7,"key":"SMITH"},{"data":"Coolheaded","floor":13,"key":"SMITH"},{"floor":15,"key":"REST"},{"floor":23,"key":"REST"},{"floor":27,"key":"REST"},{"floor":32,"key":"REST"}],"neow_cost":"NONE","seed_source_timestamp":710092809529537,"circlet_count":0,"master_deck":["Strike_B+1","Strike_B+1","Defend_B+1","Defend_B+1","Defend_B+1","Defend_B+1","Zap","Dualcast","Cold Snap+1","Genetic Algorithm","Blizzard+1","Coolheaded+1","Defragment","Go for the Eyes","Ball Lightning+1","Capacitor+1","Genetic Algorithm","Redo","Echo Form","Cold Snap","Cold Snap+1","Loop","Chill","Machine Learning","Redo+1","Doom and Gloom+1","Normality","Normality"],"relics":["Cracked Core","Cables","SsserpentHead","Art of War","Sundial","Kunai","Empty Cage","Whetstone","Frozen Eye","Anchor","Question Card","Dodecahedron","Mummified Hand","Busted Crown","Gambling Chip"],"potions_floor_usage":[11,14,18,28,33,33],"damage_taken":[{"damage":7,"enemies":"Jaw Worm","floor":1,"turns":3},{"damage":3,"enemies":"2 Louse","floor":3,"turns":2},{"damage":24,"enemies":"3 Sentries","floor":6,"turns":8},{"damage":0,"enemies":"Cultist","floor":10,"turns":3},{"damage":18,"enemies":"Lagavulin","floor":11,"turns":6},{"damage":0,"enemies":"2 Fungi Beasts","floor":12,"turns":3},{"damage":9,"enemies":"3 Sentries","floor":14,"turns":11},{"damage":10,"enemies":"Hexaghost","floor":16,"turns":11},{"damage":16,"enemies":"3 Byrds","floor":18,"turns":4},{"damage":31,"enemies":"Slavers","floor":25,"turns":7},{"damage":19,"enemies":"Book of Stabbing","floor":28,"turns":6},{"damage":0,"enemies":"Chosen","floor":30,"turns":4},{"damage":17,"enemies":"Shelled Parasite and Fungi","floor":31,"turns":6},{"damage":40,"enemies":"Automaton","floor":33,"turns":13},{"damage":6,"enemies":"Orb Walker","floor":35,"turns":5},{"damage":56,"enemies":"2 Orb Walkers","floor":36,"turns":7},{"damage":7,"enemies":"3 Darklings","floor":38,"turns":3}],"seed_played":"-4330993352948976922","potions_obtained":[{"floor":1,"key":"Ancient Potion"},{"floor":3,"key":"Swift Potion"},{"floor":12,"key":"SkillPotion"},{"floor":16,"key":"Explosive Potion"},{"floor":25,"key":"Block Potion"},{"floor":31,"key":"PowerPotion"}],"is_trial":false,"path_per_floor":["M","?","M","$","?","E","R","?","T","M","E","M","R","E","R","B",null,"M","?","?","$","?","R","$","E","T","R","E","$","M","M","R","B",null,"M","?","?","M"],"character_chosen":"DEFECT","items_purchased":["Blizzard","Coolheaded","Defragment","Whetstone","Frozen Eye","Anchor","Loop"],"campfire_rested":4,"item_purchase_floors":[4,4,4,21,21,21,29],"current_hp_per_floor":[68,53,50,50,55,31,31,31,31,31,13,13,13,4,28,18,65,49,49,49,49,49,73,73,42,42,66,47,47,47,30,54,14,64,58,2,2,0],"gold":1369,"neow_bonus":"HUNDRED_GOLD","is_prod":false,"is_daily":false,"chose_seed":false,"campfire_upgraded":2,"win_rate":0,"timestamp":1547097219,"path_taken":["M","?","M","$","?","E","R","?","T","?","E","M","R","E","R","BOSS","M","?","?","?","?","R","$","E","T","R","E","$","?","M","R","BOSS","M","?","?","M"],"build_version":"2019-01-03v4","purchased_purges":0,"victory":false,"max_hp_per_floor":[75,75,75,75,80,80,80,80,80,80,80,80,80,80,80,80,80,80,80,80,80,80,80,80,80,80,80,80,80,80,80,80,80,80,80,80,80,80],"card_choices":[{"not_picked":["Self Repair","Scrape"],"picked":"Cold Snap","floor":1},{"not_picked":["Redo","Compile Driver"],"picked":"Genetic Algorithm","floor":3},{"not_picked":["Streamline","Scrape"],"picked":"Go for the Eyes","floor":6},{"not_picked":["Fusion","Static Discharge"],"picked":"Ball Lightning","floor":10},{"not_picked":["Rebound","Stack"],"picked":"Capacitor","floor":11},{"not_picked":["Ball Lightning","Conserve Battery"],"picked":"Genetic Algorithm","floor":12},{"not_picked":["Steam","Reinforced Body"],"picked":"Redo","floor":14},{"not_picked":["Amplify","Multi-Cast"],"picked":"Echo Form","floor":16},{"not_picked":["Turbo+1","Sweeping Beam"],"picked":"Cold Snap","floor":18},{"not_picked":["White Noise","Hologram","Beam Cell"],"picked":"SKIP","floor":25},{"not_picked":["Turbo+1","Thunder Strike","Consume","Steam"],"picked":"SKIP","floor":28},{"not_picked":["Static Discharge+1","Streamline+1","Stack","Conserve Battery+1"],"picked":"SKIP","floor":30},{"not_picked":["Coolheaded","Ball Lightning","Barrage"],"picked":"Chill","floor":31},{"not_picked":["Electrodynamics","Multi-Cast","Amplify"],"picked":"Machine Learning","floor":33},{"not_picked":["Conserve Battery"],"picked":"Redo+1","floor":35},{"not_picked":["Barrage"],"picked":"Doom and Gloom+1","floor":36}],"player_experience":462710,"relics_obtained":[{"floor":6,"key":"Cables"},{"floor":9,"key":"Art of War"},{"floor":11,"key":"Sundial"},{"floor":14,"key":"Kunai"},{"floor":25,"key":"Question Card"},{"floor":26,"key":"Dodecahedron"},{"floor":28,"key":"Mummified Hand"},{"floor":36,"key":"Gambling Chip"}],"event_choices":[{"damage_healed":0,"gold_gain":0,"player_choice":"Entered Light","damage_taken":15,"max_hp_gain":0,"max_hp_loss":0,"event_name":"Shining Light","floor":2,"gold_loss":0,"cards_upgraded":["Defend_B","Cold Snap"]},{"damage_healed":0,"gold_gain":0,"player_choice":"Donut","damage_taken":0,"max_hp_gain":5,"max_hp_loss":0,"event_name":"Big Fish","floor":5,"gold_loss":0},{"damage_healed":0,"gold_gain":0,"player_choice":"Trade","damage_taken":0,"relics_obtained":["SsserpentHead"],"max_hp_gain":0,"max_hp_loss":0,"event_name":"FaceTrader","floor":8,"gold_loss":0},{"damage_healed":0,"gold_gain":0,"player_choice":"Simplicity","damage_taken":0,"max_hp_gain":0,"max_hp_loss":0,"event_name":"Back to Basics","floor":19,"gold_loss":0,"cards_upgraded":["Strike_B","Strike_B","Defend_B","Defend_B","Defend_B"]},{"damage_healed":0,"gold_gain":0,"player_choice":"Read","damage_taken":0,"max_hp_gain":0,"max_hp_loss":0,"event_name":"The Library","floor":20,"gold_loss":0,"cards_obtained":["Cold Snap"]},{"damage_healed":0,"gold_gain":0,"player_choice":"Upgraded","damage_taken":0,"max_hp_gain":0,"max_hp_loss":0,"event_name":"Upgrade Shrine","floor":22,"gold_loss":0,"cards_upgraded":["Capacitor"]},{"damage_healed":0,"gold_gain":0,"player_choice":"Fight","damage_taken":0,"max_hp_gain":0,"max_hp_loss":0,"event_name":"Mysterious Sphere","floor":36,"gold_loss":0},{"damage_healed":0,"gold_gain":999,"player_choice":"Gold","damage_taken":0,"max_hp_gain":0,"max_hp_loss":0,"event_name":"MindBloom","floor":37,"gold_loss":0,"cards_obtained":["Normality","Normality"]}],"is_beta":false,"boss_relics":[{"not_picked":["Coffee Dripper","Runic Pyramid"],"picked":"Empty Cage"},{"not_picked":["Orrery","Runic Dome"],"picked":"Busted Crown"}],"items_purged_floors":[],"is_endless":false,"potions_floor_spawned":[1,3,12,16,25,31],"killed_by":"3 Darklings","ascension_level":5}