{"gold_per_floor":[365,21,41,56,67,67,97,97,97,107,141,216,216,227,227,332,332,347,347,89,14,25,25,25,39,39,39,53,53],"floor_reached":29,"playtime":1222,"items_purged":[],"score":376,"play_id":"12a8c2a4-930a-46e1-b5cc-720017de2862","local_time":"20180915175533","is_ascension_mode":true,"campfire_choices":[{"data":"Anger","floor":6,"key":"SMITH"},{"floor":8,"key":"REST"},{"data":"Havoc","floor":13,"key":"SMITH"},{"data":"Anger","floor":15,"key":"SMITH"},{"data":"True Grit","floor":23,"key":"SMITH"},{"floor":27,"key":"REST"}],"neow_cost":"TEN_PERCENT_HP_LOSS","seed_source_timestamp":1449495036569762,"circlet_count":0,"master_deck":["Strike_R","Strike_R","Strike_R","Strike_R","Defend_R","Defend_R","Defend_R","Defend_R","Bash","AscendersBane","Uppercut","Anger+1","Feel No Pain","Anger+1","Sword Boomerang","Pommel Strike","Rage","True Grit","Havoc+1","Juggernaut","Havoc","Juggernaut","True Grit+1","Havoc"],"relics":["Burning Blood","Shuriken","PreservedInsect","Pantograph","Gambling Chip","Mark of Pain","DollysMirror","Blue Candle"],"potions_floor_usage":[5,16,25,25],"damage_taken":[{"damage":7,"enemies":"2 Louse","floor":1,"turns":3},{"damage":9,"enemies":"Jaw Worm","floor":3,"turns":3},{"damage":0,"enemies":"Small Slimes","floor":4,"turns":3},{"damage":29,"enemies":"Exordium Thugs","floor":5,"turns":4},{"damage":20,"enemies":"Lagavulin","floor":7,"turns":5},{"damage":12,"enemies":"Red Slaver","floor":10,"turns":4},{"damage":16,"enemies":"Gremlin Nob","floor":11,"turns":3},{"damage":1,"enemies":"Large Slime","floor":14,"turns":4},{"damage":23,"enemies":"The Guardian","floor":16,"turns":9},{"damage":16,"enemies":"Chosen","floor":18,"turns":5},{"damage":23,"enemies":"Spheric Guardian","floor":22,"turns":4},{"damage":28,"enemies":"Centurion and Healer","floor":25,"turns":6},{"damage":31,"enemies":"Snecko","floor":28,"turns":5},{"damage":20,"enemies":"Gremlin Leader","floor":29,"turns":2}],"seed_played":"-7310179533602915908","potions_obtained":[{"floor":1,"key":"Regen Potion"},{"floor":4,"key":"Strength Potion"},{"floor":11,"key":"Poison Potion"},{"floor":16,"key":"Dexterity Potion"},{"floor":25,"key":"Fire Potion"}],"is_trial":false,"path_per_floor":["M","$","M","M","M","R","E","R","T","M","E","?","R","M","R","B",null,"M","?","$","?","M","R","$","M","T","R","M"],"character_chosen":"IRONCLAD","items_purchased":["Shuriken","Anger","Feel No Pain","Havoc","DollysMirror"],"campfire_rested":2,"item_purchase_floors":[2,2,2,20,20],"current_hp_per_floor":[71,71,68,72,58,58,44,65,65,59,49,38,38,43,43,51,67,57,57,57,57,40,40,40,18,18,39,14,0],"gold":53,"neow_bonus":"TWO_FIFTY_GOLD","is_prod":false,"is_daily":false,"chose_seed":false,"campfire_upgraded":4,"win_rate":0,"timestamp":1537052133,"path_taken":["M","$","M","M","M","R","E","R","T","M","E","?","R","M","R","BOSS","M","?","$","?","M","R","?","M","T","R","M","E"],"build_version":"2018-09-06","purchased_purges":0,"victory":false,"max_hp_per_floor":[72,72,72,72,72,72,72,72,72,72,72,72,72,72,72,72,72,72,72,72,72,72,72,72,72,72,72,72,72],"card_choices":[{"not_picked":["Feel No Pain","Entrench"],"picked":"Uppercut","floor":1},{"not_picked":["Flex","Thunderclap"],"picked":"Anger","floor":3},{"not_picked":["Metallicize","Thunderclap"],"picked":"Sword Boomerang","floor":4},{"not_picked":["Brutality","Clothesline"],"picked":"Pommel Strike","floor":5},{"not_picked":["Heavy Blade","Warcry"],"picked":"Rage","floor":7},{"not_picked":["Shockwave","Clothesline"],"picked":"True Grit","floor":10},{"not_picked":["Dual Wield","Perfected Strike"],"picked":"Havoc","floor":11},{"not_picked":["Blood for Blood","Headbutt","Warcry"],"picked":"SKIP","floor":14},{"not_picked":["Impervious","Double Tap"],"picked":"Juggernaut","floor":16},{"not_picked":["Intimidate","Heavy Blade+1","Searing Blow"],"picked":"SKIP","floor":18},{"not_picked":["Rupture+1","Havoc"],"picked":"True Grit","floor":22},{"not_picked":["Clash","Wild Strike"],"picked":"Havoc","floor":25},{"not_picked":["Sever Soul","Infernal Blade","Thunderclap"],"picked":"SKIP","floor":28}],"player_experience":349561,"relics_obtained":[{"floor":7,"key":"PreservedInsect"},{"floor":9,"key":"Pantograph"},{"floor":11,"key":"Gambling Chip"},{"floor":26,"key":"Blue Candle"}],"event_choices":[{"event_name":"World of Goop","player_choice":"Gather Gold","floor":12,"damage_taken":0},{"event_name":"The Woman in Blue","player_choice":"Bought 0 Potions","floor":19,"damage_taken":0},{"event_name":"Beggar","player_choice":"Gave Gold","floor":21,"damage_taken":0}],"is_beta":false,"boss_relics":[{"not_picked":["Pandora\u0027s Box","White Beast Statue"],"picked":"Mark of Pain"}],"items_purged_floors":[],"is_endless":false,"potions_floor_spawned":[1,4,11,16,22,25],"killed_by":"Gremlin Leader","ascension_level":12}