{"gold_per_floor":[112,19,19,19,39,39,59,59,82,92,119,129,149,149],"floor_reached":14,"playtime":226,"items_purged":[],"score":103,"play_id":"3e0036ef-9057-4aa7-9bb7-fa47fd06689c","local_time":"20181010030930","is_ascension_mode":true,"campfire_choices":[{"data":"Defragment","floor":6.0,"key":"SMITH"}],"neow_cost":"NONE","seed_source_timestamp":0,"circlet_count":0,"master_deck":["Strike_B+1","Strike_B","Strike_B","Defend_B","Defend_B+1","Defend_B+1","Defend_B","Zap","Dualcast","Conserve Battery","Coolheaded+1","Capacitor","Defragment+1","Coolheaded","BootSequence","Compile Driver","Gash","Sweeping Beam"],"special_seed":0,"relics":["Velvet Choker","Shuriken","Vajra","War Paint"],"potions_floor_usage":[],"damage_taken":[{"damage":5.0,"enemies":"Small Slimes","floor":1.0,"turns":3.0},{"damage":0.0,"enemies":"2 Louse","floor":5.0,"turns":2.0},{"damage":7.0,"enemies":"Jaw Worm","floor":7.0,"turns":4.0},{"damage":0.0,"enemies":"Large Slime","floor":10.0,"turns":7.0},{"damage":0.0,"enemies":"Red Slaver","floor":12.0,"turns":3.0},{"damage":0.0,"enemies":"3 Louse","floor":13.0,"turns":3.0},{"damage":12,"enemies":"Exordium Wildlife","floor":14,"turns":2}],"seed_played":"-2751899114048342530","potions_obtained":[{"floor":7.0,"key":"FearPotion"},{"floor":12.0,"key":"Ancient Potion"}],"is_trial":false,"path_per_floor":["M","$","?","?","M","R","M","?","T","M","T","M","M"],"character_chosen":"DEFECT","items_purchased":["Coolheaded","Capacitor"],"campfire_rested":0,"item_purchase_floors":[2,2],"current_hp_per_floor":[70,70,52,37,37,37,30,30,30,30,30,30,30,18],"gold":149,"neow_bonus":"BOSS_RELIC","is_prod":false,"is_daily":false,"chose_seed":false,"campfire_upgraded":1,"win_rate":0,"timestamp":1539137370,"path_taken":["M","$","?","?","M","R","M","?","T","M","?","?","M","M"],"build_version":"2018-10-04v2","purchased_purges":0,"victory":false,"max_hp_per_floor":[75,75,75,75,75,75,75,75,75,75,75,75,75,75],"card_choices":[{"not_picked":["Barrage","Doom and Gloom"],"picked":"Conserve Battery","floor":1.0},{"not_picked":["Chill","Cold Snap"],"picked":"Defragment","floor":5.0},{"not_picked":["Tempest","Static Discharge"],"picked":"Coolheaded","floor":7.0},{"not_picked":["Rebound","Beam Cell"],"picked":"Compile Driver","floor":10.0},{"not_picked":["Rebound","White Noise"],"picked":"Gash","floor":12.0},{"not_picked":["Stack","Hello World"],"picked":"Sweeping Beam","floor":13.0}],"player_experience":66871,"relics_obtained":[{"floor":9.0,"key":"Vajra"},{"floor":11.0,"key":"War Paint"}],"event_choices":[{"event_name":"Scrap Ooze","player_choice":"success","floor":3.0,"damage_taken":18.0},{"event_name":"Shining Light","player_choice":"Entered Light","floor":4.0,"damage_taken":0.0},{"event_name":"Living Wall","player_choice":"Change","floor":8.0,"damage_taken":0.0}],"is_beta":false,"boss_relics":[],"items_purged_floors":[],"is_endless":false,"potions_floor_spawned":[7,12],"killed_by":"Exordium Wildlife","ascension_level":5}