{"gold_per_floor":[117,117,127,77,2,2,61,94,94,94,112,140,140,159,159,260,260,273,273,96,195,195,195,195],"floor_reached":24,"playtime":619,"items_purged":["Strike_G","Strike_G"],"score":240,"play_id":"062003fe-bec5-44c5-9aca-d424ffc83c92","local_time":"20181102211642","is_ascension_mode":true,"campfire_choices":[{"data":"Trip","floor":6.0,"key":"SMITH"},{"floor":10.0,"key":"REST"},{"floor":13.0,"key":"REST"},{"data":"Predator","floor":15.0,"key":"SMITH"},{"floor":23.0,"key":"REST"}],"neow_cost":"NONE","seed_source_timestamp":0,"circlet_count":0,"master_deck":["Defend_G","Defend_G","Defend_G","Defend_G","Strike_G","Strike_G","Strike_G","Survivor","Neutralize","Trip+1","Cloak And Dagger","Well Laid Plans","Dagger Throw","Die Die Die","Footwork","Dagger Throw","Predator+1","A Thousand Cuts","Cloak And Dagger","Footwork"],"special_seed":0,"relics":["Ring of the Snake","StoneCalendar","Bottled Flame","Question Card","Ice Cream","Meat on the Bone"],"potions_floor_usage":[24],"damage_taken":[{"damage":1.0,"enemies":"Jaw Worm","floor":1.0,"turns":4.0},{"damage":0.0,"enemies":"2 Louse","floor":3.0,"turns":3.0},{"damage":37.0,"enemies":"Gremlin Nob","floor":7.0,"turns":5.0},{"damage":23.0,"enemies":"Lagavulin","floor":8.0,"turns":7.0},{"damage":0.0,"enemies":"Small Slimes","floor":11.0,"turns":2.0},{"damage":19.0,"enemies":"3 Sentries","floor":12.0,"turns":7.0},{"damage":1.0,"enemies":"2 Fungi Beasts","floor":14.0,"turns":2.0},{"damage":18.0,"enemies":"The Guardian","floor":16.0,"turns":8.0},{"damage":39.0,"enemies":"Spheric Guardian","floor":18.0,"turns":6.0},{"damage":31.0,"enemies":"Colosseum Slavers","floor":22.0,"turns":6.0},{"damage":55,"enemies":"Slavers","floor":24,"turns":3}],"seed_played":"5626360089872305689","potions_obtained":[{"floor":1.0,"key":"Fire Potion"},{"floor":8.0,"key":"SteroidPotion"},{"floor":11.0,"key":"Block Potion"},{"floor":14.0,"key":"SkillPotion"}],"is_trial":false,"path_per_floor":["M","?","M","?","$","R","?","E","T","R","M","E","R","M","R","B",null,"M","?","$","?","?","R","E"],"character_chosen":"THE_SILENT","items_purchased":["Footwork"],"campfire_rested":3,"item_purchase_floors":[20],"current_hp_per_floor":[69,66,66,66,66,66,29,6,6,27,27,8,29,40,40,34,70,43,43,43,43,24,45,0],"gold":195,"neow_bonus":"RANDOM_COLORLESS","is_prod":false,"is_daily":false,"chose_seed":false,"campfire_upgraded":2,"win_rate":0,"timestamp":1541193402,"path_taken":["M","?","M","?","?","R","?","E","T","R","M","E","R","M","R","BOSS","M","?","$","?","?","R","E"],"build_version":"2018-11-01","purchased_purges":2,"victory":false,"max_hp_per_floor":[70,70,70,70,70,70,70,70,70,70,70,70,70,70,70,70,70,70,70,70,70,70,70,70],"card_choices":[{"not_picked":["Bane","Prepared"],"picked":"Cloak And Dagger","floor":1.0},{"not_picked":["Deadly Poison","Quick Slash"],"picked":"Well Laid Plans","floor":3.0},{"not_picked":["Acrobatics","Prepared"],"picked":"Dagger Throw","floor":7.0},{"not_picked":["Choke","Outmaneuver"],"picked":"Die Die Die","floor":8.0},{"not_picked":["Deflect","Outmaneuver","Concentrate"],"picked":"Footwork","floor":11.0},{"not_picked":["Flying Knee","Dodge and Roll","Venomology"],"picked":"Dagger Throw","floor":12.0},{"not_picked":["Prepared","Bane","Cloak And Dagger"],"picked":"Predator","floor":14.0},{"not_picked":["Storm of Steel","Envenom","Corpse Explosion"],"picked":"A Thousand Cuts","floor":16.0},{"not_picked":["Noxious Fumes","Flying Knee+1","Dagger Spray"],"picked":"Cloak And Dagger","floor":18.0}],"player_experience":99247,"relics_obtained":[{"floor":7.0,"key":"Bottled Flame"},{"floor":8.0,"key":"Question Card"},{"floor":9.0,"key":"Ice Cream"},{"floor":12.0,"key":"Meat on the Bone"}],"event_choices":[{"damage_healed":0.0,"max_hp_gain":0.0,"max_hp_loss":0.0,"gold_gain":0.0,"event_name":"Scrap Ooze","player_choice":"Success","floor":2.0,"gold_loss":0.0,"damage_taken":3.0,"relics_obtained":["StoneCalendar"]},{"cards_removed":["Defend_G"],"damage_healed":0.0,"max_hp_gain":0.0,"max_hp_loss":0.0,"gold_gain":0.0,"event_name":"The Cleric","player_choice":"Card Removal","floor":4.0,"gold_loss":50.0,"damage_taken":0.0},{"damage_healed":0.0,"max_hp_gain":0.0,"max_hp_loss":0.0,"gold_gain":0.0,"event_name":"Dead Adventurer","player_choice":"Searched \u00272\u0027 times","floor":7.0,"gold_loss":0.0,"damage_taken":0.0},{"damage_healed":0.0,"max_hp_gain":0.0,"max_hp_loss":0.0,"gold_gain":0.0,"event_name":"Cursed Tome","player_choice":"Ignored","floor":19.0,"gold_loss":0.0,"damage_taken":0.0},{"damage_healed":0.0,"max_hp_gain":0.0,"max_hp_loss":0.0,"gold_gain":99.0,"event_name":"Nest","player_choice":"Stole From Cult","floor":21.0,"gold_loss":0.0,"damage_taken":0.0},{"damage_healed":0.0,"max_hp_gain":0.0,"max_hp_loss":0.0,"gold_gain":0.0,"event_name":"Colosseum","player_choice":"Fight","floor":22.0,"gold_loss":0.0,"damage_taken":0.0},{"damage_healed":0.0,"max_hp_gain":0.0,"max_hp_loss":0.0,"gold_gain":0.0,"event_name":"Colosseum","player_choice":"Fled From Nobs","floor":22.0,"gold_loss":0.0,"damage_taken":0.0}],"is_beta":false,"boss_relics":[{"not_picked":["Velvet Choker","Philosopher\u0027s Stone","Ectoplasm"]}],"items_purged_floors":[5,20],"is_endless":false,"potions_floor_spawned":[1,8,11,14],"killed_by":"Slavers","ascension_level":4}