{"gold_per_floor":[110,130,130,80,94,128,140,140,164,164,164,46,79,90,90,186,186,202,168,168,24,40,40,75,75,75,75,93,122,22,39,39,136,136,146,421,16,61,78,78,88,88,88,88,100,100,120,134,134,134],"floor_reached":50,"playtime":4049,"items_purged":["Decay","Regret","Regret"],"score":720,"play_id":"e5c1ae94-a94f-4471-b1ec-56897a40720c","local_time":"20180826175824","is_ascension_mode":true,"campfire_choices":[{"floor":8,"key":"REST"},{"data":"Flame Barrier","floor":15,"key":"SMITH"},{"floor":23,"key":"REST"},{"floor":25,"key":"REST"},{"data":"Rampage","floor":27,"key":"SMITH"},{"floor":32,"key":"REST"},{"data":"True Grit","floor":40,"key":"SMITH"},{"data":"Heavy Blade","floor":42,"key":"SMITH"},{"data":"Battle Trance","floor":44,"key":"SMITH"},{"floor":46,"key":"REST"},{"floor":49,"key":"REST"}],"neow_cost":"TEN_PERCENT_HP_LOSS","seed_source_timestamp":401243612247501,"circlet_count":0,"master_deck":["Strike_R+1","Strike_R","Strike_R","Strike_R","Defend_R","Defend_R","Defend_R","Defend_R","Bash","Fiend Fire+1","Burning Pact","Warcry","Iron Wave","Headbutt","Havoc","Havoc","Discovery","Wild Strike","Flame Barrier+1","Demon Form+1","Battle Trance+1","Rampage+1","Disarm","Shockwave+1","Demon Form+1","Pummel","Disarm","Sword Boomerang","Impervious","True Grit+1","Demon Form+1","Heavy Blade+1","Battle Trance+1","Heavy Blade","Blood for Blood+1"],"relics":["Burning Blood","Happy Flower","Oddly Smooth Stone","Whetstone","Frozen Egg 2","Cursed Key","Art of War","Letter Opener","Self Forming Clay","Snecko Eye","Frozen Eye","StoneCalendar"],"potions_floor_usage":[6,16,16,16,28,33,33,35,41,45,45,50],"damage_taken":[{"damage":5,"enemies":"2 Louse","floor":1,"turns":4},{"damage":8,"enemies":"Small Slimes","floor":2,"turns":3},{"damage":2,"enemies":"Jaw Worm","floor":5,"turns":3},{"damage":32,"enemies":"Lagavulin","floor":6,"turns":6},{"damage":9,"enemies":"2 Fungi Beasts","floor":7,"turns":4},{"damage":36,"enemies":"3 Sentries","floor":13,"turns":8},{"damage":10,"enemies":"Lots of Slimes","floor":14,"turns":6},{"damage":26,"enemies":"Hexaghost","floor":16,"turns":9},{"damage":31,"enemies":"Chosen","floor":18,"turns":5},{"damage":14,"enemies":"Shell Parasite","floor":22,"turns":3},{"damage":16,"enemies":"Book of Stabbing","floor":24,"turns":4},{"damage":18,"enemies":"Snake Plant","floor":28,"turns":4},{"damage":28,"enemies":"Gremlin Leader","floor":29,"turns":4},{"damage":3,"enemies":"Shelled Parasite and Fungi","floor":31,"turns":4},{"damage":26,"enemies":"Champ","floor":33,"turns":9},{"damage":30,"enemies":"Flame Bruiser 1 Orb","floor":35,"turns":6},{"damage":6,"enemies":"Mysterious Sphere","floor":38,"turns":4},{"damage":3,"enemies":"3 Shapes","floor":39,"turns":4},{"damage":0,"enemies":"Transient","floor":41,"turns":5},{"damage":34,"enemies":"Flame Bruiser 2 Orb","floor":45,"turns":5},{"damage":31,"enemies":"Spire Growth","floor":47,"turns":5},{"damage":0,"enemies":"Transient","floor":48,"turns":5},{"damage":46,"enemies":"Awakened One","floor":50,"turns":2}],"seed_played":"8184314357746934637","potions_obtained":[{"floor":1,"key":"PowerPotion"},{"floor":2,"key":"LiquidBronze"},{"floor":5,"key":"Explosive Potion"},{"floor":11,"key":"Swift Potion"},{"floor":11,"key":"AttackPotion"},{"floor":16,"key":"Ancient Potion"},{"floor":18,"key":"SpeedPotion"},{"floor":24,"key":"Swift Potion"},{"floor":29,"key":"SpeedPotion"},{"floor":35,"key":"LiquidBronze"},{"floor":38,"key":"Poison Potion"},{"floor":39,"key":"SpeedPotion"},{"floor":47,"key":"Dexterity Potion"}],"is_trial":false,"path_per_floor":["M","M","?","?","M","E","M","R","T","$","?","$","E","M","R","B",null,"M","$","?","$","M","R","E","R","T","R","M","E","$","M","R","B",null,"M","?","$","?","M","R","M","R","T","R","M","R","M","M","R"],"character_chosen":"IRONCLAD","items_purchased":["Havoc","Discovery","Rampage","Disarm","Demon Form+1","Frozen Eye"],"campfire_rested":6,"item_purchase_floors":[12,12,19,21,37,37],"current_hp_per_floor":[72,70,63,63,67,41,38,59,59,59,59,59,41,37,37,17,58,33,33,33,33,25,46,36,57,57,57,45,23,23,26,47,27,61,37,37,37,37,40,40,46,46,46,46,18,39,14,20,41,0],"gold":134,"neow_bonus":"THREE_RARE_CARDS","is_prod":false,"is_daily":false,"chose_seed":false,"campfire_upgraded":5,"win_rate":0,"timestamp":1535324304,"path_taken":["M","M","?","?","M","E","M","R","T","$","?","$","E","M","R","BOSS","M","$","?","$","M","R","E","R","T","R","M","E","$","M","R","BOSS","M","?","$","?","M","R","M","R","T","R","M","R","M","?","R","BOSS"],"build_version":"2018-08-23v2","purchased_purges":3,"victory":false,"max_hp_per_floor":[72,72,72,72,72,72,72,72,72,72,72,72,72,72,72,72,72,72,72,72,72,72,72,72,72,72,72,72,72,72,72,72,72,72,72,72,72,72,72,72,72,72,72,72,72,72,72,72,72,72],"card_choices":[{"not_picked":["Juggernaut","Dark Embrace"],"picked":"Fiend Fire","floor":0},{"not_picked":["Corruption","Rampage"],"picked":"Burning Pact","floor":1},{"not_picked":["Body Slam","Shrug It Off"],"picked":"Warcry","floor":2},{"not_picked":["Wild Strike","Spot Weakness"],"picked":"Iron Wave","floor":5},{"not_picked":["Sever Soul","Intimidate"],"picked":"Headbutt","floor":6},{"not_picked":["Dropkick","True Grit"],"picked":"Havoc","floor":7},{"not_picked":["Sever Soul","Uppercut"],"picked":"Wild Strike","floor":13},{"not_picked":["Bloodletting","Blood for Blood"],"picked":"Flame Barrier","floor":14},{"not_picked":["Offering","Bludgeon"],"picked":"Demon Form+1","floor":16},{"not_picked":["Cleave","Twin Strike+1"],"picked":"Battle Trance+1","floor":18},{"not_picked":["Armaments","Reckless Charge"],"picked":"Shockwave+1","floor":22},{"not_picked":["Dropkick","Sword Boomerang+1"],"picked":"Demon Form+1","floor":24},{"not_picked":["Flame Barrier+1","Wild Strike"],"picked":"Pummel","floor":28},{"not_picked":["Carnage","Flex"],"picked":"Disarm","floor":29},{"not_picked":["Blood for Blood","Rupture+1"],"picked":"Sword Boomerang","floor":31},{"not_picked":["Brutality+1","Offering"],"picked":"Impervious","floor":33},{"not_picked":["Thunderclap+1","Flame Barrier"],"picked":"True Grit","floor":35},{"not_picked":["Thunderclap","Body Slam"],"picked":"Heavy Blade","floor":38},{"not_picked":["Rampage+1","Cleave+1","Bloodletting"],"picked":"SKIP","floor":39},{"not_picked":["Wild Strike","Thunderclap+1"],"picked":"Battle Trance","floor":41},{"not_picked":["Headbutt","Reckless Charge+1"],"picked":"Heavy Blade","floor":45},{"not_picked":["Disarm","Berserk+1","Clash"],"picked":"SKIP","floor":47},{"not_picked":["Twin Strike+1","Body Slam"],"picked":"Blood for Blood+1","floor":48}],"player_experience":235484,"relics_obtained":[{"floor":6,"key":"Oddly Smooth Stone"},{"floor":9,"key":"Whetstone"},{"floor":13,"key":"Frozen Egg 2"},{"floor":24,"key":"Art of War"},{"floor":26,"key":"Letter Opener"},{"floor":29,"key":"Self Forming Clay"},{"floor":38,"key":"StoneCalendar"}],"event_choices":[{"event_name":"Scrap Ooze","player_choice":"success","floor":3,"damage_taken":7},{"event_name":"The Cleric","player_choice":"Card Removal","floor":4,"damage_taken":0},{"event_name":"The Lab","player_choice":"Got Potions","floor":11,"damage_taken":0},{"event_name":"Forgotten Altar","player_choice":"Smashed Altar","floor":20,"damage_taken":0},{"event_name":"Golden Shrine","player_choice":"Desecrate","floor":36,"damage_taken":0},{"event_name":"Mysterious Sphere","player_choice":"Fight","floor":38,"damage_taken":0}],"is_beta":false,"boss_relics":[{"not_picked":["Coffee Dripper","Eternal Feather"],"picked":"Cursed Key"},{"not_picked":["Runic Dome","Black Blood"],"picked":"Snecko Eye"}],"items_purged_floors":[21,30,37],"is_endless":false,"potions_floor_spawned":[1,2,5,16,18,24,29,35,38,39,47],"killed_by":"Awakened One","ascension_level":7}