{"gold_per_floor":[360,59,71,89,108,108,129,129,156,156,168,343,343,373,373,449,449,462,462],"floor_reached":19,"playtime":883,"items_purged":[],"score":276,"play_id":"b4bd2b2e-1cef-404f-b578-b29a1f3afe18","local_time":"20190201210518","is_ascension_mode":true,"campfire_choices":[{"data":"Zap","floor":6,"key":"SMITH"},{"data":"Dualcast","floor":8,"key":"SMITH"},{"floor":13,"key":"REST"},{"data":"Loop","floor":15,"key":"SMITH"}],"neow_cost":"TEN_PERCENT_HP_LOSS","seed_source_timestamp":0,"circlet_count":0,"master_deck":["AscendersBane","Strike_B","Strike_B","Strike_B","Defend_B","Defend_B","Defend_B","Defend_B","Zap+1","Dualcast+1","Loop+1","Ball Lightning","Reinforced Body","FTL","Cold Snap","Ball Lightning","Electrodynamics","Conserve Battery"],"special_seed":0,"relics":["Cracked Core","Ice Cream","Odd Mushroom","Omamori","Art of War","Inserter"],"potions_floor_usage":[5,7,7],"damage_taken":[{"damage":3,"enemies":"2 Louse","floor":1,"turns":2},{"damage":7,"enemies":"Small Slimes","floor":3,"turns":3},{"damage":0,"enemies":"Cultist","floor":4,"turns":2},{"damage":6,"enemies":"Looter","floor":5,"turns":2},{"damage":15,"enemies":"The Mushroom Lair","floor":7,"turns":3},{"damage":1,"enemies":"Gremlin Gang","floor":11,"turns":4},{"damage":10,"enemies":"Gremlin Nob","floor":14,"turns":3},{"damage":33,"enemies":"Hexaghost","floor":16,"turns":9},{"damage":34,"enemies":"3 Byrds","floor":18,"turns":4},{"damage":22,"enemies":"Colosseum Slavers","floor":19,"turns":1}],"seed_played":"-7920111919535981446","potions_obtained":[{"floor":1,"key":"Strength Potion"},{"floor":3,"key":"GamblersBrew"},{"floor":5,"key":"LiquidBronze"},{"floor":18,"key":"FocusPotion"}],"is_trial":false,"path_per_floor":["M","$","M","M","M","R","?","R","T","?","M","?","R","E","R","B",null,"M","?"],"character_chosen":"DEFECT","items_purchased":["Ice Cream"],"campfire_rested":1,"item_purchase_floors":[2],"current_hp_per_floor":[65,65,58,58,52,52,37,37,37,30,29,29,49,39,39,6,53,19,0],"gold":462,"neow_bonus":"TWO_FIFTY_GOLD","is_prod":false,"is_daily":false,"chose_seed":false,"campfire_upgraded":3,"win_rate":0,"timestamp":1549083918,"path_taken":["M","$","M","M","M","R","?","R","T","?","M","?","R","E","R","BOSS","M","?"],"build_version":"2019-01-23","purchased_purges":0,"victory":false,"max_hp_per_floor":[68,68,68,68,68,68,68,68,68,68,68,68,68,68,68,68,68,68,68],"card_choices":[{"not_picked":["Turbo","Ball Lightning"],"picked":"Loop","floor":1},{"not_picked":["Darkness","Undo"],"picked":"Ball Lightning","floor":3},{"not_picked":["Turbo","Lockon"],"picked":"Reinforced Body","floor":4},{"not_picked":["Compile Driver","Stack"],"picked":"FTL","floor":5},{"not_picked":["Streamline","Darkness"],"picked":"Cold Snap","floor":7},{"not_picked":["Melter","Darkness"],"picked":"Ball Lightning","floor":11},{"not_picked":["Steam Power","Doom and Gloom","Turbo"],"picked":"SKIP","floor":14},{"not_picked":["Meteor Strike","Fission"],"picked":"Electrodynamics","floor":16},{"not_picked":["Sunder","Coolheaded"],"picked":"Conserve Battery","floor":18}],"player_experience":582533,"relics_obtained":[{"floor":7,"key":"Odd Mushroom"},{"floor":9,"key":"Omamori"},{"floor":14,"key":"Art of War"}],"event_choices":[{"damage_healed":0,"gold_gain":0,"player_choice":"Fought Mushrooms","damage_taken":0,"max_hp_gain":0,"max_hp_loss":0,"event_name":"Mushrooms","floor":7,"gold_loss":0},{"cards_removed":["Strike_B"],"damage_healed":0,"gold_gain":0,"player_choice":"Card Removal","damage_taken":7,"max_hp_gain":0,"max_hp_loss":0,"event_name":"Golden Wing","floor":10,"gold_loss":0},{"damage_healed":0,"gold_gain":175,"player_choice":"AGREE","damage_taken":0,"max_hp_gain":0,"max_hp_loss":0,"event_name":"Liars Game","floor":12,"gold_loss":0,"cards_obtained":["Doubt"]},{"damage_healed":0,"gold_gain":0,"player_choice":"Fight","damage_taken":0,"max_hp_gain":0,"max_hp_loss":0,"event_name":"Colosseum","floor":19,"gold_loss":0}],"is_beta":false,"boss_relics":[{"not_picked":["Black Star","Fusion Hammer"],"picked":"Inserter"}],"items_purged_floors":[],"is_endless":false,"potions_floor_spawned":[1,3,4,5,18],"killed_by":"Colosseum Slavers","ascension_level":13}