{"gold_per_floor":[117,130,130,155,155,155,170,170,170,213,13,13,27,27,27,158,158,182,201,50,63,63,63,63,97,97,97,97,97,97,112,112,208,208,223,223,235,36,36,56,56,71,98,29,29],"floor_reached":45,"playtime":1072,"items_purged":["Strike_B","Defend_B"],"score":496,"play_id":"271ca8ec-e508-441a-b912-874b4f1cd538","local_time":"20180925193924","is_ascension_mode":true,"campfire_choices":[{"data":"Dualcast","floor":6,"key":"SMITH"},{"data":"Ball Lightning","floor":8,"key":"SMITH"},{"floor":15,"key":"REST"},{"data":"Fission","floor":23,"key":"SMITH"},{"floor":27,"key":"REST"},{"data":"Defragment","floor":30,"key":"SMITH"},{"data":"Stack","floor":32,"key":"SMITH"}],"neow_cost":"NONE","seed_source_timestamp":22143069691864,"circlet_count":0,"master_deck":["Defend_B","Defend_B","Zap+1","Ball Lightning+1","Leap","Cold Snap+1","Cold Snap","Fission+1","Defragment+1","Stack+1","All For One","Conserve Battery","Fission","Consume+1","Defragment","Finesse","Shame","Capacitor"],"relics":["Cracked Core","Bloody Idol","StoneCalendar","Calipers","ClockworkSouvenir","Whetstone","Cursed Key","Regal Pillow","Gremlin Horn","Empty Cage","Strawberry"],"potions_floor_usage":[7,25,25,25,35],"damage_taken":[{"damage":0,"enemies":"Cultist","floor":1,"turns":3},{"damage":7,"enemies":"Jaw Worm","floor":2,"turns":2},{"damage":11,"enemies":"Small Slimes","floor":4,"turns":3},{"damage":13,"enemies":"3 Louse","floor":7,"turns":3},{"damage":40,"enemies":"Gremlin Nob","floor":10,"turns":5},{"damage":4,"enemies":"Exordium Wildlife","floor":13,"turns":3},{"damage":7,"enemies":"The Guardian","floor":16,"turns":8},{"damage":9,"enemies":"3 Byrds","floor":18,"turns":6},{"damage":7,"enemies":"Shell Parasite","floor":19,"turns":5},{"damage":22,"enemies":"Snake Plant","floor":21,"turns":5},{"damage":30,"enemies":"Book of Stabbing","floor":25,"turns":4},{"damage":3,"enemies":"Cultist and Chosen","floor":31,"turns":5},{"damage":41,"enemies":"Automaton","floor":33,"turns":10},{"damage":2,"enemies":"3 Shapes","floor":35,"turns":6},{"damage":12,"enemies":"Orb Walker","floor":37,"turns":5},{"damage":4,"enemies":"Sphere and 2 Shapes","floor":40,"turns":6},{"damage":9,"enemies":"Reptomancer","floor":42,"turns":7},{"damage":83,"enemies":"Giant Head","floor":45,"turns":8}],"seed_played":"1514444428831217068","potions_obtained":[{"floor":2,"key":"Regen Potion"},{"floor":10,"key":"GamblersBrew"},{"floor":16,"key":"AttackPotion"},{"floor":19,"key":"Poison Potion"},{"floor":33,"key":"Block Potion"},{"floor":35,"key":"Weak Potion"}],"is_trial":false,"path_per_floor":["M","M","?","M","?","R","M","R","T","E","$","?","M","T","R","B",null,"M","M","$","M","?","R","?","E","T","R","?","$","R","M","R","B",null,"M","?","M","$","T","M","$","M","T","$"],"character_chosen":"DEFECT","items_purchased":["ClockworkSouvenir","Defragment","Finesse","Capacitor"],"campfire_rested":2,"item_purchase_floors":[11,20,38,44],"current_hp_per_floor":[75,68,68,57,57,57,53,53,53,13,13,13,9,9,29,22,69,60,53,53,31,31,31,31,6,6,41,41,41,41,43,43,7,69,69,69,62,62,62,63,63,59,71,71,0],"gold":29,"neow_bonus":"UPGRADE_CARD","is_prod":false,"is_daily":false,"chose_seed":false,"campfire_upgraded":5,"win_rate":0,"timestamp":1537900764,"path_taken":["M","?","?","M","?","R","?","R","T","E","$","?","M","?","R","BOSS","M","M","$","M","?","R","?","E","T","R","?","$","R","M","R","BOSS","M","?","?","$","?","M","$","M","T","?","E"],"build_version":"2018-09-20","purchased_purges":2,"victory":false,"max_hp_per_floor":[75,75,69,69,69,69,69,69,69,69,69,69,69,69,69,69,69,69,69,69,69,69,69,69,69,69,69,69,69,69,69,69,69,69,69,69,69,69,69,69,69,69,76,76,76],"card_choices":[{"not_picked":["Rebound","Streamline","Turbo"],"picked":"SKIP","floor":1},{"not_picked":["Streamline","Sweeping Beam"],"picked":"Ball Lightning","floor":2},{"not_picked":["Aggregate","Rebound"],"picked":"Leap","floor":4},{"not_picked":["Steam Power","Blizzard","Sweeping Beam"],"picked":"SKIP","floor":7},{"not_picked":["Chill","Meteor Strike"],"picked":"Cold Snap","floor":10},{"not_picked":["Steam","Loop"],"picked":"Cold Snap","floor":13},{"not_picked":["Rainbow","Core Surge"],"picked":"Fission","floor":16},{"not_picked":["BootSequence","Double Energy","Barrage"],"picked":"SKIP","floor":18},{"not_picked":["Barrage","Beam Cell","Leap"],"picked":"SKIP","floor":19},{"not_picked":["Leap","Stack+1","Streamline"],"picked":"SKIP","floor":21},{"not_picked":["Scrape","Rebound","Melter"],"picked":"SKIP","floor":25},{"not_picked":["Consume+1","Ball Lightning"],"picked":"Conserve Battery","floor":31},{"not_picked":["Creative AI","All For One"],"picked":"Fission","floor":33},{"not_picked":["Aggregate+1","Leap"],"picked":"Consume+1","floor":35},{"not_picked":["Go for the Eyes+1","Conserve Battery"],"picked":"Defragment","floor":37},{"not_picked":["Steam+1","Fission","Beam Cell+1"],"picked":"SKIP","floor":40},{"not_picked":["Compile Driver+1","Beam Cell","Barrage+1"],"picked":"SKIP","floor":42}],"player_experience":48459,"relics_obtained":[{"floor":9,"key":"StoneCalendar"},{"floor":10,"key":"Calipers"},{"floor":14,"key":"Whetstone"},{"floor":25,"key":"Gremlin Horn"},{"floor":43,"key":"Strawberry"}],"event_choices":[{"event_name":"Golden Idol","player_choice":"Lose Max HP","floor":3,"damage_taken":0},{"event_name":"Living Wall","player_choice":"Forget","floor":5,"damage_taken":0},{"event_name":"Dead Adventurer","player_choice":"Searched \u00270\u0027 times","floor":12,"damage_taken":0},{"event_name":"Forgotten Altar","player_choice":"Gave Idol","floor":22,"damage_taken":0},{"event_name":"The Mausoleum","player_choice":"Yes","floor":24,"damage_taken":0},{"event_name":"Drug Dealer","player_choice":"Became Test Subject","floor":28,"damage_taken":0},{"event_name":"Mysterious Sphere","player_choice":"Ignore","floor":36,"damage_taken":0}],"is_beta":false,"boss_relics":[{"not_picked":["White Beast Statue","Philosopher\u0027s Stone"],"picked":"Cursed Key"},{"not_picked":["Velvet Choker","Eternal Feather"],"picked":"Empty Cage"}],"items_purged_floors":[20,38],"is_endless":false,"potions_floor_spawned":[2,10,16,19,21,33,35],"killed_by":"Giant Head","ascension_level":3}