{"gold_per_floor":[118,27,27,38,54,54,54,83,83,8,33,33,49,65,65,65],"floor_reached":16,"playtime":357,"items_purged":["Strike_G"],"score":110,"play_id":"6891e779-3eca-4400-93cb-0f11150f03e8","local_time":"20190101215133","is_ascension_mode":false,"campfire_choices":[{"data":"Dagger Throw","floor":6.0,"key":"SMITH"},{"floor":15.0,"key":"REST"}],"neow_cost":"NONE","seed_source_timestamp":0,"circlet_count":0,"master_deck":["Defend_G","Defend_G","Defend_G","Defend_G","Defend_G","Strike_G","Strike_G","Strike_G","Strike_G","Survivor","Neutralize","Unload+1","Leg Sweep","Bandage Up","Tactician","Dagger Throw+1","Dagger Throw","Crippling Poison","Leg Sweep","Prepared"],"special_seed":0,"relics":["Ring of the Snake","Blue Candle","Sundial","Snake Skull"],"potions_floor_usage":[],"damage_taken":[{"damage":0.0,"enemies":"Small Slimes","floor":1.0,"turns":3.0},{"damage":0.0,"enemies":"Cultist","floor":4.0,"turns":3.0},{"damage":2.0,"enemies":"2 Louse","floor":5.0,"turns":4.0},{"damage":22.0,"enemies":"Lagavulin","floor":8.0,"turns":6.0},{"damage":45.0,"enemies":"3 Sentries","floor":11.0,"turns":11.0},{"damage":3.0,"enemies":"Large Slime","floor":13.0,"turns":4.0},{"damage":5.0,"enemies":"Exordium Wildlife","floor":14.0,"turns":7.0},{"damage":0,"enemies":"Hexaghost","floor":16,"turns":1}],"seed_played":"-5462911830168614743","potions_obtained":[{"floor":1.0,"key":"Poison Potion"},{"floor":5.0,"key":"SteroidPotion"},{"floor":11.0,"key":"Block Potion"},{"floor":14.0,"key":"Fire Potion"}],"is_trial":false,"path_per_floor":["M","$","?","M","M","R","?","E","T","$","E","?","M","M","R","B"],"character_chosen":"THE_SILENT","items_purchased":["Bandage Up"],"campfire_rested":1,"item_purchase_floors":[2],"current_hp_per_floor":[70,70,70,70,68,68,68,50,50,50,9,14,15,14,36,36],"gold":65,"neow_bonus":"ONE_RANDOM_RARE_CARD","is_prod":false,"is_daily":false,"chose_seed":false,"campfire_upgraded":1,"win_rate":0,"timestamp":1546379493,"path_taken":["M","$","?","M","?","R","?","E","T","$","E","?","M","M","R","BOSS"],"build_version":"2018-12-20","purchased_purges":1,"victory":false,"max_hp_per_floor":[70,70,70,70,70,70,70,70,70,70,70,75,75,75,75,75],"card_choices":[{"not_picked":["Prepared","Deflect"],"picked":"Leg Sweep","floor":1.0},{"not_picked":["Caltrops","Finisher"],"picked":"Tactician","floor":4.0},{"not_picked":["Cloak And Dagger","Blade Dance"],"picked":"Dagger Throw","floor":5.0},{"not_picked":["Venomology","Distraction"],"picked":"Dagger Throw","floor":8.0},{"not_picked":["Dagger Spray","Outmaneuver"],"picked":"Crippling Poison","floor":11.0},{"not_picked":["Expertise","PiercingWail"],"picked":"Leg Sweep","floor":13.0},{"not_picked":["Tactician","Bullet Time"],"picked":"Prepared","floor":14.0}],"player_experience":335649,"relics_obtained":[{"floor":8.0,"key":"Blue Candle"},{"floor":9.0,"key":"Sundial"},{"floor":11.0,"key":"Snake Skull"}],"event_choices":[{"damage_healed":0.0,"max_hp_gain":0.0,"max_hp_loss":0.0,"gold_gain":0.0,"event_name":"Accursed Blacksmith","player_choice":"Forge","floor":3.0,"gold_loss":0.0,"damage_taken":0.0,"cards_upgraded":["Unload"]},{"damage_healed":0.0,"max_hp_gain":0.0,"max_hp_loss":0.0,"gold_gain":0.0,"event_name":"Liars Game","player_choice":"Ignored","floor":7.0,"gold_loss":0.0,"damage_taken":0.0},{"damage_healed":0.0,"max_hp_gain":5.0,"max_hp_loss":0.0,"gold_gain":0.0,"event_name":"Big Fish","player_choice":"Donut","floor":12.0,"gold_loss":0.0,"damage_taken":0.0}],"is_beta":false,"boss_relics":[],"items_purged_floors":[10],"is_endless":false,"potions_floor_spawned":[1,5,11,14],"killed_by":"Hexaghost","ascension_level":0}