{"gold_per_floor":[114,39,39,39,53,53,70,70,120,132,147,163,163,173,173,252,252,268,268,283,298,106,106],"floor_reached":23,"playtime":545,"items_purged":["Strike_G"],"score":324,"play_id":"e23ef615-3335-43f5-ba14-c5918bd9b2aa","local_time":"20190102003853","is_ascension_mode":true,"campfire_choices":[{"data":"Neutralize","floor":6,"key":"SMITH"},{"data":"Bouncing Flask","floor":8,"key":"SMITH"},{"data":"Blur","floor":13,"key":"SMITH"},{"data":"Catalyst","floor":15,"key":"SMITH"}],"neow_cost":"TEN_PERCENT_HP_LOSS","seed_source_timestamp":28002462319746,"circlet_count":0,"master_deck":["AscendersBane","Defend_G","Defend_G","Defend_G","Defend_G","Strike_G","Strike_G+1","Strike_G+1","Survivor","Neutralize+1","Venomology","Catalyst+1","Dagger Throw","Bouncing Flask+1","Deadly Poison","Poisoned Stab","Blur+1","Doppelganger","PiercingWail","PiercingWail","Noxious Fumes","PiercingWail"],"relics":["Ring of the Snake","GremlinMask","Whetstone","Sozu"],"potions_floor_usage":[5,5,11,11,12,12,16],"damage_taken":[{"damage":1,"enemies":"2 Louse","floor":1,"turns":5},{"damage":6,"enemies":"Cultist","floor":5,"turns":6},{"damage":0,"enemies":"Jaw Worm","floor":7,"turns":6},{"damage":0,"enemies":"Blue Slaver","floor":10,"turns":3},{"damage":22,"enemies":"Exordium Thugs","floor":11,"turns":4},{"damage":0,"enemies":"3 Louse","floor":12,"turns":2},{"damage":6,"enemies":"2 Fungi Beasts","floor":14,"turns":4},{"damage":2,"enemies":"Hexaghost","floor":16,"turns":7},{"damage":1,"enemies":"Spheric Guardian","floor":18,"turns":3},{"damage":0,"enemies":"Shell Parasite","floor":20,"turns":3},{"damage":21,"enemies":"Snecko","floor":21,"turns":4},{"damage":16,"enemies":"Book of Stabbing","floor":23,"turns":4}],"seed_played":"4272504999126794362","potions_obtained":[{"floor":5,"key":"LiquidBronze"},{"floor":11,"key":"EssenceOfSteel"},{"floor":16,"key":"Strength Potion"}],"is_trial":false,"path_per_floor":["M","?","?","?","M","R","M","R","T","M","M","M","R","M","R","B",null,"M","?","M","M","$","E"],"character_chosen":"THE_SILENT","items_purchased":["Noxious Fumes","PiercingWail"],"campfire_rested":0,"item_purchase_floors":[22,22],"current_hp_per_floor":[58,58,51,51,45,45,45,45,45,45,23,23,23,17,17,15,49,48,32,32,11,11,0],"gold":106,"neow_bonus":"THREE_RARE_CARDS","is_prod":false,"is_daily":false,"chose_seed":false,"campfire_upgraded":4,"win_rate":0,"timestamp":1546389533,"path_taken":["M","?","?","?","M","R","?","R","T","M","M","M","R","M","R","BOSS","M","?","M","M","$","E"],"build_version":"2018-12-20","purchased_purges":1,"victory":false,"max_hp_per_floor":[60,60,60,60,60,60,60,60,60,60,60,60,60,60,60,60,60,60,65,65,65,65,65],"card_choices":[{"not_picked":["Night Terror","Wraith Form v2"],"picked":"Venomology","floor":0},{"not_picked":["Backflip","Slice"],"picked":"Catalyst","floor":1},{"not_picked":["Masterful Stab","Flying Knee"],"picked":"Dagger Throw","floor":5},{"not_picked":["Quick Slash","Blade Dance"],"picked":"Bouncing Flask","floor":7},{"not_picked":["Underhanded Strike","Unload"],"picked":"Deadly Poison","floor":10},{"not_picked":["Blade Dance","Dagger Spray"],"picked":"Poisoned Stab","floor":11},{"not_picked":["Blade Dance","Expertise"],"picked":"Blur","floor":12},{"not_picked":["Flying Knee","Sucker Punch","Predator"],"picked":"SKIP","floor":14},{"not_picked":["Grand Finale","Tools of the Trade"],"picked":"Doppelganger","floor":16},{"not_picked":["Dodge and Roll","Prepared"],"picked":"PiercingWail","floor":18},{"not_picked":["Backflip","Deadly Poison"],"picked":"PiercingWail","floor":20},{"not_picked":["Slice+1","Cloak And Dagger","Flying Knee"],"picked":"SKIP","floor":21}],"player_experience":339165,"relics_obtained":[{"floor":9,"key":"Whetstone"}],"event_choices":[{"cards_removed":["Strike_G"],"damage_healed":0,"gold_gain":0,"player_choice":"Card Removal","damage_taken":0,"max_hp_gain":0,"max_hp_loss":0,"event_name":"The Cleric","floor":2,"gold_loss":75},{"cards_removed":["Defend_G"],"damage_healed":0,"gold_gain":0,"player_choice":"Card Removal","damage_taken":7,"max_hp_gain":0,"max_hp_loss":0,"event_name":"Golden Wing","floor":3,"gold_loss":0},{"damage_healed":0,"gold_gain":0,"player_choice":"Trade","damage_taken":0,"relics_obtained":["GremlinMask"],"max_hp_gain":0,"max_hp_loss":0,"event_name":"FaceTrader","floor":4,"gold_loss":0},{"damage_healed":0,"gold_gain":0,"player_choice":"Shed Blood","damage_taken":21,"max_hp_gain":5,"max_hp_loss":0,"event_name":"Forgotten Altar","floor":19,"gold_loss":0}],"is_beta":false,"boss_relics":[{"not_picked":["Ring of the Serpent","Lizard Tail"],"picked":"Sozu"}],"items_purged_floors":[22],"is_endless":false,"potions_floor_spawned":[5,11,16,18,21],"killed_by":"Book of Stabbing","ascension_level":15}