{"gold_per_floor":[20,20,36,36,47,79,79,90,138,64,81,81,114,130,130,235,235,246,260,271,246,256,256,256],"floor_reached":24,"playtime":1563,"items_purged":["Strike_B"],"score":273,"play_id":"2ea98a03-b7a5-410e-9941-b4570c06e13b","local_time":"20190120182532","is_ascension_mode":true,"campfire_choices":[{"floor":7,"key":"REST"},{"data":"Streamline","floor":12,"key":"SMITH"},{"data":"Echo Form","floor":15,"key":"SMITH"},{"floor":23,"key":"REST"}],"neow_cost":"NO_GOLD","seed_source_timestamp":64785667465199,"circlet_count":0,"master_deck":["Zap","Dualcast","Heatsinks","Tempest+1","Streamline+1","Loop","Conserve Battery","Echo Form+1","Leap","Capacitor","Multi-Cast","Compile Driver","Machine Learning","Leap","Auto Shields","Creative AI","Defragment","Coolheaded","Gash","Coolheaded","Coolheaded","Go for the Eyes+1"],"relics":["Cracked Core","Bottled Lightning","Smiling Mask","Anchor","Pandora\u0027s Box"],"potions_floor_usage":[6,13,13,19],"damage_taken":[{"damage":5,"enemies":"Small Slimes","floor":1,"turns":4},{"damage":2,"enemies":"Jaw Worm","floor":3,"turns":3},{"damage":0,"enemies":"Cultist","floor":5,"turns":3},{"damage":25,"enemies":"Lagavulin","floor":6,"turns":5},{"damage":6,"enemies":"Looter","floor":8,"turns":2},{"damage":7,"enemies":"Large Slime","floor":11,"turns":4},{"damage":21,"enemies":"Gremlin Nob","floor":13,"turns":4},{"damage":9,"enemies":"Gremlin Gang","floor":14,"turns":4},{"damage":18,"enemies":"Hexaghost","floor":16,"turns":9},{"damage":0,"enemies":"Chosen","floor":18,"turns":5},{"damage":2,"enemies":"3 Byrds","floor":19,"turns":4},{"damage":33,"enemies":"Centurion and Healer","floor":20,"turns":11},{"damage":32,"enemies":"Sentry and Sphere","floor":22,"turns":7},{"damage":34,"enemies":"3 Cultists","floor":24,"turns":4}],"seed_played":"-3428351592803348875","potions_obtained":[{"floor":1,"key":"Swift Potion"},{"floor":3,"key":"Explosive Potion"},{"floor":11,"key":"GamblersBrew"},{"floor":13,"key":"SteroidPotion"},{"floor":16,"key":"Explosive Potion"},{"floor":22,"key":"FearPotion"}],"is_trial":false,"path_per_floor":["M","?","M","?","M","E","R","M","T","$","M","R","E","M","R","B",null,"M","M","M","$","M","R","M"],"character_chosen":"DEFECT","items_purchased":["Conserve Battery","Coolheaded"],"campfire_rested":2,"item_purchase_floors":[10,21],"current_hp_per_floor":[77,70,68,68,68,43,69,63,63,63,56,56,35,26,26,8,69,69,67,34,34,2,28,0],"gold":256,"neow_bonus":"TWENTY_PERCENT_HP_BONUS","is_prod":false,"is_daily":false,"chose_seed":false,"campfire_upgraded":2,"win_rate":0,"timestamp":1548030332,"path_taken":["M","?","M","?","M","E","R","M","T","?","M","R","E","M","R","BOSS","M","M","M","$","M","R","M"],"build_version":"2019-01-17v2","purchased_purges":1,"victory":false,"max_hp_per_floor":[89,89,89,89,89,89,89,89,89,89,89,89,89,89,89,89,89,89,89,89,89,89,89,89],"card_choices":[{"not_picked":["Force Field","Lockon"],"picked":"Heatsinks","floor":1},{"not_picked":["Barrage","Consume"],"picked":"Tempest","floor":3},{"not_picked":["Streamline","Static Discharge","Turbo"],"picked":"SKIP","floor":5},{"not_picked":["Static Discharge","Turbo"],"picked":"Streamline","floor":5},{"not_picked":["Rebound","Stack"],"picked":"Loop","floor":6},{"not_picked":["Aggregate","Go for the Eyes","Ball Lightning"],"picked":"SKIP","floor":8},{"not_picked":["Barrage","Force Field"],"picked":"Echo Form","floor":11},{"not_picked":["Turbo","Cold Snap"],"picked":"Leap","floor":13},{"not_picked":["Self Repair","Steam"],"picked":"Capacitor","floor":14},{"not_picked":["Electrodynamics","Thunder Strike"],"picked":"Multi-Cast","floor":16},{"not_picked":["Barrage","Chill"],"picked":"Coolheaded","floor":18},{"not_picked":["White Noise+1","Blizzard"],"picked":"Gash","floor":19},{"not_picked":["Steam","Barrage"],"picked":"Coolheaded","floor":20},{"not_picked":["Leap","Stack"],"picked":"Go for the Eyes+1","floor":22}],"player_experience":498381,"relics_obtained":[{"floor":6,"key":"Bottled Lightning"},{"floor":9,"key":"Smiling Mask"},{"floor":13,"key":"Anchor"}],"event_choices":[{"cards_removed":["Strike_B"],"damage_healed":0,"gold_gain":0,"player_choice":"Card Removal","damage_taken":7,"max_hp_gain":0,"max_hp_loss":0,"event_name":"Golden Wing","floor":2,"gold_loss":0},{"damage_healed":0,"gold_gain":0,"player_choice":"Grow","damage_taken":0,"max_hp_gain":0,"max_hp_loss":0,"event_name":"Living Wall","floor":4,"gold_loss":0,"cards_upgraded":["Tempest"]}],"is_beta":false,"boss_relics":[{"not_picked":["Lizard Tail","Philosopher\u0027s Stone"],"picked":"Pandora\u0027s Box"}],"items_purged_floors":[10],"is_endless":false,"potions_floor_spawned":[1,3,11,13,16,22],"killed_by":"3 Cultists","ascension_level":6}