{"gold_per_floor":[111,129,143,52,52,52,92,106,106,106,106,122,136,157,157,157],"floor_reached":16,"playtime":1450,"items_purged":[],"score":135,"play_id":"6547112c-5b08-4c08-916b-df51c67baed5","local_time":"20190109135605","is_ascension_mode":true,"campfire_choices":[{"data":"Armaments","floor":6,"key":"SMITH"},{"floor":10,"key":"DIG"},{"data":"Double Tap","floor":15,"key":"SMITH"}],"neow_cost":"PERCENT_DAMAGE","seed_source_timestamp":3794909938663298,"circlet_count":0,"master_deck":["Strike_R","Strike_R","Strike_R","Strike_R","Defend_R","Defend_R","Defend_R","Defend_R","Bash","Armaments+1","Battle Trance","Flash of Steel","Double Tap+1","Shrug It Off"],"relics":["Burning Blood","Shovel","Golden Idol","Ginger","Bird Faced Urn","Shuriken"],"potions_floor_usage":[7,13,16],"damage_taken":[{"damage":0,"enemies":"Small Slimes","floor":1,"turns":3},{"damage":0,"enemies":"2 Louse","floor":2,"turns":4},{"damage":1,"enemies":"Cultist","floor":3,"turns":4},{"damage":31,"enemies":"Gremlin Nob","floor":7,"turns":5},{"damage":0,"enemies":"3 Louse","floor":8,"turns":4},{"damage":1,"enemies":"Looter","floor":12,"turns":3},{"damage":8,"enemies":"Large Slime","floor":13,"turns":4},{"damage":2,"enemies":"Exordium Wildlife","floor":14,"turns":4},{"damage":44,"enemies":"Slime Boss","floor":16,"turns":6}],"seed_played":"5811191886133599206","potions_obtained":[{"floor":2,"key":"Block Potion"},{"floor":7,"key":"Fire Potion"},{"floor":13,"key":"Block Potion"}],"is_trial":false,"path_per_floor":["M","M","M","$","?","R","E","M","T","R","?","M","M","M","R","B"],"character_chosen":"IRONCLAD","items_purchased":["Flash of Steel"],"campfire_rested":0,"item_purchase_floors":[4],"current_hp_per_floor":[57,63,68,68,48,48,23,29,29,29,29,34,32,36,36,0],"gold":157,"neow_bonus":"ONE_RARE_RELIC","is_prod":false,"is_daily":false,"chose_seed":false,"campfire_upgraded":2,"win_rate":0,"timestamp":1547070965,"path_taken":["M","M","M","$","?","R","E","M","T","R","?","M","?","M","R","BOSS"],"build_version":"2019-01-03v4","purchased_purges":0,"victory":false,"max_hp_per_floor":[80,80,80,80,80,80,80,80,80,80,80,80,80,80,80,80],"card_choices":[{"not_picked":["Cleave","Dropkick"],"picked":"Armaments","floor":1},{"not_picked":["Perfected Strike","Twin Strike","Cleave"],"picked":"SKIP","floor":2},{"not_picked":["Heavy Blade","Wild Strike"],"picked":"Battle Trance","floor":3},{"not_picked":["Burning Pact","Perfected Strike","Rupture"],"picked":"SKIP","floor":7},{"not_picked":["Clash","Warcry","Sword Boomerang"],"picked":"SKIP","floor":8},{"not_picked":["Anger","Flex"],"picked":"Double Tap","floor":12},{"not_picked":["Anger","Sword Boomerang"],"picked":"Shrug It Off","floor":13},{"not_picked":["Perfected Strike","Corruption","Warcry"],"picked":"SKIP","floor":14}],"player_experience":250211,"relics_obtained":[{"floor":7,"key":"Ginger"},{"floor":9,"key":"Bird Faced Urn"},{"floor":10,"key":"Shuriken"}],"event_choices":[{"damage_healed":0,"gold_gain":0,"player_choice":"Take Damage","damage_taken":20,"relics_obtained":["Golden Idol"],"max_hp_gain":0,"max_hp_loss":0,"event_name":"Golden Idol","floor":5,"gold_loss":0},{"cards_removed":["Strike_R"],"damage_healed":0,"gold_gain":0,"player_choice":"Offered Basic","damage_taken":0,"max_hp_gain":0,"max_hp_loss":0,"event_name":"Bonfire Elementals","floor":11,"gold_loss":0}],"is_beta":false,"boss_relics":[],"items_purged_floors":[],"is_endless":false,"potions_floor_spawned":[2,7,13],"killed_by":"Slime Boss","ascension_level":6}