{"gold_per_floor":[115,65,65,65,16,16,51,51,51,83,97,113,123,141,141,243,243,253,328,347,361,372,407,407,434,434,434,434,434,463,463,463,463],"floor_reached":33,"playtime":1206,"items_purged":[],"score":645,"play_id":"9b1bdd1b-03eb-4c0b-8d15-35d3e46f2958","local_time":"20190204123421","is_ascension_mode":true,"campfire_choices":[{"data":"Armaments","floor":6,"key":"SMITH"},{"data":"Bash","floor":15,"key":"SMITH"},{"floor":29,"key":"REST"},{"floor":32,"key":"REST"}],"neow_cost":"NONE","seed_source_timestamp":43945141178739,"circlet_count":0,"master_deck":["AscendersBane","Strike_R","Strike_R","Strike_R","Defend_R","Defend_R","Defend_R","Bash+1","Pommel Strike","Armaments+1","Whirlwind","Shrug It Off","Heavy Blade","Anger","Feed","True Grit","Wild Strike+1","Iron Wave+1","Flame Barrier+1","Writhe","Battle Trance","Pain","Shockwave+1","Decay","Headbutt+1"],"relics":["Burning Blood","NeowsBlessing","Dream Catcher","Gremlin Horn","Frozen Egg 2","Bag of Marbles","Cursed Key","Art of War","WingedGreaves","Pantograph","Darkstone Periapt","Singing Bowl"],"potions_floor_usage":[16,21,21,21,22,23,25],"damage_taken":[{"damage":0,"enemies":"Small Slimes","floor":1,"turns":1},{"damage":0,"enemies":"3 Sentries","floor":7,"turns":1},{"damage":0,"enemies":"Lagavulin","floor":10,"turns":1},{"damage":0,"enemies":"2 Louse","floor":11,"turns":3},{"damage":2,"enemies":"Jaw Worm","floor":12,"turns":3},{"damage":5,"enemies":"Blue Slaver","floor":13,"turns":4},{"damage":0,"enemies":"3 Louse","floor":14,"turns":3},{"damage":0,"enemies":"Slime Boss","floor":16,"turns":5},{"damage":0,"enemies":"Chosen","floor":18,"turns":3},{"damage":0,"enemies":"3 Byrds","floor":20,"turns":3},{"damage":1,"enemies":"3 Cultists","floor":21,"turns":5},{"damage":7,"enemies":"Centurion and Healer","floor":22,"turns":5},{"damage":38,"enemies":"Book of Stabbing","floor":23,"turns":6},{"damage":20,"enemies":"Slavers","floor":25,"turns":7},{"damage":44,"enemies":"Gremlin Leader","floor":30,"turns":7},{"damage":91,"enemies":"Collector","floor":33,"turns":9}],"seed_played":"-7482784522185877907","potions_obtained":[{"floor":1,"key":"Weak Potion"},{"floor":10,"key":"Strength Potion"},{"floor":12,"key":"Swift Potion"},{"floor":16,"key":"GamblersBrew"},{"floor":18,"key":"EntropicBrew"},{"floor":20,"key":"EssenceOfSteel"}],"is_trial":false,"path_per_floor":["M","?","?","?","$","R","E","?","T","E","M","M","M","M","R","B",null,"M","?","M","M","M","E","T","E","T","?","?","R","E","T","R","B"],"character_chosen":"IRONCLAD","items_purchased":["Armaments"],"campfire_rested":2,"item_purchase_floors":[5],"current_hp_per_floor":[78,78,71,71,71,71,77,59,59,65,71,75,76,80,80,80,80,80,72,82,84,86,54,54,40,40,40,23,50,16,22,52,0],"gold":463,"neow_bonus":"THREE_ENEMY_KILL","is_prod":false,"is_daily":false,"chose_seed":false,"campfire_upgraded":2,"win_rate":0,"timestamp":1549301661,"path_taken":["M","?","?","?","?","R","E","?","T","E","M","M","M","M","R","BOSS","M","?","M","?","M","E","?","E","T","?","?","R","E","?","R","BOSS"],"build_version":"2019-01-23","purchased_purges":0,"victory":false,"max_hp_per_floor":[80,80,80,80,80,80,80,80,80,80,80,80,80,80,80,80,80,80,80,84,84,87,87,87,87,87,87,92,92,96,102,102,102],"card_choices":[{"not_picked":["Ghostly Armor","Bloodletting"],"picked":"Pommel Strike","floor":1},{"not_picked":["Bloodletting","Fire Breathing","Havoc"],"picked":"SKIP","floor":7},{"not_picked":["Heavy Blade","Wild Strike"],"picked":"Whirlwind","floor":10},{"not_picked":["Havoc","Searing Blow"],"picked":"Shrug It Off","floor":11},{"not_picked":["Armaments","Sever Soul","Searing Blow"],"picked":"SKIP","floor":12},{"not_picked":["Wild Strike","Shrug It Off"],"picked":"Heavy Blade","floor":13},{"not_picked":["Dark Embrace+1","Shrug It Off"],"picked":"Anger","floor":14},{"not_picked":["Dark Embrace+1","Offering"],"picked":"Feed","floor":16},{"not_picked":["Entrench","Seeing Red","Blood for Blood"],"picked":"SKIP","floor":18},{"not_picked":["Anger","Warcry"],"picked":"True Grit","floor":20},{"not_picked":["Perfected Strike","Iron Wave"],"picked":"Wild Strike+1","floor":21},{"not_picked":["Searing Blow","Body Slam"],"picked":"Iron Wave+1","floor":22},{"not_picked":["Clothesline+1","Metallicize+1"],"picked":"Flame Barrier+1","floor":23},{"not_picked":["Barricade+1","Body Slam"],"picked":"Battle Trance","floor":25},{"not_picked":["Clothesline","Bloodletting"],"picked":"Shockwave+1","floor":30},{"not_picked":["Rage+1","Wild Strike"],"picked":"Headbutt+1","floor":32}],"player_experience":450086,"relics_obtained":[{"floor":7,"key":"Dream Catcher"},{"floor":9,"key":"Frozen Egg 2"},{"floor":10,"key":"Bag of Marbles"},{"floor":23,"key":"Art of War"},{"floor":25,"key":"WingedGreaves"},{"floor":26,"key":"Pantograph"},{"floor":30,"key":"Darkstone Periapt"},{"floor":31,"key":"Singing Bowl"}],"event_choices":[{"cards_removed":["Strike_R"],"damage_healed":0,"gold_gain":0,"player_choice":"Card Removal","damage_taken":0,"max_hp_gain":0,"max_hp_loss":0,"event_name":"The Cleric","floor":2,"gold_loss":50},{"cards_removed":["Strike_R"],"damage_healed":0,"gold_gain":0,"player_choice":"Card Removal","damage_taken":7,"max_hp_gain":0,"max_hp_loss":0,"event_name":"Golden Wing","floor":3,"gold_loss":0},{"cards_removed":["Defend_R"],"damage_healed":0,"gold_gain":0,"player_choice":"Forget","damage_taken":0,"max_hp_gain":0,"max_hp_loss":0,"event_name":"Living Wall","floor":4,"gold_loss":0},{"damage_healed":0,"gold_gain":0,"player_choice":"Success","damage_taken":18,"relics_obtained":["Gremlin Horn"],"max_hp_gain":0,"max_hp_loss":0,"event_name":"Scrap Ooze","floor":8,"gold_loss":0},{"damage_healed":0,"gold_gain":75,"player_choice":"Touch","damage_taken":8,"max_hp_gain":0,"max_hp_loss":0,"event_name":"FaceTrader","floor":19,"gold_loss":0},{"damage_healed":0,"gold_gain":0,"player_choice":"Ignored","damage_taken":0,"max_hp_gain":0,"max_hp_loss":0,"event_name":"Ghosts","floor":27,"gold_loss":0},{"damage_healed":0,"gold_gain":0,"player_choice":"Shed Blood","damage_taken":22,"max_hp_gain":5,"max_hp_loss":0,"event_name":"Forgotten Altar","floor":28,"gold_loss":0}],"is_beta":false,"boss_relics":[{"not_picked":["Mark of Pain","Ectoplasm"],"picked":"Cursed Key"}],"items_purged_floors":[],"is_endless":false,"potions_floor_spawned":[1,10,12,16,18,20],"killed_by":"Collector","ascension_level":10}