{"gold_per_floor":[115,115,38,52,67,98,9,26,104,104],"floor_reached":10,"playtime":549,"items_purged":[],"score":71,"play_id":"6e6d04ca-5a0c-4a48-96e7-79a0cad7e19f","local_time":"20190203105129","is_ascension_mode":true,"campfire_choices":[],"neow_cost":"NONE","seed_source_timestamp":117190484984041,"circlet_count":0,"master_deck":["Defend_G","Defend_G","Defend_G","Defend_G","Defend_G","Strike_G","Strike_G","Strike_G","Strike_G","Survivor","Neutralize","Acrobatics","Reflex","Noxious Fumes","Calculated Gamble","Concentrate","Footwork","Backflip","Crippling Poison"],"relics":["Ring of the Snake","Du-Vu Doll","Ornamental Fan"],"potions_floor_usage":[],"damage_taken":[{"damage":0,"enemies":"Cultist","floor":1,"turns":4},{"damage":0,"enemies":"2 Louse","floor":4,"turns":4},{"damage":0,"enemies":"Small Slimes","floor":5,"turns":4},{"damage":49,"enemies":"Lagavulin","floor":6,"turns":10},{"damage":9,"enemies":"Blue Slaver","floor":8,"turns":6},{"damage":22,"enemies":"Gremlin Nob","floor":10,"turns":4}],"seed_played":"1091829043293117939","potions_obtained":[{"floor":5,"key":"Strength Potion"},{"floor":8,"key":"SteroidPotion"}],"is_trial":false,"path_per_floor":["M","?","$","M","M","E","$","M","T","E"],"character_chosen":"THE_SILENT","items_purchased":["Noxious Fumes","Footwork","Backflip"],"campfire_rested":0,"item_purchase_floors":[3,7,7],"current_hp_per_floor":[77,77,77,77,77,28,28,19,19,0],"gold":104,"neow_bonus":"TEN_PERCENT_HP_BONUS","is_prod":false,"is_daily":false,"chose_seed":false,"campfire_upgraded":0,"win_rate":0,"timestamp":1549219889,"path_taken":["M","?","$","M","M","E","$","M","T","E"],"build_version":"2019-01-23","purchased_purges":0,"victory":false,"max_hp_per_floor":[77,77,77,77,77,77,77,77,77,77],"card_choices":[{"not_picked":["Underhanded Strike","Dagger Throw"],"picked":"Acrobatics","floor":1},{"not_picked":["Poisoned Stab","Bane","Sucker Punch"],"picked":"SKIP","floor":4},{"not_picked":["Setup","Underhanded Strike"],"picked":"Calculated Gamble","floor":5},{"not_picked":["Endless Agony","Poisoned Stab"],"picked":"Concentrate","floor":6},{"not_picked":["Calculated Gamble","Slice"],"picked":"Crippling Poison","floor":8}],"player_experience":253101,"relics_obtained":[{"floor":6,"key":"Du-Vu Doll"},{"floor":9,"key":"Ornamental Fan"}],"event_choices":[{"damage_healed":0,"gold_gain":0,"cards_transformed":["Strike_G"],"player_choice":"Change","damage_taken":0,"max_hp_gain":0,"max_hp_loss":0,"event_name":"Living Wall","floor":2,"gold_loss":0,"cards_obtained":["Reflex"]}],"is_beta":false,"boss_relics":[],"items_purged_floors":[],"is_endless":false,"potions_floor_spawned":[5,8],"killed_by":"Gremlin Nob","ascension_level":1}