{"gold_per_floor":[118,118,118,118,134,134,158,158,158,185,32,54,81,95,95,172,222,236,51,61,73,73,73,88,50,50,50,62,82,82,82,82,82],"floor_reached":33,"playtime":922,"items_purged":["Defend_R","Bash+1"],"score":442,"play_id":"70de5562-7b7b-4bfd-9950-9268347f63a0","local_time":"20181201220445","is_ascension_mode":true,"campfire_choices":[{"data":"Pommel Strike","floor":6,"key":"SMITH"},{"data":"Bash","floor":8,"key":"SMITH"},{"data":"Disarm","floor":15,"key":"SMITH"},{"data":"Flex","floor":23,"key":"SMITH"},{"data":"Shockwave","floor":27,"key":"SMITH"},{"data":"Flex","floor":30,"key":"SMITH"},{"floor":32,"key":"REST"}],"neow_cost":"NONE","seed_source_timestamp":14735895489698,"circlet_count":0,"master_deck":["AscendersBane","Defend_R","Defend_R","Defend_R","Spot Weakness+1","Pommel Strike+1","Rage","Rage","Shockwave+1","Disarm+1","Offering","Clash","Warcry","Finesse","Flex+1","Rage","Metallicize","Flex+1","Bite","Bite","Bite","Bite","Bite"],"relics":["Burning Blood","Bronze Scales","Blue Candle","Anchor","Odd Mushroom","Unceasing Top","Tiny House","Happy Flower"],"potions_floor_usage":[13,20,20,29],"damage_taken":[{"damage":8,"enemies":"Cultist","floor":1,"turns":6},{"damage":3,"enemies":"Jaw Worm","floor":5,"turns":5},{"damage":40,"enemies":"3 Sentries","floor":10,"turns":6},{"damage":7,"enemies":"The Mushroom Lair","floor":12,"turns":4},{"damage":19,"enemies":"Lagavulin","floor":13,"turns":7},{"damage":0,"enemies":"2 Louse","floor":14,"turns":2},{"damage":9,"enemies":"Hexaghost","floor":16,"turns":8},{"damage":9,"enemies":"3 Byrds","floor":18,"turns":2},{"damage":34,"enemies":"Spheric Guardian","floor":20,"turns":4},{"damage":6,"enemies":"Chosen and Byrds","floor":21,"turns":4},{"damage":8,"enemies":"Snake Plant","floor":24,"turns":2},{"damage":15,"enemies":"Centurion and Healer","floor":28,"turns":6},{"damage":36,"enemies":"Sentry and Sphere","floor":29,"turns":6},{"damage":57,"enemies":"Champ","floor":33,"turns":8}],"seed_played":"8399189821250973626","potions_obtained":[{"floor":10,"key":"Weak Potion"},{"floor":13,"key":"SteroidPotion"},{"floor":14,"key":"PowerPotion"},{"floor":21,"key":"Poison Potion"}],"is_trial":false,"path_per_floor":["M","?","?","?","M","R","T","R","T","E","$","?","E","M","R","B",null,"M","$","M","M","?","R","M","$","T","R","M","M","R","?","R","B"],"character_chosen":"IRONCLAD","items_purchased":["Rage","Finesse","Rage"],"campfire_rested":1,"item_purchase_floors":[11,19,25],"current_hp_per_floor":[78,78,83,83,86,86,86,86,86,52,52,51,38,44,44,41,85,82,82,54,54,54,54,52,52,52,52,43,13,13,13,33,0],"gold":82,"neow_bonus":"TEN_PERCENT_HP_BONUS","is_prod":false,"is_daily":false,"chose_seed":false,"campfire_upgraded":6,"win_rate":0,"timestamp":1543701885,"path_taken":["M","?","?","?","?","R","?","R","T","E","$","?","E","M","R","BOSS","M","$","M","M","?","R","M","$","T","R","M","M","R","?","R","BOSS"],"build_version":"2018-11-15","purchased_purges":2,"victory":false,"max_hp_per_floor":[88,88,93,93,93,93,93,93,93,93,93,93,93,93,93,93,98,98,98,98,98,98,98,98,98,98,98,98,98,98,68,68,68],"card_choices":[{"not_picked":["Twin Strike","Entrench"],"picked":"Spot Weakness","floor":1},{"not_picked":["Headbutt","True Grit"],"picked":"Pommel Strike","floor":5},{"not_picked":["Cleave","Armaments"],"picked":"Rage","floor":10},{"not_picked":["Wild Strike","Clothesline"],"picked":"Shockwave","floor":12},{"not_picked":["Demon Form","Uppercut","Cleave"],"picked":"SKIP","floor":13},{"not_picked":["Headbutt","Entrench"],"picked":"Disarm","floor":14},{"not_picked":["Dark Embrace","Berserk"],"picked":"Offering","floor":16},{"not_picked":["Havoc","Armaments"],"picked":"Clash","floor":17},{"not_picked":["Thunderclap","Clothesline"],"picked":"Warcry","floor":18},{"not_picked":["Ghostly Armor","Clothesline","Shrug It Off"],"picked":"SKIP","floor":20},{"not_picked":["Shrug It Off","Warcry"],"picked":"Flex","floor":21},{"not_picked":["Bludgeon","Thunderclap","Twin Strike"],"picked":"SKIP","floor":24},{"not_picked":["Flame Barrier","Headbutt"],"picked":"Metallicize","floor":28},{"not_picked":["Ghostly Armor","Disarm"],"picked":"Flex","floor":29}],"player_experience":233921,"relics_obtained":[{"floor":7,"key":"Bronze Scales"},{"floor":9,"key":"Blue Candle"},{"floor":10,"key":"Anchor"},{"floor":12,"key":"Odd Mushroom"},{"floor":13,"key":"Unceasing Top"},{"floor":26,"key":"Happy Flower"}],"event_choices":[{"cards_removed":["Strike_R"],"damage_healed":0,"gold_gain":0,"player_choice":"Forget","damage_taken":0,"max_hp_gain":0,"max_hp_loss":0,"event_name":"Living Wall","floor":2,"gold_loss":0},{"damage_healed":0,"gold_gain":0,"player_choice":"Donut","damage_taken":0,"max_hp_gain":5,"max_hp_loss":0,"event_name":"Big Fish","floor":3,"gold_loss":0},{"damage_healed":0,"gold_gain":0,"player_choice":"Upgraded","damage_taken":0,"max_hp_gain":0,"max_hp_loss":0,"event_name":"Upgrade Shrine","floor":4,"gold_loss":0,"cards_upgraded":["Spot Weakness"]},{"damage_healed":0,"gold_gain":0,"player_choice":"Fought Mushrooms","damage_taken":0,"max_hp_gain":0,"max_hp_loss":0,"event_name":"Mushrooms","floor":12,"gold_loss":0},{"damage_healed":0,"gold_gain":0,"player_choice":"Ignored","damage_taken":0,"max_hp_gain":0,"max_hp_loss":0,"event_name":"Cursed Tome","floor":22,"gold_loss":0},{"damage_healed":0,"gold_gain":0,"player_choice":"Became a vampire","damage_taken":0,"max_hp_gain":0,"max_hp_loss":30,"event_name":"Vampires","floor":31,"gold_loss":0,"cards_obtained":["Bite","Bite","Bite","Bite","Bite"]}],"is_beta":false,"boss_relics":[{"not_picked":["Lizard Tail","White Beast Statue"],"picked":"Tiny House"}],"items_purged_floors":[11,19],"is_endless":false,"potions_floor_spawned":[10,13,14,21],"killed_by":"Champ","ascension_level":13}