{"gold_per_floor":[118,118,138,63,21,21,21,35,62,62,126,126,159,175,175,280,280,297,6,6,6,31,31,43,75,128,128,162,162,162,162],"floor_reached":31,"playtime":634,"items_purged":["Strike_G","Defend_G"],"score":385,"play_id":"3e26177f-9f2f-463f-a5fa-d2f6484dd151","local_time":"20181109202945","is_ascension_mode":true,"campfire_choices":[{"data":"Neutralize","floor":6,"key":"SMITH"},{"floor":15,"key":"REST"},{"data":"Bite","floor":23,"key":"SMITH"},{"floor":27,"key":"REST"}],"neow_cost":"NONE","seed_source_timestamp":8699562603330,"circlet_count":0,"master_deck":["Defend_G","Defend_G","Defend_G","Defend_G","Survivor","Neutralize+1","Slice","Predator","Terror","Dagger Spray","Tools of the Trade","Dagger Throw+1","Prepared+1","Dagger Throw+1","Cloak And Dagger","Cloak And Dagger","Bite+1","Bite","Bite","Bite","Bite","Well Laid Plans+1","Backstab+1","Backflip+1"],"relics":["Runic Dome","Pantograph","Centennial Puzzle","Tiny Chest","Juzu Bracelet","Bag of Preparation","Astrolabe","Vajra","Smiling Mask","Molten Egg 2","Strawberry","Frozen Egg 2","Calipers"],"potions_floor_usage":[11,13,18],"damage_taken":[{"damage":0,"enemies":"Jaw Worm","floor":1,"turns":4},{"damage":0,"enemies":"2 Louse","floor":3,"turns":3},{"damage":0,"enemies":"Cultist","floor":8,"turns":3},{"damage":20,"enemies":"3 Sentries","floor":11,"turns":8},{"damage":2,"enemies":"Lagavulin","floor":13,"turns":4},{"damage":3,"enemies":"Blue Slaver","floor":14,"turns":3},{"damage":23,"enemies":"Hexaghost","floor":16,"turns":9},{"damage":0,"enemies":"Chosen","floor":18,"turns":4},{"damage":0,"enemies":"Spheric Guardian","floor":24,"turns":3},{"damage":53,"enemies":"Book of Stabbing","floor":25,"turns":5},{"damage":19,"enemies":"Slavers","floor":28,"turns":4},{"damage":16,"enemies":"Shelled Parasite and Fungi","floor":31,"turns":2}],"seed_played":"1391727973700624948","potions_obtained":[{"floor":8,"key":"Explosive Potion"},{"floor":11,"key":"SteroidPotion"},{"floor":13,"key":"Dexterity Potion"},{"floor":16,"key":"Poison Potion"},{"floor":25,"key":"Ancient Potion"},{"floor":28,"key":"GhostInAJar"}],"is_trial":false,"path_per_floor":["M","?","M","$","?","R","?","M","T","$","E","T","E","M","R","B",null,"M","$","?","?","T","R","M","E","T","R","E","?","T","M"],"character_chosen":"THE_SILENT","items_purchased":["Vajra","Cloak And Dagger"],"campfire_rested":2,"item_purchase_floors":[19,19],"current_hp_per_floor":[63,45,45,45,45,45,45,45,45,45,25,25,23,20,41,43,63,63,63,49,49,49,49,49,5,12,28,16,7,7,0],"gold":162,"neow_bonus":"BOSS_RELIC","is_prod":false,"is_daily":false,"chose_seed":false,"campfire_upgraded":2,"win_rate":0,"timestamp":1541795385,"path_taken":["M","?","M","$","?","R","?","?","T","$","E","?","E","M","R","BOSS","M","$","?","?","?","R","M","E","T","R","E","?","?","M"],"build_version":"2018-11-08","purchased_purges":2,"victory":false,"max_hp_per_floor":[70,70,70,70,70,70,70,70,70,70,70,70,70,70,70,70,70,70,70,49,49,49,49,49,49,56,56,56,61,61,61],"card_choices":[{"not_picked":["Prepared","All Out Attack"],"picked":"Slice","floor":1},{"not_picked":["Underhanded Strike","Skewer"],"picked":"Predator","floor":3},{"not_picked":["Unload","Underhanded Strike"],"picked":"Terror","floor":8},{"not_picked":["Bane","Prepared"],"picked":"Dagger Spray","floor":11},{"not_picked":["Eviscerate","Blade Dance"],"picked":"Tools of the Trade","floor":13},{"not_picked":["Dash","Deflect","Poisoned Stab"],"picked":"SKIP","floor":14},{"not_picked":["Deflect","Quick Slash"],"picked":"Cloak And Dagger","floor":18},{"not_picked":["Setup","Dagger Throw"],"picked":"Well Laid Plans+1","floor":24},{"not_picked":["Concentrate","Noxious Fumes+1"],"picked":"Backstab+1","floor":25},{"not_picked":["Distraction","Choke+1"],"picked":"Backflip+1","floor":28}],"player_experience":129703,"relics_obtained":[{"floor":9,"key":"Centennial Puzzle"},{"floor":11,"key":"Tiny Chest"},{"floor":12,"key":"Juzu Bracelet"},{"floor":13,"key":"Bag of Preparation"},{"floor":22,"key":"Smiling Mask"},{"floor":25,"key":"Molten Egg 2"},{"floor":26,"key":"Strawberry"},{"floor":28,"key":"Frozen Egg 2"},{"floor":30,"key":"Calipers"}],"event_choices":[{"damage_healed":0,"gold_gain":0,"player_choice":"Success","damage_taken":18,"relics_obtained":["Pantograph"],"max_hp_gain":0,"max_hp_loss":0,"event_name":"Scrap Ooze","floor":2,"gold_loss":0},{"damage_healed":0,"gold_gain":0,"player_choice":"Left Gold","damage_taken":0,"max_hp_gain":0,"max_hp_loss":0,"event_name":"World of Goop","floor":5,"gold_loss":42},{"damage_healed":0,"gold_gain":0,"player_choice":"Ignored","damage_taken":0,"max_hp_gain":0,"max_hp_loss":0,"event_name":"WeMeetAgain","floor":7,"gold_loss":0},{"damage_healed":0,"gold_gain":0,"player_choice":"Became a vampire","damage_taken":0,"max_hp_gain":0,"max_hp_loss":21,"event_name":"Vampires","floor":20,"gold_loss":0,"cards_obtained":["Bite","Bite","Bite","Bite","Bite"]},{"damage_healed":0,"gold_gain":0,"player_choice":"Ignored","damage_taken":0,"max_hp_gain":0,"max_hp_loss":0,"event_name":"Ghosts","floor":21,"gold_loss":0},{"damage_healed":0,"gold_gain":0,"player_choice":"Shed Blood","damage_taken":14,"max_hp_gain":5,"max_hp_loss":0,"event_name":"Forgotten Altar","floor":29,"gold_loss":0}],"is_beta":false,"boss_relics":[{"not_picked":["Tiny House","Ectoplasm"],"picked":"Astrolabe"}],"items_purged_floors":[4,19],"is_endless":false,"potions_floor_spawned":[8,11,13,16,25,28],"killed_by":"Shelled Parasite and Fungi","ascension_level":6}