{"gold_per_floor":[361,380,345,194,194,229,241,241,241,241,257,275,275,301,301,301],"floor_reached":16,"playtime":779,"items_purged":[],"score":176,"play_id":"d176cb6e-1d46-44dd-b662-81d80a057ca5","local_time":"20190109235108","is_ascension_mode":true,"campfire_choices":[{"floor":8,"key":"REST"},{"data":"Heavy Blade","floor":13,"key":"SMITH"},{"data":"Double Tap","floor":15,"key":"SMITH"}],"neow_cost":"PERCENT_DAMAGE","seed_source_timestamp":714671644659444,"circlet_count":0,"master_deck":["AscendersBane","Strike_R","Strike_R","Strike_R","Strike_R","Defend_R","Defend_R","Defend_R","Defend_R","Bash","Hemokinesis","Disarm","Heavy Blade+1","Shrug It Off","Spot Weakness","Twin Strike","Double Tap+1"],"relics":["Burning Blood","Vajra","The Courier","Orichalcum","Question Card"],"potions_floor_usage":[10,11,16],"damage_taken":[{"damage":6,"enemies":"Jaw Worm","floor":1,"turns":5},{"damage":7,"enemies":"2 Louse","floor":2,"turns":3},{"damage":43,"enemies":"Gremlin Nob","floor":6,"turns":5},{"damage":6,"enemies":"Cultist","floor":7,"turns":4},{"damage":3,"enemies":"2 Fungi Beasts","floor":11,"turns":2},{"damage":5,"enemies":"Looter","floor":12,"turns":4},{"damage":15,"enemies":"3 Sentries","floor":14,"turns":7},{"damage":50,"enemies":"Slime Boss","floor":16,"turns":8}],"seed_played":"-8611749226141254194","potions_obtained":[{"floor":1,"key":"Fire Potion"},{"floor":7,"key":"Dexterity Potion"},{"floor":10,"key":"Fruit Juice"},{"floor":10,"key":"Swift Potion"}],"is_trial":false,"path_per_floor":["M","M","?","$","?","E","M","R","T","?","M","M","R","E","R","B"],"character_chosen":"IRONCLAD","items_purchased":["Vajra"],"campfire_rested":1,"item_purchase_floors":[4],"current_hp_per_floor":[51,50,70,70,63,26,26,50,50,55,58,59,59,50,50,0],"gold":301,"neow_bonus":"TWO_FIFTY_GOLD","is_prod":false,"is_daily":false,"chose_seed":false,"campfire_upgraded":2,"win_rate":0,"timestamp":1547099468,"path_taken":["M","M","?","$","?","E","M","R","T","?","M","M","R","E","R","BOSS"],"build_version":"2019-01-03v4","purchased_purges":0,"victory":false,"max_hp_per_floor":[80,80,80,80,80,80,80,80,80,85,85,85,85,85,85,85],"card_choices":[{"not_picked":["Dropkick","Clash"],"picked":"Hemokinesis","floor":1},{"not_picked":["Warcry","Heavy Blade"],"picked":"Disarm","floor":2},{"not_picked":["True Grit","Pommel Strike"],"picked":"Heavy Blade","floor":6},{"not_picked":["Cleave","Twin Strike"],"picked":"Shrug It Off","floor":7},{"not_picked":["Intimidate","Cleave"],"picked":"Spot Weakness","floor":11},{"not_picked":["Evolve","Ghostly Armor"],"picked":"Twin Strike","floor":12},{"not_picked":["Carnage","Wild Strike"],"picked":"Double Tap","floor":14}],"player_experience":467190,"relics_obtained":[{"floor":6,"key":"The Courier"},{"floor":9,"key":"Orichalcum"},{"floor":14,"key":"Question Card"}],"event_choices":[{"damage_healed":20,"gold_gain":0,"player_choice":"Healed","damage_taken":0,"max_hp_gain":0,"max_hp_loss":0,"event_name":"The Cleric","floor":3,"gold_loss":35},{"cards_removed":["Strike_R"],"damage_healed":0,"gold_gain":0,"player_choice":"Card Removal","damage_taken":7,"max_hp_gain":0,"max_hp_loss":0,"event_name":"Golden Wing","floor":5,"gold_loss":0},{"damage_healed":0,"gold_gain":0,"player_choice":"Got Potions","damage_taken":0,"max_hp_gain":0,"max_hp_loss":0,"event_name":"Lab","floor":10,"gold_loss":0}],"is_beta":false,"boss_relics":[],"items_purged_floors":[],"is_endless":false,"potions_floor_spawned":[1,7],"killed_by":"Slime Boss","ascension_level":12}