{"gold_per_floor":[110,129,129,147,147,178,178,191,191,208,208,226,226,24,24,119,119,135,135,35,35,85,85,119,119,119,119,69,88,107,107],"floor_reached":31,"playtime":1669,"items_purged":["Strike_G","Shame"],"score":366,"play_id":"4e570f5e-cb6e-43a3-a5c7-7a327d66e4fe","local_time":"20180909171659","is_ascension_mode":true,"campfire_choices":[{"floor":7,"key":"REST"},{"data":"Terror","floor":11,"key":"SMITH"},{"data":"Cloak And Dagger","floor":15,"key":"SMITH"},{"data":"A Thousand Cuts","floor":23,"key":"SMITH"},{"floor":25,"key":"REST"},{"data":"Cloak And Dagger","floor":27,"key":"SMITH"}],"neow_cost":"NONE","seed_source_timestamp":928345518970939,"circlet_count":0,"master_deck":["Defend_G","Defend_G","Defend_G","Defend_G","Defend_G","Survivor","Neutralize","A Thousand Cuts+1","Cloak And Dagger+1","Quick Slash","Terror+1","Blade Dance","Cloak And Dagger+1","Slice","Cloak And Dagger","PiercingWail","Slice","Die Die Die","Slice+1","Choke+1","Venomology+1","Deflect","Backflip","Blade Dance","Slice"],"relics":["Ring of the Snake","Strawberry","Bottled Lightning","Astrolabe","Tingsha","Snake Skull","Meat on the Bone","Frozen Egg 2"],"potions_floor_usage":[8,18,18,30,30,31,31,31],"damage_taken":[{"damage":2,"enemies":"Cultist","floor":1,"turns":4},{"damage":4,"enemies":"Small Slimes","floor":2,"turns":4},{"damage":8,"enemies":"2 Louse","floor":4,"turns":3},{"damage":20,"enemies":"Gremlin Nob","floor":6,"turns":4},{"damage":28,"enemies":"Exordium Thugs","floor":8,"turns":5},{"damage":3,"enemies":"Blue Slaver","floor":10,"turns":3},{"damage":7,"enemies":"3 Louse","floor":12,"turns":3},{"damage":42,"enemies":"Hexaghost","floor":16,"turns":9},{"damage":18,"enemies":"Shell Parasite","floor":18,"turns":6},{"damage":41,"enemies":"Book of Stabbing","floor":24,"turns":6},{"damage":19,"enemies":"2 Thieves","floor":29,"turns":3},{"damage":1,"enemies":"3 Cultists","floor":30,"turns":3},{"damage":61,"enemies":"Gremlin Leader","floor":31,"turns":6}],"seed_played":"2596558115806359027","potions_obtained":[{"floor":2,"key":"Strength Potion"},{"floor":6,"key":"GamblersBrew"},{"floor":16,"key":"Strength Potion"},{"floor":30,"key":"GamblersBrew"}],"is_trial":false,"path_per_floor":["M","M","?","M","?","E","R","M","T","M","R","M","?","$","R","B",null,"M","?","$","$","T","R","E","R","T","R","?","M","M"],"character_chosen":"THE_SILENT","items_purchased":["Cloak And Dagger","PiercingWail","Slice"],"campfire_rested":2,"item_purchase_floors":[14,14,14],"current_hp_per_floor":[68,64,57,49,49,36,59,31,31,28,28,21,87,87,87,45,77,59,59,59,59,59,59,18,44,44,44,44,37,48,0],"gold":107,"neow_bonus":"ONE_RANDOM_RARE_CARD","is_prod":false,"is_daily":false,"chose_seed":false,"campfire_upgraded":4,"win_rate":0,"timestamp":1536531419,"path_taken":["M","?","?","M","?","E","R","M","T","M","R","M","?","$","R","BOSS","M","?","?","$","?","R","E","R","T","R","?","M","?","E"],"build_version":"2018-09-06","purchased_purges":2,"victory":false,"max_hp_per_floor":[70,70,70,70,70,77,77,77,77,77,77,77,87,87,87,87,87,87,87,87,87,87,87,87,87,87,87,87,87,87,87],"card_choices":[{"not_picked":["Caltrops","Underhanded Strike"],"picked":"Cloak And Dagger","floor":1},{"not_picked":["Dagger Throw","Eviscerate"],"picked":"Quick Slash","floor":2},{"not_picked":["Flying Knee","Dagger Throw"],"picked":"Glass Knife","floor":4},{"not_picked":["Cloak And Dagger","Phantasmal Killer"],"picked":"Terror","floor":6},{"not_picked":["Prepared","Bouncing Flask"],"picked":"Blade Dance","floor":8},{"not_picked":["Blade Dance","Prepared"],"picked":"Cloak And Dagger","floor":10},{"not_picked":["Dagger Spray","Sucker Punch"],"picked":"Slice","floor":12},{"not_picked":["Burst","Unload"],"picked":"Die Die Die","floor":16},{"not_picked":["Prepared","Dagger Throw"],"picked":"Deflect","floor":18},{"not_picked":["Dagger Throw+1","Backstab"],"picked":"Backflip","floor":24},{"not_picked":["Acrobatics","Terror+1"],"picked":"Blade Dance","floor":29},{"not_picked":["Backflip","Deadly Poison"],"picked":"Slice","floor":30}],"player_experience":277942,"relics_obtained":[{"floor":6,"key":"Strawberry"},{"floor":9,"key":"Bottled Lightning"},{"floor":22,"key":"Snake Skull"},{"floor":24,"key":"Meat on the Bone"},{"floor":26,"key":"Frozen Egg 2"}],"event_choices":[{"event_name":"Golden Wing","player_choice":"Card Removal","floor":3,"damage_taken":0},{"event_name":"Liars Game","player_choice":"disagreed","floor":5,"damage_taken":0},{"event_name":"Bonfire Elementals","player_choice":"RARE","floor":13,"damage_taken":0},{"event_name":"Addict","player_choice":"Stole Relic","floor":19,"damage_taken":0},{"event_name":"The Joust","player_choice":"Bet on Murderer","floor":28,"damage_taken":0}],"is_beta":false,"boss_relics":[{"not_picked":["White Beast Statue","Calling Bell"],"picked":"Astrolabe"}],"items_purged_floors":[14,20],"is_endless":false,"potions_floor_spawned":[2,6,16,30],"killed_by":"Gremlin Leader","ascension_level":5}