{"gold_per_floor":[118,138,138,88,113,147,147,206,276,310,310,325,325],"floor_reached":13,"playtime":273,"items_purged":[],"score":130,"play_id":"cc232bef-4ce4-44c4-a48d-81f1676e469f","local_time":"20190204015253","is_ascension_mode":true,"campfire_choices":[{"data":"Dash","floor":7,"key":"SMITH"}],"neow_cost":"NONE","seed_source_timestamp":6389073617865,"circlet_count":0,"master_deck":["Defend_G","Defend_G","Defend_G","Defend_G","Defend_G","Strike_G","Strike_G","Strike_G","Strike_G","Survivor","Neutralize","Catalyst","Dash+1","Injury","Dagger Throw","Deadly Poison","Backflip","Cloak And Dagger"],"relics":["Ring of the Snake","NeowsBlessing","Golden Idol","Lantern","Gremlin Horn","Happy Flower"],"potions_floor_usage":[6,10],"damage_taken":[{"damage":0,"enemies":"Jaw Worm","floor":1,"turns":1},{"damage":0,"enemies":"Small Slimes","floor":2,"turns":1},{"damage":0,"enemies":"2 Louse","floor":5,"turns":1},{"damage":33,"enemies":"Gremlin Nob","floor":6,"turns":7},{"damage":21,"enemies":"Lagavulin","floor":10,"turns":7},{"damage":0,"enemies":"2 Fungi Beasts","floor":12,"turns":3},{"damage":12,"enemies":"Lots of Slimes","floor":13,"turns":2}],"seed_played":"-9178373199291231762","potions_obtained":[{"floor":1,"key":"GhostInAJar"},{"floor":5,"key":"Dexterity Potion"}],"is_trial":false,"path_per_floor":["M","M","?","?","M","E","R","?","T","E","?","M","M"],"character_chosen":"THE_SILENT","items_purchased":[],"campfire_rested":0,"item_purchase_floors":[],"current_hp_per_floor":[63,63,63,63,63,30,30,30,30,9,9,9,0],"gold":325,"neow_bonus":"THREE_ENEMY_KILL","is_prod":false,"is_daily":false,"chose_seed":false,"campfire_upgraded":1,"win_rate":0,"timestamp":1549263173,"path_taken":["M","M","?","?","M","E","R","?","T","E","?","M","M"],"build_version":"2019-01-23","purchased_purges":0,"victory":false,"max_hp_per_floor":[70,70,70,70,70,70,70,70,70,70,70,70,70],"card_choices":[{"not_picked":["Predator","Poisoned Stab"],"picked":"Catalyst","floor":1},{"not_picked":["Prepared","Bane"],"picked":"Dash","floor":2},{"not_picked":["Underhanded Strike","Blade Dance"],"picked":"Dagger Throw","floor":5},{"not_picked":["Quick Slash","Dodge and Roll"],"picked":"Deadly Poison","floor":6},{"not_picked":["Deflect","Bullet Time"],"picked":"Backflip","floor":10},{"not_picked":["Outmaneuver","Riddle With Holes"],"picked":"Cloak And Dagger","floor":12}],"player_experience":447584,"relics_obtained":[{"floor":6,"key":"Lantern"},{"floor":9,"key":"Gremlin Horn"},{"floor":10,"key":"Happy Flower"}],"event_choices":[{"damage_healed":0,"gold_gain":0,"player_choice":"Take Wound","damage_taken":0,"relics_obtained":["Golden Idol"],"max_hp_gain":0,"max_hp_loss":0,"event_name":"Golden Idol","floor":3,"gold_loss":0,"cards_obtained":["Injury"]},{"cards_removed":["Strike_G"],"damage_healed":0,"gold_gain":0,"player_choice":"Card Removal","damage_taken":0,"max_hp_gain":0,"max_hp_loss":0,"event_name":"The Cleric","floor":4,"gold_loss":50},{"damage_healed":0,"gold_gain":59,"player_choice":"Gained Gold","damage_taken":0,"max_hp_gain":0,"max_hp_loss":0,"event_name":"Golden Wing","floor":8,"gold_loss":0},{"damage_healed":0,"gold_gain":0,"player_choice":"Ignored","damage_taken":0,"max_hp_gain":0,"max_hp_loss":0,"event_name":"Shining Light","floor":11,"gold_loss":0}],"is_beta":false,"boss_relics":[],"items_purged_floors":[],"is_endless":false,"potions_floor_spawned":[1,5],"killed_by":"Lots of Slimes","ascension_level":8}