{"gold_per_floor":[118,138,150,71,91,91,91,125,125,125,225,235,251,127,127,227,227,241,207,40,40,52,52,52],"floor_reached":24,"playtime":1973,"items_purged":["Strike_G","Strike_G"],"score":228,"play_id":"76e4f28f-9fbd-4006-a057-97b770925acd","local_time":"20190201085136","is_ascension_mode":true,"campfire_choices":[{"data":"Tactician","floor":6,"key":"SMITH"},{"data":"Envenom","floor":10,"key":"SMITH"},{"floor":15,"key":"REST"},{"floor":23,"key":"REST"}],"neow_cost":"TEN_PERCENT_HP_LOSS","seed_source_timestamp":1257539429041232,"circlet_count":0,"master_deck":["Defend_G","Defend_G","Defend_G","Defend_G","Defend_G","Strike_G","Strike_G","Strike_G","Survivor","Neutralize","Sadistic Nature","Finesse","Crippling Poison","Sucker Punch","Prepared","Tactician+1","Dash","Envenom+1","Well Laid Plans","Noxious Fumes","Leg Sweep","Acrobatics","Backflip","Terror","Escape Plan","Deflect+1"],"relics":["Ring of the Snake","Bird Faced Urn","Prayer Wheel","Mango"],"potions_floor_usage":[24,24],"damage_taken":[{"damage":0,"enemies":"Cultist","floor":1,"turns":4},{"damage":4,"enemies":"Small Slimes","floor":2,"turns":3},{"damage":0,"enemies":"2 Louse","floor":3,"turns":2},{"damage":3,"enemies":"Blue Slaver","floor":5,"turns":5},{"damage":18,"enemies":"3 Sentries","floor":8,"turns":10},{"damage":10,"enemies":"Gremlin Gang","floor":12,"turns":4},{"damage":8,"enemies":"Lots of Slimes","floor":13,"turns":2},{"damage":48,"enemies":"The Guardian","floor":16,"turns":9},{"damage":13,"enemies":"Chosen","floor":18,"turns":6},{"damage":32,"enemies":"2 Thieves","floor":19,"turns":5},{"damage":8,"enemies":"Centurion and Healer","floor":22,"turns":8},{"damage":20,"enemies":"Colosseum Slavers","floor":24,"turns":6},{"damage":54,"enemies":"Colosseum Nobs","floor":24,"turns":5}],"seed_played":"3499420906567962619","potions_obtained":[{"floor":1,"key":"Fire Potion"},{"floor":8,"key":"Regen Potion"},{"floor":13,"key":"Ancient Potion"},{"floor":16,"key":"PowerPotion"}],"is_trial":false,"path_per_floor":["M","M","M","$","M","R","?","E","T","R","?","M","M","$","R","B",null,"M","M","$","?","M","R","?"],"character_chosen":"THE_SILENT","items_purchased":["Tactician","Backflip","Escape Plan"],"campfire_rested":2,"item_purchase_floors":[4,14,20],"current_hp_per_floor":[63,59,59,59,56,56,44,28,42,42,42,36,34,34,57,17,77,64,40,40,26,26,50,0],"gold":52,"neow_bonus":"RANDOM_COLORLESS_2","is_prod":false,"is_daily":false,"chose_seed":false,"campfire_upgraded":2,"win_rate":0,"timestamp":1549007496,"path_taken":["M","M","?","$","?","R","?","E","T","R","?","M","?","$","R","BOSS","M","?","$","?","M","R","?"],"build_version":"2019-01-23","purchased_purges":2,"victory":false,"max_hp_per_floor":[63,63,63,63,63,63,63,63,77,77,77,77,77,77,77,77,77,77,77,77,82,82,82,82],"card_choices":[{"not_picked":["Flying Knee","PiercingWail"],"picked":"Crippling Poison","floor":1},{"not_picked":["Escape Plan","Deflect"],"picked":"Sucker Punch","floor":2},{"not_picked":["Riddle With Holes","Bane"],"picked":"Prepared","floor":3},{"not_picked":["Acrobatics","Blade Dance"],"picked":"Dash","floor":5},{"not_picked":["Poisoned Stab","Cloak And Dagger"],"picked":"Envenom","floor":8},{"not_picked":["Sucker Punch","Quick Slash"],"picked":"Well Laid Plans","floor":12},{"not_picked":["Bane","Distraction"],"picked":"Noxious Fumes","floor":12},{"not_picked":["Bane","Dagger Spray"],"picked":"Leg Sweep","floor":13},{"not_picked":["Cloak And Dagger","Dodge and Roll"],"picked":"Acrobatics","floor":13},{"not_picked":["Outmaneuver","Dagger Throw"],"picked":"Terror","floor":18},{"not_picked":["Tactician","All Out Attack","Slice"],"picked":"SKIP","floor":18},{"not_picked":["Poisoned Stab","Dagger Throw","Acrobatics+1"],"picked":"SKIP","floor":19},{"not_picked":["Choke+1","Backflip","Dagger Spray+1"],"picked":"SKIP","floor":19},{"not_picked":["Underhanded Strike+1","Outmaneuver"],"picked":"Deflect+1","floor":22},{"not_picked":["Endless Agony","Bane","Acrobatics+1"],"picked":"SKIP","floor":22}],"player_experience":474435,"relics_obtained":[{"floor":8,"key":"Prayer Wheel"},{"floor":9,"key":"Mango"}],"event_choices":[{"damage_healed":0,"gold_gain":0,"player_choice":"Success","damage_taken":12,"relics_obtained":["Bird Faced Urn"],"max_hp_gain":0,"max_hp_loss":0,"event_name":"Scrap Ooze","floor":7,"gold_loss":0},{"damage_healed":0,"gold_gain":100,"player_choice":"Pray","damage_taken":0,"max_hp_gain":0,"max_hp_loss":0,"event_name":"Golden Shrine","floor":11,"gold_loss":0},{"damage_healed":0,"gold_gain":0,"player_choice":"Shed Blood","damage_taken":19,"max_hp_gain":5,"max_hp_loss":0,"event_name":"Forgotten Altar","floor":21,"gold_loss":0},{"damage_healed":0,"gold_gain":0,"player_choice":"Fight","damage_taken":0,"max_hp_gain":0,"max_hp_loss":0,"event_name":"Colosseum","floor":24,"gold_loss":0},{"damage_healed":0,"gold_gain":0,"player_choice":"Fought Nobs","damage_taken":0,"max_hp_gain":0,"max_hp_loss":0,"event_name":"Colosseum","floor":24,"gold_loss":0}],"is_beta":false,"boss_relics":[{"not_picked":[]}],"items_purged_floors":[14,20],"is_endless":false,"potions_floor_spawned":[1,8,13,16,19],"killed_by":"Colosseum Nobs","ascension_level":3}