{"gold_per_floor":[111,111,36,47,47,47,47,64,64,64,91,105,118,20,20,97,97,111,21,41,41],"floor_reached":21,"playtime":584,"items_purged":["Defend_R"],"score":340,"play_id":"a6f741ae-a1ed-406a-b67f-97ed7b9e5480","local_time":"20190127005704","is_ascension_mode":true,"campfire_choices":[{"data":"Iron Wave","floor":6,"key":"SMITH"},{"data":"Anger","floor":10,"key":"SMITH"},{"floor":15,"key":"REST"}],"neow_cost":"NONE","seed_source_timestamp":2730514549768,"circlet_count":0,"master_deck":["AscendersBane","Strike_R","Strike_R","Strike_R","Defend_R","Defend_R","Bash","Iron Wave+1","Sword Boomerang","Anger+1","Ghostly Armor","Combust","Feel No Pain","Finesse","Reaper","Intimidate","Deep Breath"],"relics":["Burning Blood","Potion Belt","Nunchaku","Pantograph","Self Forming Clay","Empty Cage"],"potions_floor_usage":[21,21,21,21],"damage_taken":[{"damage":14,"enemies":"Jaw Worm","floor":1,"turns":3},{"damage":13,"enemies":"Cultist","floor":4,"turns":5},{"damage":2,"enemies":"2 Louse","floor":8,"turns":2},{"damage":48,"enemies":"3 Sentries","floor":11,"turns":10},{"damage":8,"enemies":"Lots of Slimes","floor":12,"turns":4},{"damage":3,"enemies":"Large Slime","floor":13,"turns":4},{"damage":56,"enemies":"Hexaghost","floor":16,"turns":10},{"damage":35,"enemies":"Chosen","floor":18,"turns":6},{"damage":31,"enemies":"Spheric Guardian","floor":20,"turns":6},{"damage":13,"enemies":"Snecko","floor":21,"turns":6}],"seed_played":"7246753529248678772","potions_obtained":[{"floor":1,"key":"SteroidPotion"},{"floor":13,"key":"EssenceOfSteel"},{"floor":16,"key":"EssenceOfSteel"},{"floor":18,"key":"EntropicBrew"}],"is_trial":false,"path_per_floor":["M","?","$","M","$","R","?","M","T","R","E","M","M","$","R","B",null,"M","$","M","M"],"character_chosen":"IRONCLAD","items_purchased":["Finesse","Deep Breath"],"campfire_rested":1,"item_purchase_floors":[14,19],"current_hp_per_floor":[60,60,60,53,53,53,53,57,57,57,15,13,16,16,38,13,60,34,34,9,0],"gold":41,"neow_bonus":"RANDOM_COMMON_RELIC","is_prod":false,"is_daily":false,"chose_seed":false,"campfire_upgraded":2,"win_rate":0,"timestamp":1548550624,"path_taken":["M","?","$","M","?","R","?","M","T","R","E","?","M","$","R","BOSS","M","$","M","M"],"build_version":"2019-01-23","purchased_purges":1,"victory":false,"max_hp_per_floor":[75,75,75,75,75,75,75,75,75,75,75,75,75,75,75,75,75,75,75,75,75],"card_choices":[{"not_picked":["Rupture","Flex"],"picked":"Iron Wave","floor":1},{"not_picked":["Heavy Blade","Armaments"],"picked":"Sword Boomerang","floor":4},{"not_picked":["Dual Wield","Body Slam"],"picked":"Anger","floor":8},{"not_picked":["Barricade","Body Slam"],"picked":"Ghostly Armor","floor":11},{"not_picked":["Headbutt","Reckless Charge"],"picked":"Combust","floor":12},{"not_picked":["Havoc","Warcry"],"picked":"Feel No Pain","floor":13},{"not_picked":["Bludgeon","Brutality"],"picked":"Reaper","floor":16},{"not_picked":["Carnage","Body Slam"],"picked":"Intimidate","floor":18},{"not_picked":["Flex","Combust","Thunderclap"],"picked":"SKIP","floor":20}],"player_experience":412773,"relics_obtained":[{"floor":9,"key":"Pantograph"},{"floor":11,"key":"Self Forming Clay"}],"event_choices":[{"damage_healed":0,"gold_gain":0,"player_choice":"Gave Potion","damage_taken":0,"relics_obtained":["Nunchaku"],"max_hp_gain":0,"max_hp_loss":0,"event_name":"WeMeetAgain","floor":2,"gold_loss":0},{"cards_removed":["Strike_R"],"damage_healed":0,"gold_gain":0,"player_choice":"Forget","damage_taken":0,"max_hp_gain":0,"max_hp_loss":0,"event_name":"Living Wall","floor":7,"gold_loss":0}],"is_beta":false,"boss_relics":[{"not_picked":["Mark of Pain","Black Blood"],"picked":"Empty Cage"}],"items_purged_floors":[3],"is_endless":false,"potions_floor_spawned":[1,13,16,18],"killed_by":"Snecko","ascension_level":18}