{"gold_per_floor":[127,154,166,198,225,237,283,306,318,365,377,318,46,59,59,159,159,170,190,202,218,218,251,251,278,333,362,378,388,14,47,47,148,148,161,174,73,93,93,93,104,204,204,218,218,218,234,252,252,252],"floor_reached":51,"playtime":3798,"items_purged":["Defend_R"],"score":829,"play_id":"0a89ebd3-de5c-4af9-8e31-3d1e67e7f8c9","local_time":"20190202035756","is_ascension_mode":true,"campfire_choices":[{"data":"Perfected Strike","floor":6.0,"key":"SMITH"},{"data":"Bash","floor":11.0,"key":"SMITH"},{"data":"Limit Break","floor":15.0,"key":"SMITH"},{"data":"Perfected Strike","floor":24.0,"key":"SMITH"},{"floor":32.0,"key":"REST"},{"data":"Seeing Red","floor":40.0,"key":"SMITH"},{"floor":45.0,"key":"REST"},{"floor":49.0,"key":"REST"}],"neow_cost":"NONE","seed_source_timestamp":135459495695582,"circlet_count":0,"master_deck":["Strike_R","Strike_R","Strike_R","Strike_R","Strike_R","Defend_R","Defend_R","Defend_R","Bash+1","Wild Strike","Whirlwind","Pommel Strike","Perfected Strike+1","Flex","Wild Strike","Flex","Perfected Strike+1","Limit Break+1","Feed","Pommel Strike","Spot Weakness+1","Intimidate","Bludgeon","Seeing Red+1","Flex","Wild Strike","Warcry","Shrug It Off","Barricade","Warcry","Perfected Strike+1","True Grit+1","Flex","Flex+1","Shrug It Off+1","Infernal Blade+1"],"special_seed":0,"relics":["Burning Blood","MawBank","Centennial Puzzle","Vajra","Ornamental Fan","TheAbacus","Velvet Choker","Matryoshka","Lantern","Potion Belt","Pen Nib","Omamori","Bronze Scales","Sling","Bird Faced Urn","Lizard Tail","Nunchaku","Blood Vial","Toxic Egg 2"],"potions_floor_usage":[50,50,50,50],"damage_taken":[{"damage":3.0,"enemies":"Small Slimes","floor":1.0,"turns":5.0},{"damage":10.0,"enemies":"Cultist","floor":2.0,"turns":4.0},{"damage":0.0,"enemies":"2 Louse","floor":4.0,"turns":1.0},{"damage":8.0,"enemies":"2 Fungi Beasts","floor":5.0,"turns":3.0},{"damage":18.0,"enemies":"3 Sentries","floor":7.0,"turns":4.0},{"damage":7.0,"enemies":"3 Louse","floor":8.0,"turns":3.0},{"damage":19.0,"enemies":"Lagavulin","floor":10.0,"turns":4.0},{"damage":6.0,"enemies":"Looter","floor":14.0,"turns":2.0},{"damage":42.0,"enemies":"Hexaghost","floor":16.0,"turns":7.0},{"damage":10.0,"enemies":"3 Byrds","floor":18.0,"turns":4.0},{"damage":1.0,"enemies":"Shell Parasite","floor":19.0,"turns":2.0},{"damage":15.0,"enemies":"Centurion and Healer","floor":20.0,"turns":4.0},{"damage":3.0,"enemies":"Snecko","floor":21.0,"turns":3.0},{"damage":19.0,"enemies":"Gremlin Leader","floor":23.0,"turns":4.0},{"damage":21.0,"enemies":"Book of Stabbing","floor":25.0,"turns":3.0},{"damage":16.0,"enemies":"Slavers","floor":27.0,"turns":2.0},{"damage":6.0,"enemies":"Shelled Parasite and Fungi","floor":28.0,"turns":2.0},{"damage":4.0,"enemies":"Centurion and Healer","floor":29.0,"turns":3.0},{"damage":18.0,"enemies":"Gremlin Leader","floor":31.0,"turns":3.0},{"damage":86.0,"enemies":"Champ","floor":33.0,"turns":8.0},{"damage":3.0,"enemies":"3 Shapes","floor":35.0,"turns":2.0},{"damage":13.0,"enemies":"3 Darklings","floor":36.0,"turns":6.0},{"damage":26.0,"enemies":"Writhing Mass","floor":38.0,"turns":4.0},{"damage":26.0,"enemies":"Spire Growth","floor":41.0,"turns":3.0},{"damage":30.0,"enemies":"Mind Bloom Boss Battle","floor":42.0,"turns":5.0},{"damage":12.0,"enemies":"3 Darklings","floor":44.0,"turns":6.0},{"damage":2.0,"enemies":"Sphere and 2 Shapes","floor":47.0,"turns":2.0},{"damage":31.0,"enemies":"Spire Growth","floor":48.0,"turns":4.0},{"damage":76,"enemies":"Time Eater","floor":50,"turns":8}],"seed_played":"-5189800735466053220","potions_obtained":[{"floor":3.0,"key":"GamblersBrew"},{"floor":3.0,"key":"FairyPotion"},{"floor":3.0,"key":"Dexterity Potion"},{"floor":4.0,"key":"SkillPotion"},{"floor":16.0,"key":"Weak Potion"},{"floor":18.0,"key":"AttackPotion"},{"floor":20.0,"key":"Strength Potion"},{"floor":25.0,"key":"SteroidPotion"},{"floor":27.0,"key":"LiquidBronze"},{"floor":36.0,"key":"Ancient Potion"},{"floor":38.0,"key":"Dexterity Potion"},{"floor":42.0,"key":"Dexterity Potion"},{"floor":48.0,"key":"SpeedPotion"}],"is_trial":false,"path_per_floor":["?","M","?","M","T","M","?","?","?"],"character_chosen":"IRONCLAD","items_purchased":["Flex","Perfected Strike","TheAbacus","Sling","Poison Potion","SpeedPotion","Block Potion","SteroidPotion"],"campfire_rested":3,"item_purchase_floors":[13,13,13,30,30,30,37,37],"current_hp_per_floor":[80,76,76,80,78,78,66,65,65,52,52,52,52,52,52,16,80,76,80,74,80,80,67,67,55,55,48,51,53,53,44,73,15,98,101,94,94,77,77,77,57,36,36,32,64,64,70,47,79,11],"gold":252,"neow_bonus":"RANDOM_COMMON_RELIC","is_prod":false,"is_daily":false,"chose_seed":false,"campfire_upgraded":5,"win_rate":0,"timestamp":1549076276,"path_taken":["M","M","?","M","?","R","E","M","T","E","R","?","$","M","R","BOSS","M","?","M","M","?","E","R","E","T","E","?","M","$","E","R","BOSS","M","M","$","M","?","R","M","?","T","M","R","?","M","M","R","BOSS"],"build_version":"2019-01-23","purchased_purges":1,"victory":true,"max_hp_per_floor":[80,80,80,80,80,80,80,80,80,80,80,80,80,80,80,80,80,80,80,83,86,86,86,86,89,89,92,95,95,95,98,98,98,98,101,101,101,104,104,104,104,107,107,107,107,107,107,107,107,107],"card_choices":[{"not_picked":["Twin Strike","True Grit"],"picked":"Wild Strike","floor":1.0},{"not_picked":["Blood for Blood","Warcry"],"picked":"Whirlwind","floor":2.0},{"not_picked":["Corruption","Power Through"],"picked":"Pommel Strike","floor":4.0},{"not_picked":["Twin Strike","True Grit"],"picked":"Perfected Strike","floor":5.0},{"not_picked":["Pummel","Wild Strike"],"picked":"Flex","floor":7.0},{"not_picked":["Warcry","Feel No Pain"],"picked":"Wild Strike","floor":8.0},{"not_picked":["Havoc","Searing Blow","Sever Soul"],"picked":"SKIP","floor":10.0},{"not_picked":["Warcry","Infernal Blade"],"picked":"Limit Break","floor":14.0},{"not_picked":["Bludgeon","Berserk"],"picked":"Feed","floor":16.0},{"not_picked":["Sever Soul+1","Carnage"],"picked":"Pommel Strike","floor":18.0},{"not_picked":["Blood for Blood+1","Rampage"],"picked":"Spot Weakness+1","floor":19.0},{"not_picked":["Ghostly Armor","Rupture+1","Corruption"],"picked":"SKIP","floor":20.0},{"not_picked":["Clothesline","Sword Boomerang+1"],"picked":"Intimidate","floor":21.0},{"not_picked":["Sword Boomerang","Anger"],"picked":"Bludgeon","floor":23.0},{"not_picked":["Pummel","Perfected Strike"],"picked":"Seeing Red","floor":25.0},{"not_picked":["Body Slam+1","Dropkick"],"picked":"Flex","floor":27.0},{"not_picked":["Burning Pact","Hemokinesis+1"],"picked":"Wild Strike","floor":28.0},{"not_picked":["Headbutt","Wild Strike+1"],"picked":"Warcry","floor":29.0},{"not_picked":["Sword Boomerang","Limit Break"],"picked":"Shrug It Off","floor":31.0},{"not_picked":["Limit Break","Brutality"],"picked":"Barricade","floor":33.0},{"not_picked":["Twin Strike","Havoc+1"],"picked":"Warcry","floor":35.0},{"not_picked":["Spot Weakness","Sentinel+1"],"picked":"Perfected Strike+1","floor":36.0},{"not_picked":["Dropkick+1","Cleave+1"],"picked":"True Grit+1","floor":38.0},{"not_picked":["Searing Blow","Twin Strike"],"picked":"Metallicize+1","floor":41.0},{"not_picked":["Spot Weakness+1","Twin Strike+1"],"picked":"Flex","floor":42.0},{"not_picked":["Bloodletting+1","Sword Boomerang+1"],"picked":"Flex+1","floor":44.0},{"not_picked":["Rampage+1","Perfected Strike"],"picked":"Shrug It Off+1","floor":47.0},{"not_picked":["Exhume+1","Cleave"],"picked":"Infernal Blade+1","floor":48.0}],"player_experience":136019,"relics_obtained":[{"floor":7.0,"key":"Centennial Puzzle"},{"floor":10.0,"key":"Vajra"},{"floor":22.0,"key":"Matryoshka"},{"floor":23.0,"key":"Lantern"},{"floor":25.0,"key":"Potion Belt"},{"floor":26.0,"key":"Pen Nib"},{"floor":26.0,"key":"Omamori"},{"floor":27.0,"key":"Bronze Scales"},{"floor":31.0,"key":"Bird Faced Urn"},{"floor":42.0,"key":"Nunchaku"},{"floor":43.0,"key":"Blood Vial"},{"floor":43.0,"key":"Toxic Egg 2"}],"event_choices":[{"damage_healed":0.0,"max_hp_gain":0.0,"max_hp_loss":0.0,"gold_gain":0.0,"event_name":"Lab","player_choice":"Got Potions","floor":3.0,"gold_loss":0.0,"damage_taken":0.0},{"damage_healed":0.0,"max_hp_gain":0.0,"max_hp_loss":0.0,"gold_gain":0.0,"event_name":"WeMeetAgain","player_choice":"Paid Gold","floor":12.0,"gold_loss":71.0,"damage_taken":0.0,"relics_obtained":["Ornamental Fan"]},{"damage_healed":0.0,"max_hp_gain":0.0,"max_hp_loss":0.0,"gold_gain":0.0,"event_name":"Mysterious Sphere","player_choice":"Ignored","floor":39.0,"gold_loss":0.0,"damage_taken":0.0},{"damage_healed":0.0,"max_hp_gain":0.0,"max_hp_loss":0.0,"gold_gain":0.0,"event_name":"MindBloom","player_choice":"Fight","floor":42.0,"gold_loss":0.0,"damage_taken":0.0},{"cards_removed":["Metallicize"],"damage_healed":0.0,"max_hp_gain":0.0,"max_hp_loss":0.0,"gold_gain":0.0,"event_name":"Falling","player_choice":"Removed Power","floor":46.0,"gold_loss":0.0,"damage_taken":0.0}],"is_beta":false,"boss_relics":[{"not_picked":["Black Blood","Runic Dome"],"picked":"Velvet Choker"},{"not_picked":["Calling Bell","Coffee Dripper"],"picked":"Lizard Tail"}],"items_purged_floors":[30],"is_endless":false,"potions_floor_spawned":[4,7,16,18,20,21,25,27,36,38,42,48],"ascension_level":1}