{"gold_per_floor":[111,82,98,173,173,206,356,356,407,407,436,449,463,71,71,148,148,166,184,26,26,26,26,26,38,38,38],"floor_reached":27,"playtime":1539,"items_purged":["Doubt"],"score":464,"play_id":"6f9a2ded-ebe8-4543-ac3e-f36ccf6568f7","local_time":"20190121173602","is_ascension_mode":true,"campfire_choices":[{"data":"Bash","floor":8,"key":"SMITH"},{"data":"Body Slam","floor":15,"key":"SMITH"},{"data":"Whirlwind","floor":23,"key":"SMITH"}],"neow_cost":"NONE","seed_source_timestamp":949667186531406,"circlet_count":0,"master_deck":["AscendersBane","Strike_R","Strike_R","Defend_R","Defend_R","Defend_R+1","Defend_R","Bash+1","Evolve","Shrug It Off+1","Iron Wave","Spot Weakness","Wild Strike","Body Slam+1","Whirlwind+1","Barricade","Shockwave+1","Spot Weakness+1","Clothesline+1","Inflame","Shame","RitualDagger"],"relics":["Burning Blood","NeowsBlessing","Letter Opener","Red Skull","Potion Belt","Mummified Hand","Astrolabe","Happy Flower","Incense Burner","Dodecahedron"],"potions_floor_usage":[11,11,16,19],"damage_taken":[{"damage":0,"enemies":"Jaw Worm","floor":1,"turns":1},{"damage":0,"enemies":"2 Louse","floor":3,"turns":2},{"damage":0,"enemies":"Lagavulin","floor":6,"turns":2},{"damage":15,"enemies":"3 Sentries","floor":11,"turns":8},{"damage":0,"enemies":"Small Slimes","floor":12,"turns":4},{"damage":13,"enemies":"Blue Slaver","floor":13,"turns":4},{"damage":40,"enemies":"Hexaghost","floor":16,"turns":11},{"damage":23,"enemies":"Shell Parasite","floor":18,"turns":5},{"damage":17,"enemies":"2 Thieves","floor":19,"turns":4},{"damage":35,"enemies":"Centurion and Healer","floor":25,"turns":6},{"damage":19,"enemies":"Slavers","floor":27,"turns":1}],"seed_played":"-6391982853751919684","potions_obtained":[{"floor":1,"key":"PowerPotion"},{"floor":3,"key":"AttackPotion"},{"floor":13,"key":"Regen Potion"},{"floor":18,"key":"AttackPotion"}],"is_trial":false,"path_per_floor":["M","$","M","?","$","E","?","R","T","?","E","M","M","$","R","B",null,"M","M","$","?","?","R","?","M","T","E"],"character_chosen":"IRONCLAD","items_purchased":["Shrug It Off","Mummified Hand","Whirlwind","Happy Flower"],"campfire_rested":0,"item_purchase_floors":[2,14,14,20],"current_hp_per_floor":[74,74,75,64,64,70,70,70,70,47,38,44,37,37,37,18,61,44,33,33,33,27,27,42,13,13,0],"gold":38,"neow_bonus":"THREE_ENEMY_KILL","is_prod":false,"is_daily":false,"chose_seed":false,"campfire_upgraded":3,"win_rate":0,"timestamp":1548120962,"path_taken":["M","$","M","?","$","E","?","R","T","?","E","M","M","?","R","BOSS","M","M","?","?","?","R","?","M","T","E"],"build_version":"2019-01-17v2","purchased_purges":1,"victory":false,"max_hp_per_floor":[75,75,75,75,75,75,75,75,75,75,75,75,75,75,75,75,75,75,75,75,75,75,75,75,75,75,75],"card_choices":[{"not_picked":["Rampage","Reckless Charge"],"picked":"Evolve","floor":1},{"not_picked":["Pommel Strike","Anger"],"picked":"Iron Wave","floor":3},{"not_picked":["Second Wind","Corruption"],"picked":"Spot Weakness","floor":6},{"not_picked":["Cleave","Fiend Fire"],"picked":"Wild Strike","floor":11},{"not_picked":["Blood for Blood","Anger","Warcry"],"picked":"SKIP","floor":12},{"not_picked":["Intimidate","Cleave"],"picked":"Body Slam","floor":13},{"not_picked":["Reaper","Brutality"],"picked":"Barricade","floor":16},{"not_picked":["Body Slam","Warcry","Heavy Blade"],"picked":"SKIP","floor":18},{"not_picked":["Wild Strike","Sever Soul+1"],"picked":"Inflame","floor":19},{"not_picked":["Rage","Thunderclap","Iron Wave"],"picked":"SKIP","floor":25}],"player_experience":458529,"relics_obtained":[{"floor":6,"key":"Letter Opener"},{"floor":9,"key":"Red Skull"},{"floor":11,"key":"Potion Belt"},{"floor":26,"key":"Dodecahedron"}],"event_choices":[{"damage_healed":0,"gold_gain":75,"player_choice":"Gather Gold","damage_taken":11,"max_hp_gain":0,"max_hp_loss":0,"event_name":"World of Goop","floor":4,"gold_loss":0},{"damage_healed":0,"gold_gain":150,"player_choice":"AGREE","damage_taken":0,"max_hp_gain":0,"max_hp_loss":0,"event_name":"Liars Game","floor":7,"gold_loss":0,"cards_obtained":["Doubt"]},{"damage_healed":0,"gold_gain":0,"player_choice":"Entered Light","damage_taken":23,"max_hp_gain":0,"max_hp_loss":0,"event_name":"Shining Light","floor":10,"gold_loss":0,"cards_upgraded":["Defend_R","Shrug It Off"]},{"damage_healed":0,"gold_gain":0,"player_choice":"Stole Relic","damage_taken":0,"relics_obtained":["Incense Burner"],"max_hp_gain":0,"max_hp_loss":0,"event_name":"Addict","floor":21,"gold_loss":0,"cards_obtained":["Shame"]},{"damage_healed":0,"gold_gain":0,"player_choice":"Joined the Cult","damage_taken":6,"max_hp_gain":0,"max_hp_loss":0,"event_name":"Nest","floor":22,"gold_loss":0,"cards_obtained":["RitualDagger"]},{"damage_healed":15,"gold_gain":0,"player_choice":"Heal","damage_taken":0,"max_hp_gain":0,"max_hp_loss":0,"event_name":"The Library","floor":24,"gold_loss":0}],"is_beta":false,"boss_relics":[{"not_picked":["Tiny House","Runic Cube"],"picked":"Astrolabe"}],"items_purged_floors":[14],"is_endless":false,"potions_floor_spawned":[1,3,13,18],"killed_by":"Slavers","ascension_level":18}