{"gold_per_floor":[115,115,145,48,48,77,77,109,134,134,144,169,185,260,260,334,334,345,178,193,209,209,221,264,276,315,327,20,20,20,31,31,106,106,117,217,230,249,31,31,65,65,65,65,75,75,101,134,134,134,134,134,31,62,62],"floor_reached":56,"playtime":6253,"items_purged":["Writhe"],"score":2530,"play_id":"8292a7b2-6207-4cd5-8ea4-2b3876e12963","local_time":"20190125005711","is_ascension_mode":true,"campfire_choices":[{"data":"Anger","floor":7,"key":"SMITH"},{"data":"Power Through","floor":10,"key":"SMITH"},{"floor":15,"key":"REST"},{"data":"Corruption","floor":23,"key":"SMITH"},{"data":"Shockwave","floor":25,"key":"SMITH"},{"data":"Bandage Up","floor":29,"key":"SMITH"},{"data":"Feed","floor":32,"key":"SMITH"},{"data":"True Grit","floor":40,"key":"SMITH"},{"data":"Warcry","floor":42,"key":"SMITH"},{"floor":44,"key":"RECALL"},{"data":"Impervious","floor":46,"key":"SMITH"},{"data":"Impervious","floor":49,"key":"SMITH"},{"data":"Burning Pact","floor":52,"key":"SMITH"}],"neow_cost":"NONE","seed_source_timestamp":1230548179100737,"circlet_count":0,"master_deck":["AscendersBane","Bash","Anger+1","Bandage Up+1","Power Through+1","Ghostly Armor","Shrug It Off","Impervious+1","Pummel","Feed+1","Spot Weakness","Burning Pact+1","Shrug It Off","Headbutt+1","Sword Boomerang+1","Corruption+1","Shockwave+1","Infernal Blade","Seeing Red","Feel No Pain+1","Impervious+1","Seeing Red+1","Body Slam+1","Warcry+1","True Grit+1","Entrench","Evolve+1","Warcry","Body Slam"],"relics":["Burning Blood","NeowsBlessing","Tiny Chest","Shuriken","Dead Branch","Bronze Scales","Gremlin Horn","Pandora\u0027s Box","MawBank","Blood Vial","Bag of Marbles","Happy Flower","Snecko Eye","Charon\u0027s Ashes","OrangePellets","Whetstone","Oddly Smooth Stone","Pantograph","Bag of Preparation"],"potions_floor_usage":[12,12,38,54],"damage_taken":[{"damage":0,"enemies":"Small Slimes","floor":1,"turns":1},{"damage":0,"enemies":"3 Sentries","floor":6,"turns":2},{"damage":0,"enemies":"Lagavulin","floor":8,"turns":1},{"damage":9,"enemies":"2 Louse","floor":11,"turns":2},{"damage":19,"enemies":"Gremlin Nob","floor":12,"turns":4},{"damage":17,"enemies":"Cultist","floor":13,"turns":4},{"damage":27,"enemies":"Hexaghost","floor":16,"turns":8},{"damage":1,"enemies":"Spheric Guardian","floor":18,"turns":4},{"damage":10,"enemies":"3 Byrds","floor":20,"turns":2},{"damage":0,"enemies":"Cultist and Chosen","floor":21,"turns":5},{"damage":0,"enemies":"Gremlin Leader","floor":24,"turns":3},{"damage":0,"enemies":"Sentry and Sphere","floor":31,"turns":2},{"damage":3,"enemies":"Champ","floor":33,"turns":4},{"damage":6,"enemies":"Orb Walker","floor":35,"turns":1},{"damage":3,"enemies":"Mind Bloom Boss Battle","floor":36,"turns":3},{"damage":3,"enemies":"3 Darklings","floor":37,"turns":2},{"damage":0,"enemies":"Spire Growth","floor":38,"turns":4},{"damage":6,"enemies":"Giant Head","floor":41,"turns":5},{"damage":0,"enemies":"4 Shapes","floor":45,"turns":1},{"damage":0,"enemies":"Nemesis","floor":48,"turns":5},{"damage":6,"enemies":"Time Eater","floor":50,"turns":3},{"damage":33,"enemies":"Shield and Spear","floor":54,"turns":5},{"damage":7,"enemies":"The Heart","floor":55,"turns":3}],"seed_played":"-6420201893688525643","potions_obtained":[{"floor":6,"key":"FearPotion"},{"floor":11,"key":"EssenceOfSteel"},{"floor":16,"key":"Ancient Potion"},{"floor":20,"key":"Poison Potion"},{"floor":31,"key":"FearPotion"},{"floor":36,"key":"Block Potion"},{"floor":41,"key":"Fire Potion"},{"floor":54,"key":"SkillPotion"}],"is_trial":false,"path_per_floor":["M","?","?","$","?","E","R","E","T","R","M","E","M","?","R","B",null,"M","$","M","M","?","R","E","R","T","?","$","R","?","M","R","B",null,"M","?","M","M","$","R","E","R","T","R","M","R","T","E","R","B",null,"R","$","E","B",null],"character_chosen":"IRONCLAD","items_purchased":["Bandage Up","Corruption","Shockwave","Happy Flower","Seeing Red","OrangePellets","PowerPotion","Warcry"],"campfire_rested":1,"item_purchase_floors":[4,19,19,28,28,39,53,53],"current_hp_per_floor":[74,67,41,41,41,51,51,61,61,61,62,53,46,35,57,40,66,75,75,75,75,75,75,75,75,75,54,54,54,54,65,65,76,81,87,87,87,87,87,87,91,91,91,91,91,91,91,91,91,91,91,91,91,80,95],"gold":62,"neow_bonus":"THREE_ENEMY_KILL","is_prod":false,"is_daily":false,"chose_seed":false,"campfire_upgraded":11,"win_rate":0,"timestamp":1548406631,"path_taken":["M","?","?","$","?","E","R","E","T","R","M","E","?","?","R","BOSS","M","$","M","M","?","R","E","R","T","?","$","R","?","M","R","BOSS","M","?","M","M","$","R","E","R","T","R","M","R","?","E","R","BOSS","R","$","E","BOSS"],"build_version":"2019-01-23","purchased_purges":1,"victory":true,"max_hp_per_floor":[75,75,75,75,75,75,75,75,75,75,75,75,75,75,75,75,75,75,75,75,75,75,75,75,75,75,80,80,80,80,83,83,83,83,87,87,87,87,87,87,91,91,91,91,91,91,91,91,91,91,91,91,91,95,95],"card_choices":[{"not_picked":["Searing Blow","Infernal Blade"],"picked":"Anger","floor":1},{"not_picked":["Intimidate","Combust","Brutality"],"picked":"SKIP","floor":6},{"not_picked":["Flex","Headbutt","Searing Blow"],"picked":"SKIP","floor":8},{"not_picked":["Armaments","Spot Weakness"],"picked":"Ghostly Armor","floor":11},{"not_picked":["Anger","Searing Blow","Twin Strike"],"picked":"SKIP","floor":12},{"not_picked":["Blood for Blood","Warcry"],"picked":"Shrug It Off","floor":13},{"not_picked":["Demon Form","Barricade"],"picked":"Impervious","floor":16},{"not_picked":["Clash","Spot Weakness"],"picked":"Sword Boomerang+1","floor":18},{"not_picked":["Wild Strike+1","Clash","Dual Wield"],"picked":"SKIP","floor":20},{"not_picked":["Searing Blow","Intimidate"],"picked":"Infernal Blade","floor":21},{"not_picked":["Anger","Heavy Blade","Power Through"],"picked":"SKIP","floor":24},{"not_picked":["Sword Boomerang","Body Slam"],"picked":"Feel No Pain+1","floor":31},{"not_picked":["Barricade","Feed"],"picked":"Impervious","floor":33},{"not_picked":["Shrug It Off","Havoc"],"picked":"Seeing Red+1","floor":35},{"not_picked":["Anger","Cleave"],"picked":"Body Slam","floor":36},{"not_picked":["Carnage","Twin Strike"],"picked":"Warcry","floor":37},{"not_picked":["Wild Strike","Flex"],"picked":"True Grit","floor":38},{"not_picked":["Ghostly Armor","Battle Trance"],"picked":"Entrench","floor":41},{"not_picked":["Pommel Strike","Thunderclap","Cleave"],"picked":"SKIP","floor":45},{"not_picked":["Headbutt","Juggernaut"],"picked":"Evolve+1","floor":48},{"not_picked":["Warcry","Clash"],"picked":"Body Slam","floor":54}],"player_experience":483332,"relics_obtained":[{"floor":6,"key":"Shuriken"},{"floor":8,"key":"Dead Branch"},{"floor":9,"key":"Bronze Scales"},{"floor":12,"key":"Gremlin Horn"},{"floor":24,"key":"Blood Vial"},{"floor":26,"key":"Bag of Marbles"},{"floor":36,"key":"Charon\u0027s Ashes"},{"floor":41,"key":"Whetstone"},{"floor":47,"key":"Oddly Smooth Stone"},{"floor":48,"key":"Pantograph"},{"floor":54,"key":"Bag of Preparation"}],"event_choices":[{"cards_removed":["Strike_R"],"damage_healed":0,"gold_gain":0,"player_choice":"Card Removal","damage_taken":7,"max_hp_gain":0,"max_hp_loss":0,"event_name":"Golden Wing","floor":2,"gold_loss":0},{"damage_healed":0,"gold_gain":0,"player_choice":"Success","damage_taken":26,"relics_obtained":["Tiny Chest"],"max_hp_gain":0,"max_hp_loss":0,"event_name":"Scrap Ooze","floor":3,"gold_loss":0},{"damage_healed":0,"gold_gain":0,"cards_transformed":["Strike_R"],"player_choice":"Transformed","damage_taken":0,"max_hp_gain":0,"max_hp_loss":0,"event_name":"Transmorgrifier","floor":5,"gold_loss":0,"cards_obtained":["Power Through"]},{"damage_healed":0,"gold_gain":75,"player_choice":"Gather Gold","damage_taken":11,"max_hp_gain":0,"max_hp_loss":0,"event_name":"World of Goop","floor":14,"gold_loss":0},{"damage_healed":0,"gold_gain":0,"player_choice":"Opened","damage_taken":0,"relics_obtained":["MawBank"],"max_hp_gain":0,"max_hp_loss":0,"event_name":"The Mausoleum","floor":22,"gold_loss":0,"cards_obtained":["Writhe"]},{"damage_healed":0,"gold_gain":0,"player_choice":"Shed Blood","damage_taken":26,"max_hp_gain":5,"max_hp_loss":0,"event_name":"Forgotten Altar","floor":27,"gold_loss":0},{"cards_removed":["Searing Blow"],"damage_healed":0,"gold_gain":0,"player_choice":"Elegance","damage_taken":0,"max_hp_gain":0,"max_hp_loss":0,"event_name":"Back to Basics","floor":30,"gold_loss":0},{"damage_healed":0,"gold_gain":0,"player_choice":"Fight","damage_taken":0,"max_hp_gain":0,"max_hp_loss":0,"event_name":"MindBloom","floor":36,"gold_loss":0}],"is_beta":false,"boss_relics":[{"not_picked":["Empty Cage","Tiny House"],"picked":"Pandora\u0027s Box"},{"not_picked":["Velvet Choker","Runic Cube"],"picked":"Snecko Eye"}],"items_purged_floors":[28],"is_endless":false,"potions_floor_spawned":[6,11,16,20,24,31,36,37,41,48,54],"ascension_level":18}