{"gold_per_floor":[109,25,35,35,47,59,71,95,107,130,142,165,188],"floor_reached":13,"playtime":276,"items_purged":[],"score":127,"play_id":"93b91707-a0ee-4e0e-8eab-7807ca0f88b4","local_time":"20181202225336","is_ascension_mode":true,"campfire_choices":[{"data":"Bash","floor":6,"key":"SMITH"}],"neow_cost":"NONE","seed_source_timestamp":29774271905985,"circlet_count":0,"master_deck":["AscendersBane","Strike_R","Strike_R","Strike_R","Strike_R","Defend_R","Defend_R","Defend_R","Defend_R","Bash+1","Purity","Thunderclap","Feel No Pain","Armaments","Dropkick","Burning Pact","Warcry","Parasite","Inflame","Cleave"],"relics":["Burning Blood","MawBank","Letter Opener"],"potions_floor_usage":[1,13],"damage_taken":[{"damage":2,"enemies":"2 Louse","floor":1,"turns":4},{"damage":7,"enemies":"Jaw Worm","floor":3,"turns":4},{"damage":10,"enemies":"Small Slimes","floor":8,"turns":4},{"damage":41,"enemies":"Exordium Thugs","floor":10,"turns":7},{"damage":16,"enemies":"Blue Slaver","floor":12,"turns":5},{"damage":26,"enemies":"2 Fungi Beasts","floor":13,"turns":4}],"seed_played":"841452439197350956","potions_obtained":[{"floor":1,"key":"Fruit Juice"},{"floor":3,"key":"Strength Potion"},{"floor":10,"key":"SteroidPotion"},{"floor":12,"key":"Regen Potion"}],"is_trial":false,"path_per_floor":["M","$","M","?","?","R","?","M","T","M","?","M","M"],"character_chosen":"IRONCLAD","items_purchased":["Feel No Pain","Armaments"],"campfire_rested":0,"item_purchase_floors":[2,2],"current_hp_per_floor":[81,81,80,68,68,68,61,57,57,22,43,33,13],"gold":188,"neow_bonus":"RANDOM_COLORLESS","is_prod":false,"is_daily":false,"chose_seed":false,"campfire_upgraded":1,"win_rate":0,"timestamp":1543791216,"path_taken":["M","$","M","?","?","R","?","M","T","?","?","M","M"],"build_version":"2018-11-15","purchased_purges":0,"victory":false,"max_hp_per_floor":[85,85,85,85,85,85,85,85,85,85,85,85,85],"card_choices":[{"not_picked":["True Grit","Carnage"],"picked":"Thunderclap","floor":1},{"not_picked":["Ghostly Armor","Metallicize"],"picked":"Dropkick","floor":3},{"not_picked":["Heavy Blade","Pommel Strike"],"picked":"Burning Pact","floor":8},{"not_picked":["Shrug It Off","Reckless Charge"],"picked":"Warcry","floor":10},{"not_picked":["Brutality","Armaments"],"picked":"Inflame","floor":12},{"not_picked":["Burning Pact","Havoc"],"picked":"Cleave","floor":13}],"player_experience":241353,"relics_obtained":[{"floor":9,"key":"Letter Opener"}],"event_choices":[{"damage_healed":0,"gold_gain":0,"player_choice":"Success","damage_taken":12,"relics_obtained":["MawBank"],"max_hp_gain":0,"max_hp_loss":0,"event_name":"Scrap Ooze","floor":4,"gold_loss":0},{"damage_healed":0,"gold_gain":0,"player_choice":"Leave","damage_taken":0,"max_hp_gain":0,"max_hp_loss":0,"event_name":"The Cleric","floor":5,"gold_loss":0},{"cards_removed":["Strike_R"],"damage_healed":0,"gold_gain":0,"player_choice":"Card Removal","damage_taken":7,"max_hp_gain":0,"max_hp_loss":0,"event_name":"Golden Wing","floor":7,"gold_loss":0},{"damage_healed":21,"gold_gain":0,"player_choice":"Healed and dodged fight","damage_taken":0,"max_hp_gain":0,"max_hp_loss":0,"event_name":"Mushrooms","floor":11,"gold_loss":0,"cards_obtained":["Parasite"]}],"is_beta":false,"boss_relics":[],"items_purged_floors":[],"is_endless":false,"potions_floor_spawned":[1,3,10,12],"killed_by":"2 Fungi Beasts","ascension_level":13}