{"gold_per_floor":[109,120,135,310,323,323,353,24,24,24,24,63,63],"floor_reached":13,"playtime":844,"items_purged":["Doubt"],"score":140,"play_id":"81d66ee8-0a95-4561-bf12-ab097b20ef9a","local_time":"20190130163151","is_ascension_mode":true,"campfire_choices":[{"data":"Zap","floor":6,"key":"SMITH"},{"floor":11,"key":"REST"}],"neow_cost":"TEN_PERCENT_HP_LOSS","seed_source_timestamp":1724106051974493,"circlet_count":0,"master_deck":["AscendersBane","Strike_B","Strike_B","Strike_B","Strike_B","Defend_B","Defend_B","Defend_B","Defend_B","Zap+1","Dualcast","Panacea","Deep Breath","Reinforced Body","Gash","Self Repair","Sunder","Conserve Battery","Injury","Cold Snap+1"],"relics":["Cracked Core","Lantern","Medical Kit","Molten Egg 2","Golden Idol","Dodecahedron"],"potions_floor_usage":[2,12,13],"damage_taken":[{"damage":0,"enemies":"Small Slimes","floor":1,"turns":3},{"damage":0,"enemies":"2 Louse","floor":2,"turns":1},{"damage":1,"enemies":"Cultist","floor":3,"turns":3},{"damage":10,"enemies":"Looter","floor":5,"turns":4},{"damage":45,"enemies":"Lagavulin","floor":7,"turns":7},{"damage":32,"enemies":"Gremlin Nob","floor":12,"turns":5},{"damage":12,"enemies":"3 Louse","floor":13,"turns":2}],"seed_played":"3723438604222684678","potions_obtained":[{"floor":1,"key":"Explosive Potion"},{"floor":5,"key":"EssenceOfSteel"},{"floor":7,"key":"SkillPotion"}],"is_trial":false,"path_per_floor":["M","M","M","?","M","R","E","$","T","?","R","E","M"],"character_chosen":"DEFECT","items_purchased":["Conserve Battery","Medical Kit"],"campfire_rested":1,"item_purchase_floors":[8,8],"current_hp_per_floor":[68,68,67,67,57,57,19,19,19,19,39,7,0],"gold":63,"neow_bonus":"RANDOM_COLORLESS_2","is_prod":false,"is_daily":false,"chose_seed":false,"campfire_upgraded":1,"win_rate":0,"timestamp":1548894711,"path_taken":["M","M","M","?","M","R","E","$","T","?","R","E","M"],"build_version":"2019-01-23","purchased_purges":1,"victory":false,"max_hp_per_floor":[68,68,68,68,68,68,68,68,68,68,68,68,68],"card_choices":[{"not_picked":["Go for the Eyes","Gash"],"picked":"Reinforced Body","floor":1},{"not_picked":["Hello World","Force Field"],"picked":"Gash","floor":2},{"not_picked":["Reprogram","Barrage","Compile Driver"],"picked":"SKIP","floor":3},{"not_picked":["Core Surge","White Noise"],"picked":"Self Repair","floor":5},{"not_picked":["Beam Cell","Cold Snap"],"picked":"Sunder","floor":7},{"not_picked":["Multi-Cast","Beam Cell+1"],"picked":"Cold Snap+1","floor":12}],"player_experience":546616,"relics_obtained":[{"floor":7,"key":"Lantern"},{"floor":9,"key":"Molten Egg 2"},{"floor":12,"key":"Dodecahedron"}],"event_choices":[{"damage_healed":0,"gold_gain":175,"player_choice":"AGREE","damage_taken":0,"max_hp_gain":0,"max_hp_loss":0,"event_name":"Liars Game","floor":4,"gold_loss":0,"cards_obtained":["Doubt"]},{"damage_healed":0,"gold_gain":0,"player_choice":"Take Wound","damage_taken":0,"relics_obtained":["Golden Idol"],"max_hp_gain":0,"max_hp_loss":0,"event_name":"Golden Idol","floor":10,"gold_loss":0,"cards_obtained":["Injury"]}],"is_beta":false,"boss_relics":[],"items_purged_floors":[8],"is_endless":false,"potions_floor_spawned":[1,5,7],"killed_by":"3 Louse","ascension_level":10}