{"gold_per_floor":[117,117,117,16,30,30,95,105,105,117,133,133,144,159,159,259,259,272,291,193,226,226,226,8,8,8,25,25,25,25,36,36,36],"floor_reached":33,"playtime":2932,"items_purged":["Defend_R","Armaments"],"score":237,"play_id":"21a115cf-1f1f-467c-9411-2a62244ed032","local_time":"20190130043121","is_ascension_mode":false,"campfire_choices":[{"data":"Armaments","floor":6,"key":"SMITH"},{"floor":15,"key":"REST"},{"floor":23,"key":"REST"},{"data":"Seeing Red","floor":25,"key":"SMITH"},{"floor":30,"key":"REST"},{"floor":32,"key":"REST"}],"neow_cost":"NONE","seed_source_timestamp":233819611019517,"circlet_count":0,"master_deck":["Strike_R","Strike_R","Strike_R","Defend_R","Defend_R","Defend_R","Bash","Infernal Blade","Heavy Blade+1","Armaments+1","Pommel Strike","Seeing Red+1","Inflame","Reaper","Double Tap","Heavy Blade","Warcry","Rampage","Flex","Battle Trance","Heavy Blade","Warcry+1"],"relics":["Burning Blood","Orichalcum","Pantograph","Question Card","Runic Cube","Red Mask","MutagenicStrength","Toxic Egg 2","Mummified Hand"],"potions_floor_usage":[7,14,14,16,18,31,33,33],"damage_taken":[{"damage":13,"enemies":"Jaw Worm","floor":1,"turns":3},{"damage":9,"enemies":"2 Louse","floor":5,"turns":2},{"damage":58,"enemies":"Lagavulin Event","floor":7,"turns":12},{"damage":2,"enemies":"Small Slimes","floor":8,"turns":3},{"damage":6,"enemies":"Exordium Wildlife","floor":10,"turns":4},{"damage":9,"enemies":"3 Louse","floor":11,"turns":4},{"damage":8,"enemies":"Blue Slaver","floor":13,"turns":4},{"damage":1,"enemies":"Large Slime","floor":14,"turns":6},{"damage":56,"enemies":"The Guardian","floor":16,"turns":11},{"damage":4,"enemies":"Spheric Guardian","floor":18,"turns":3},{"damage":30,"enemies":"2 Thieves","floor":19,"turns":5},{"damage":41,"enemies":"Masked Bandits","floor":21,"turns":6},{"damage":18,"enemies":"Chosen and Byrds","floor":27,"turns":5},{"damage":24,"enemies":"Colosseum Slavers","floor":29,"turns":5},{"damage":9,"enemies":"Snake Plant","floor":31,"turns":2},{"damage":93,"enemies":"Champ","floor":33,"turns":9}],"seed_played":"-5802947650044568782","potions_obtained":[{"floor":5,"key":"Regen Potion"},{"floor":7,"key":"Block Potion"},{"floor":8,"key":"FearPotion"},{"floor":13,"key":"SneckoOil"},{"floor":14,"key":"Strength Potion"},{"floor":18,"key":"GamblersBrew"},{"floor":21,"key":"Ancient Potion"},{"floor":27,"key":"SkillPotion"}],"is_trial":false,"path_per_floor":["?","?","?","?","?","?","T","?","M"],"character_chosen":"IRONCLAD","items_purchased":["Heavy Blade","Armaments","Warcry","Flex","Battle Trance"],"campfire_rested":4,"item_purchase_floors":[4,4,20,24,24],"current_hp_per_floor":[73,66,63,63,60,60,23,27,27,27,24,24,22,36,60,43,80,80,63,63,28,28,52,52,52,52,40,40,22,46,43,67,0],"gold":36,"neow_bonus":"REMOVE_CARD","is_prod":false,"is_daily":false,"chose_seed":false,"campfire_upgraded":2,"win_rate":0.0,"timestamp":1548819081,"path_taken":["M","?","?","$","M","R","?","M","T","M","M","?","M","M","R","BOSS","M","M","$","?","?","R","$","R","T","M","?","?","R","?","R","BOSS"],"build_version":"2019-01-23","purchased_purges":2,"victory":false,"max_hp_per_floor":[80,80,80,80,80,80,80,80,80,80,80,80,80,80,80,80,80,80,80,80,80,80,80,80,80,80,80,80,80,80,80,80,80],"card_choices":[{"not_picked":["Clash","Cleave"],"picked":"Infernal Blade","floor":1},{"not_picked":["Anger","Shrug It Off","Hemokinesis"],"picked":"SKIP","floor":5},{"not_picked":["Twin Strike","Shrug It Off"],"picked":"Pommel Strike","floor":7},{"not_picked":["Corruption","Combust"],"picked":"Seeing Red","floor":8},{"not_picked":["Searing Blow","Body Slam","Sword Boomerang"],"picked":"Inflame","floor":10},{"not_picked":["Sever Soul","Headbutt","Pommel Strike"],"picked":"Armaments","floor":11},{"not_picked":["Iron Wave","Pummel","Flame Barrier"],"picked":"Reaper","floor":13},{"not_picked":["Feel No Pain","Shrug It Off","Body Slam","Anger"],"picked":"SKIP","floor":14},{"not_picked":["Brutality","Bludgeon","Reaper"],"picked":"Double Tap","floor":16},{"not_picked":["Body Slam+1","Warcry+1","Clash"],"picked":"Heavy Blade","floor":18},{"not_picked":["Twin Strike","Cleave+1","Clothesline","Perfected Strike"],"picked":"SKIP","floor":19},{"not_picked":["Pommel Strike","Feel No Pain","Disarm"],"picked":"Rampage","floor":21},{"not_picked":["Thunderclap","Pommel Strike","Pummel"],"picked":"Heavy Blade","floor":27},{"not_picked":["Clothesline+1","Iron Wave","Dark Embrace"],"picked":"Warcry+1","floor":31}],"player_experience":17723,"relics_obtained":[{"floor":9,"key":"Question Card"},{"floor":21,"key":"Red Mask"},{"floor":26,"key":"Toxic Egg 2"},{"floor":28,"key":"Mummified Hand"}],"event_choices":[{"cards_removed":["Strike_R"],"damage_healed":0,"gold_gain":0,"player_choice":"Card Removal","damage_taken":7,"max_hp_gain":0,"max_hp_loss":0,"event_name":"Golden Wing","floor":2,"gold_loss":0},{"damage_healed":0,"gold_gain":0,"player_choice":"Success","damage_taken":3,"relics_obtained":["Orichalcum"],"max_hp_gain":0,"max_hp_loss":0,"event_name":"Scrap Ooze","floor":3,"gold_loss":0},{"damage_healed":0,"gold_gain":0,"player_choice":"Searched \u00272\u0027 times","damage_taken":0,"relics_obtained":["Pantograph"],"max_hp_gain":0,"max_hp_loss":0,"event_name":"Dead Adventurer","floor":7,"gold_loss":0},{"damage_healed":0,"gold_gain":0,"player_choice":"Grow","damage_taken":0,"max_hp_gain":0,"max_hp_loss":0,"event_name":"Living Wall","floor":12,"gold_loss":0,"cards_upgraded":["Heavy Blade"]},{"damage_healed":0,"gold_gain":0,"player_choice":"Fought Bandits","damage_taken":0,"max_hp_gain":0,"max_hp_loss":0,"event_name":"Masked Bandits","floor":21,"gold_loss":0},{"damage_healed":0,"gold_gain":0,"player_choice":"Inject Mutagens","damage_taken":0,"relics_obtained":["MutagenicStrength"],"max_hp_gain":0,"max_hp_loss":0,"event_name":"Drug Dealer","floor":22,"gold_loss":0},{"damage_healed":0,"gold_gain":0,"player_choice":"Fight","damage_taken":0,"max_hp_gain":0,"max_hp_loss":0,"event_name":"Colosseum","floor":29,"gold_loss":0},{"damage_healed":0,"gold_gain":0,"player_choice":"Fled From Nobs","damage_taken":0,"max_hp_gain":0,"max_hp_loss":0,"event_name":"Colosseum","floor":29,"gold_loss":0}],"is_beta":false,"boss_relics":[{"not_picked":["Cursed Key","Eternal Feather"],"picked":"Runic Cube"}],"items_purged_floors":[20,24],"is_endless":false,"potions_floor_spawned":[5,7,8,13,14,18,21,27],"killed_by":"Champ","ascension_level":0}