{"gold_per_floor":[117,135,153,165,179,179,179,28,55,55,55,72,72,100,100,197,197,207,307,307,22,32,32,44,74,101,101,120,120,145,244,244,343,343,362,362,88,88,112,112,112,112,112,112,130,57,72,82,82,82],"floor_reached":51,"playtime":5604,"items_purged":["Parasite","Regret","Writhe"],"score":1135,"play_id":"fd5b1ba8-96b2-4c22-a964-31776578401d","local_time":"20190117013754","is_ascension_mode":true,"campfire_choices":[{"data":"Catalyst","floor":6,"key":"SMITH"},{"data":"Burst","floor":13,"key":"SMITH"},{"data":"Footwork","floor":15,"key":"SMITH"},{"floor":23,"key":"REST"},{"data":"Leg Sweep","floor":27,"key":"SMITH"},{"data":"Neutralize","floor":29,"key":"SMITH"},{"data":"Bouncing Flask","floor":32,"key":"SMITH"},{"data":"Noxious Fumes","floor":40,"key":"SMITH"},{"data":"Panacea","floor":42,"key":"SMITH"},{"data":"Bouncing Flask","floor":44,"key":"SMITH"},{"data":"Glass Knife","floor":49,"key":"SMITH"}],"neow_cost":"NONE","seed_source_timestamp":542484918219629,"circlet_count":0,"master_deck":["Defend_G","Defend_G","Defend_G","Defend_G","Defend_G","Strike_G","Strike_G+1","Survivor","Neutralize+1","Catalyst+1","Bouncing Flask+1","Backstab","Footwork+1","Burst+1","Bouncing Flask+1","Glass Knife+1","Leg Sweep+1","Bandage Up","Backflip","PiercingWail","Blur","Escape Plan+1","Decay","Crippling Poison+1","Noxious Fumes+1","Panacea+1","Blur+1","Backflip"],"relics":["Ring of the Snake","Omamori","Dream Catcher","Oddly Smooth Stone","Sozu","Bird Faced Urn","Gremlin Horn","Happy Flower","Boot","Whetstone","Kunai","Calling Bell","Smiling Mask","Letter Opener","Unceasing Top","Juzu Bracelet","Art of War","Peace Pipe"],"potions_floor_usage":[12,14,25,28],"damage_taken":[{"damage":15,"enemies":"Jaw Worm","floor":1,"turns":7},{"damage":0,"enemies":"2 Louse","floor":2,"turns":4},{"damage":1,"enemies":"Small Slimes","floor":3,"turns":3},{"damage":5,"enemies":"2 Fungi Beasts","floor":4,"turns":5},{"damage":0,"enemies":"Blue Slaver","floor":5,"turns":4},{"damage":1,"enemies":"Exordium Wildlife","floor":12,"turns":4},{"damage":26,"enemies":"3 Sentries","floor":14,"turns":14},{"damage":0,"enemies":"The Guardian","floor":16,"turns":4},{"damage":4,"enemies":"3 Byrds","floor":18,"turns":4},{"damage":5,"enemies":"Colosseum Slavers","floor":19,"turns":5},{"damage":16,"enemies":"Colosseum Nobs","floor":19,"turns":5},{"damage":14,"enemies":"Chosen","floor":22,"turns":5},{"damage":6,"enemies":"Snake Plant","floor":24,"turns":3},{"damage":3,"enemies":"Gremlin Leader","floor":25,"turns":9},{"damage":0,"enemies":"Cultist and Chosen","floor":28,"turns":5},{"damage":0,"enemies":"Book of Stabbing","floor":30,"turns":7},{"damage":0,"enemies":"Champ","floor":33,"turns":8},{"damage":22,"enemies":"3 Darklings","floor":35,"turns":6},{"damage":0,"enemies":"3 Shapes","floor":45,"turns":3},{"damage":0,"enemies":"Writhing Mass","floor":47,"turns":1},{"damage":5,"enemies":"4 Shapes","floor":48,"turns":6},{"damage":55,"enemies":"Awakened One","floor":50,"turns":16}],"seed_played":"7457305135059925573","potions_obtained":[{"floor":1,"key":"GhostInAJar"},{"floor":2,"key":"Block Potion"},{"floor":5,"key":"Block Potion"},{"floor":14,"key":"AttackPotion"}],"is_trial":false,"path_per_floor":["M","M","M","M","M","R","?","$","T","?","?","M","R","E","R","B",null,"M","?","?","$","M","R","M","E","T","R","M","R","E","?","R","B",null,"M","?","$","?","T","R","?","R","T","R","M","$","M","M","R","B",null],"character_chosen":"THE_SILENT","items_purchased":["Footwork","Happy Flower","Bandage Up","Backflip","Juzu Bracelet","Noxious Fumes","Backflip"],"campfire_rested":1,"item_purchase_floors":[8,21,21,21,37,37,46],"current_hp_per_floor":[48,48,47,42,42,42,59,59,59,59,52,51,51,25,25,25,57,53,32,20,20,12,33,33,36,36,36,42,42,48,48,48,54,68,50,50,50,68,68,68,68,68,68,68,70,70,70,69,69,20],"gold":82,"neow_bonus":"REMOVE_CARD","is_prod":false,"is_daily":false,"chose_seed":false,"campfire_upgraded":10,"win_rate":0,"timestamp":1547717874,"path_taken":["M","M","M","M","M","R","?","$","T","?","?","M","R","E","R","BOSS","M","?","?","?","M","R","M","E","T","R","M","R","E","?","R","BOSS","M","?","$","?","?","R","?","R","T","R","M","$","M","M","R","BOSS"],"build_version":"2019-01-10","purchased_purges":3,"victory":true,"max_hp_per_floor":[70,70,70,70,70,70,70,67,67,67,67,67,67,67,67,67,67,67,67,72,72,72,72,72,72,72,72,72,72,72,72,72,72,72,72,72,72,72,72,72,72,72,72,72,72,72,72,72,72,72],"card_choices":[{"not_picked":["Infinite Blades","Skewer"],"picked":"Catalyst","floor":1},{"not_picked":["Backflip","Blade Dance"],"picked":"Bouncing Flask","floor":2},{"not_picked":["Dagger Spray","Concentrate","Underhanded Strike"],"picked":"SKIP","floor":3},{"not_picked":["Choke","Sucker Punch","Distraction"],"picked":"SKIP","floor":4},{"not_picked":["Prepared","Acrobatics"],"picked":"Backstab","floor":5},{"not_picked":["Infinite Blades","Poisoned Stab"],"picked":"Burst","floor":12},{"not_picked":["Blade Dance","Dagger Throw"],"picked":"Bouncing Flask","floor":14},{"not_picked":["Wraith Form v2","Bullet Time"],"picked":"Glass Knife","floor":16},{"not_picked":["Reflex+1","Quick Slash","Blade Dance+1"],"picked":"SKIP","floor":18},{"not_picked":["Dagger Spray+1","Acrobatics"],"picked":"Leg Sweep","floor":19},{"not_picked":["Flying Knee","Bane"],"picked":"PiercingWail","floor":22},{"not_picked":["Dash+1","PiercingWail"],"picked":"Blur","floor":23},{"not_picked":["Dodge and Roll","Blade Dance","Eviscerate"],"picked":"SKIP","floor":24},{"not_picked":["Flechettes","Predator"],"picked":"Escape Plan+1","floor":25},{"not_picked":["Flechettes","Dagger Spray+1","Blade Dance"],"picked":"SKIP","floor":28},{"not_picked":["Bouncing Flask","Poisoned Stab","Underhanded Strike"],"picked":"SKIP","floor":30},{"not_picked":["Bane+1","Acrobatics+1"],"picked":"Crippling Poison+1","floor":35},{"not_picked":["Bandage Up","Purity"],"picked":"Panacea","floor":41},{"not_picked":["Sucker Punch+1","Deflect+1"],"picked":"Blur+1","floor":45},{"not_picked":["Distraction","Crippling Poison","Dagger Throw"],"picked":"SKIP","floor":47},{"not_picked":["Dodge and Roll","Dagger Spray+1","Sucker Punch+1"],"picked":"SKIP","floor":48}],"player_experience":372988,"relics_obtained":[{"floor":9,"key":"Omamori"},{"floor":14,"key":"Oddly Smooth Stone"},{"floor":19,"key":"Bird Faced Urn"},{"floor":19,"key":"Gremlin Horn"},{"floor":25,"key":"Boot"},{"floor":26,"key":"Whetstone"},{"floor":30,"key":"Kunai"},{"floor":34,"key":"Smiling Mask"},{"floor":34,"key":"Letter Opener"},{"floor":34,"key":"Unceasing Top"},{"floor":39,"key":"Art of War"},{"floor":43,"key":"Peace Pipe"}],"event_choices":[{"damage_healed":17,"gold_gain":0,"player_choice":"Healed and dodged fight","damage_taken":0,"max_hp_gain":0,"max_hp_loss":0,"event_name":"Mushrooms","floor":7,"gold_loss":0,"cards_obtained":["Parasite"]},{"damage_healed":0,"gold_gain":0,"player_choice":"Box","damage_taken":0,"relics_obtained":["Dream Catcher"],"max_hp_gain":0,"max_hp_loss":0,"event_name":"Big Fish","floor":10,"gold_loss":0,"cards_obtained":["Regret"]},{"cards_removed":["Strike_G"],"damage_healed":0,"gold_gain":0,"player_choice":"Card Removal","damage_taken":7,"max_hp_gain":0,"max_hp_loss":0,"event_name":"Golden Wing","floor":11,"gold_loss":0},{"damage_healed":0,"gold_gain":0,"player_choice":"Fight","damage_taken":0,"max_hp_gain":0,"max_hp_loss":0,"event_name":"Colosseum","floor":19,"gold_loss":0},{"damage_healed":0,"gold_gain":0,"player_choice":"Fought Nobs","damage_taken":0,"max_hp_gain":0,"max_hp_loss":0,"event_name":"Colosseum","floor":19,"gold_loss":0},{"damage_healed":0,"gold_gain":0,"player_choice":"Shed Blood","damage_taken":17,"max_hp_gain":5,"max_hp_loss":0,"event_name":"Forgotten Altar","floor":20,"gold_loss":0},{"damage_healed":0,"gold_gain":99,"player_choice":"Stole From Cult","damage_taken":0,"max_hp_gain":0,"max_hp_loss":0,"event_name":"Nest","floor":31,"gold_loss":0},{"cards_removed":["Strike_G"],"damage_healed":0,"gold_gain":0,"player_choice":"Removed Attack","damage_taken":0,"max_hp_gain":0,"max_hp_loss":0,"event_name":"Falling","floor":36,"gold_loss":0},{"damage_healed":18,"gold_gain":0,"player_choice":"Writhe","damage_taken":0,"max_hp_gain":0,"max_hp_loss":0,"event_name":"Winding Halls","floor":38,"gold_loss":0,"cards_obtained":["Writhe"]},{"damage_healed":0,"gold_gain":0,"player_choice":"Memory 1","damage_taken":0,"max_hp_gain":0,"max_hp_loss":0,"event_name":"SensoryStone","floor":41,"gold_loss":0}],"is_beta":false,"boss_relics":[{"not_picked":["HoveringKite","Velvet Choker"],"picked":"Sozu"},{"not_picked":["Snecko Eye","Empty Cage"],"picked":"Calling Bell"}],"items_purged_floors":[8,37,46],"is_endless":false,"potions_floor_spawned":[1,2,5,14,18,19,24,28,35,45,48],"ascension_level":9}