{"gold_per_floor":[109,109,34,54,18,18,46,65,65,79,79,411,411,430,430,535,535,547,251,251,126,146,146,146,171,222,247,259,370,307,81,81,176,176,191,16,16,26,81,81,100,100,171,181,91,103,103,103,103,103],"floor_reached":51,"playtime":1524,"items_purged":["Strike_G","Strike_G","Strike_G","Defend_G","Defend_G"],"score":882,"play_id":"66ce7dc7-0156-4e57-a214-18b1cfeb5efe","local_time":"20181116221229","is_ascension_mode":true,"campfire_choices":[{"data":"Neutralize","floor":6,"key":"SMITH"},{"data":"PiercingWail","floor":13,"key":"SMITH"},{"floor":15,"key":"REST"},{"floor":23,"key":"REST"},{"data":"Impatience","floor":28,"key":"SMITH"},{"data":"Purity","floor":32,"key":"SMITH"},{"data":"Panache","floor":40,"key":"SMITH"},{"data":"A Thousand Cuts","floor":42,"key":"SMITH"},{"floor":49,"key":"REST"}],"neow_cost":"NONE","seed_source_timestamp":12305297983023,"circlet_count":0,"master_deck":["Defend_G+1","Defend_G+1","Survivor+1","Neutralize+1","Neutralize+1","Impatience+1","Heel Hook+1","Well Laid Plans+1","Escape Plan+1","PiercingWail+1","Terror+1","Die Die Die+1","Panache+1","Purity+1","A Thousand Cuts+1","Heel Hook+1"],"relics":["Ring of the Snake","Potion Belt","Gambling Chip","Ninja Scroll","Old Coin","Runic Pyramid","Bird Faced Urn","MawBank","Sozu","Torii","Letter Opener","Mark of the Bloom"],"potions_floor_usage":[7,12,50,50],"damage_taken":[{"damage":8,"enemies":"Jaw Worm","floor":1,"turns":7},{"damage":0,"enemies":"Cultist","floor":4,"turns":4},{"damage":47,"enemies":"Gremlin Nob","floor":7,"turns":6},{"damage":0,"enemies":"2 Louse","floor":8,"turns":2},{"damage":0,"enemies":"Blue Slaver","floor":10,"turns":2},{"damage":14,"enemies":"Lagavulin","floor":12,"turns":6},{"damage":2,"enemies":"Exordium Wildlife","floor":14,"turns":5},{"damage":24,"enemies":"Hexaghost","floor":16,"turns":11},{"damage":10,"enemies":"Shell Parasite","floor":18,"turns":3},{"damage":0,"enemies":"3 Byrds","floor":22,"turns":2},{"damage":5,"enemies":"Gremlin Leader","floor":25,"turns":6},{"damage":0,"enemies":"Centurion and Healer","floor":27,"turns":4},{"damage":14,"enemies":"Collector","floor":33,"turns":5},{"damage":5,"enemies":"3 Darklings","floor":35,"turns":3},{"damage":13,"enemies":"3 Shapes","floor":38,"turns":3},{"damage":14,"enemies":"2 Orb Walkers","floor":39,"turns":3},{"damage":0,"enemies":"Transient","floor":41,"turns":5},{"damage":0,"enemies":"Sphere and 2 Shapes","floor":44,"turns":2},{"damage":8,"enemies":"4 Shapes","floor":46,"turns":2},{"damage":38,"enemies":"Donu and Deca","floor":50,"turns":5}],"seed_played":"2235098841813453083","potions_obtained":[{"floor":4,"key":"Regen Potion"},{"floor":7,"key":"Poison Potion"},{"floor":16,"key":"FearPotion"},{"floor":27,"key":"PowerPotion"}],"is_trial":false,"path_per_floor":["M","?","$","M","$","R","E","M","T","M","?","E","R","M","R","B",null,"M","$","?","$","M","R","?","E","T","M","R","?","?","$","R","B",null,"M","$","?","M","?","R","M","R","T","M","?","M","$","?","R","B",null],"character_chosen":"THE_SILENT","items_purchased":["Heel Hook","Panache","Purity"],"campfire_rested":3,"item_purchase_floors":[5,19,31],"current_hp_per_floor":[55,55,55,55,55,55,23,23,23,23,23,9,9,7,28,4,54,44,44,31,31,31,53,53,48,48,52,52,52,52,52,52,40,66,67,67,67,60,52,52,58,58,58,64,64,62,62,62,62,24],"gold":103,"neow_bonus":"RANDOM_COMMON_RELIC","is_prod":false,"is_daily":false,"chose_seed":false,"campfire_upgraded":6,"win_rate":0,"timestamp":1542406349,"path_taken":["M","?","$","M","?","R","E","M","T","M","?","E","R","M","R","BOSS","M","$","?","$","M","R","?","E","T","M","R","?","?","$","R","BOSS","M","$","?","?","?","R","M","R","T","M","?","?","$","?","R","BOSS"],"build_version":"2018-11-15","purchased_purges":5,"victory":true,"max_hp_per_floor":[70,70,70,70,70,70,70,70,70,70,70,70,70,70,70,70,70,70,70,75,75,75,75,75,75,75,75,75,75,75,75,75,75,75,75,75,75,75,75,75,75,75,75,75,75,75,75,75,75,75],"card_choices":[{"not_picked":["Outmaneuver","Deflect","Tactician"],"picked":"SKIP","floor":1},{"not_picked":["Flechettes","Crippling Poison","Choke"],"picked":"SKIP","floor":4},{"not_picked":["Bane","Bouncing Flask"],"picked":"Well Laid Plans","floor":7},{"not_picked":["Calculated Gamble","Underhanded Strike"],"picked":"Escape Plan","floor":8},{"not_picked":["Calculated Gamble","Prepared","Deflect"],"picked":"SKIP","floor":10},{"not_picked":["Bullet Time","Sucker Punch"],"picked":"PiercingWail","floor":12},{"not_picked":["Deadly Poison","Outmaneuver"],"picked":"Terror","floor":14},{"not_picked":["A Thousand Cuts","Corpse Explosion"],"picked":"Die Die Die","floor":16},{"not_picked":["Dagger Throw","Catalyst","Bane"],"picked":"SKIP","floor":18},{"not_picked":["PiercingWail","Poisoned Stab+1","Flying Knee+1"],"picked":"SKIP","floor":22},{"not_picked":["Sucker Punch","Blur","PiercingWail"],"picked":"SKIP","floor":25},{"not_picked":["Backflip","Poisoned Stab+1","Bane+1"],"picked":"SKIP","floor":27},{"not_picked":["Grand Finale","Corpse Explosion"],"picked":"A Thousand Cuts","floor":33},{"not_picked":["Caltrops+1","Choke+1"],"picked":"Heel Hook","floor":35},{"not_picked":["Quick Slash","Masterful Stab","Dagger Throw+1"],"picked":"SKIP","floor":38},{"not_picked":["Bane","Flechettes","Dodge and Roll"],"picked":"SKIP","floor":41},{"not_picked":["Leg Sweep","Dodge and Roll+1","Dagger Spray"],"picked":"SKIP","floor":44},{"not_picked":["Bane","Crippling Poison","Flying Knee+1"],"picked":"SKIP","floor":46}],"player_experience":176333,"relics_obtained":[{"floor":7,"key":"Gambling Chip"},{"floor":9,"key":"Ninja Scroll"},{"floor":12,"key":"Old Coin"},{"floor":25,"key":"Bird Faced Urn"},{"floor":26,"key":"MawBank"},{"floor":39,"key":"Torii"},{"floor":43,"key":"Letter Opener"}],"event_choices":[{"damage_healed":0,"gold_gain":0,"player_choice":"2 cards matched","damage_taken":0,"max_hp_gain":0,"max_hp_loss":0,"event_name":"Match and Keep!","floor":2,"gold_loss":0,"cards_obtained":["Neutralize","Impatience"]},{"damage_healed":0,"gold_gain":0,"player_choice":"Ignored","damage_taken":0,"max_hp_gain":0,"max_hp_loss":0,"event_name":"Liars Game","floor":11,"gold_loss":0},{"damage_healed":0,"gold_gain":0,"player_choice":"Shed Blood","damage_taken":18,"max_hp_gain":5,"max_hp_loss":0,"event_name":"Forgotten Altar","floor":20,"gold_loss":0},{"cards_removed":["Strike_G"],"damage_healed":0,"gold_gain":0,"player_choice":"Elegance","damage_taken":0,"max_hp_gain":0,"max_hp_loss":0,"event_name":"Back to Basics","floor":24,"gold_loss":0},{"damage_healed":0,"gold_gain":99,"player_choice":"Stole From Cult","damage_taken":0,"max_hp_gain":0,"max_hp_loss":0,"event_name":"Nest","floor":29,"gold_loss":0},{"cards_removed":["Strike_G"],"damage_healed":0,"gold_gain":0,"player_choice":"Gave Gold","damage_taken":0,"max_hp_gain":0,"max_hp_loss":0,"event_name":"Beggar","floor":30,"gold_loss":75},{"damage_healed":0,"gold_gain":0,"player_choice":"Ignored","damage_taken":0,"max_hp_gain":0,"max_hp_loss":0,"event_name":"WeMeetAgain","floor":37,"gold_loss":0},{"damage_healed":0,"gold_gain":0,"player_choice":"Fight","damage_taken":0,"max_hp_gain":0,"max_hp_loss":0,"event_name":"Mysterious Sphere","floor":39,"gold_loss":0},{"cards_removed":["Defend_G"],"damage_healed":0,"gold_gain":0,"player_choice":"Upgrade and Remove","damage_taken":0,"max_hp_gain":0,"max_hp_loss":0,"event_name":"Designer","floor":45,"gold_loss":90,"cards_upgraded":["Defend_G"]},{"damage_healed":0,"gold_gain":0,"player_choice":"Upgrade","damage_taken":0,"relics_obtained":["Mark of the Bloom"],"max_hp_gain":0,"max_hp_loss":0,"event_name":"MindBloom","floor":48,"gold_loss":0,"cards_upgraded":["Defend_G","Survivor","Neutralize","Heel Hook","Well Laid Plans","Escape Plan","Terror","Die Die Die","Heel Hook"]}],"is_beta":false,"boss_relics":[{"not_picked":["Eternal Feather","Philosopher\u0027s Stone"],"picked":"Runic Pyramid"},{"not_picked":["Coffee Dripper","HoveringKite"],"picked":"Sozu"}],"items_purged_floors":[3,19,21,31,36],"is_endless":false,"potions_floor_spawned":[4,7,16,27,35,38],"ascension_level":6}