{"gold_per_floor":[18,18,35,48,48,92,92,126,177,177,190,225,225,238,238,357,357,375,16,31,31,44,79,79,79,79,102,102,135,156,169,169,297,297,316,331,22,22,22,22,56,56,109,121],"floor_reached":44,"playtime":5522,"items_purged":["Defend_R","Defend_R"],"score":571,"play_id":"9508dc72-0130-4a36-8d68-7dc9406cfe55","local_time":"20180811024903","is_ascension_mode":true,"campfire_choices":[{"floor":7,"key":"REST"},{"floor":10,"key":"REST"},{"data":"Perfected Strike","floor":13,"key":"SMITH"},{"floor":15,"key":"REST"},{"data":"Infernal Blade","floor":24,"key":"SMITH"},{"data":"Carnage","floor":28,"key":"SMITH"},{"floor":32,"key":"REST"},{"data":"Demon Form","floor":40,"key":"SMITH"}],"neow_cost":"NO_GOLD","seed_source_timestamp":439819333875558,"circlet_count":0,"master_deck":["Strike_R","Strike_R","Strike_R","Strike_R+1","Strike_R","Defend_R","Defend_R","Bash","Reaper+1","Twin Strike","True Grit","Perfected Strike","Impervious","Perfected Strike+1","True Grit","Spot Weakness","Warcry","Cleave","Infernal Blade+1","Impervious","Shrug It Off","Secret Technique","True Grit","Shrug It Off","Iron Wave","Carnage+1","Burning Pact","Battle Trance","Armaments+1","Headbutt+1","Bludgeon","Reaper","Iron Wave+1","Demon Form+1","Double Tap"],"relics":["Burning Blood","Golden Idol","Pantograph","Dream Catcher","Vajra","Whetstone","Busted Crown","Shuriken","Nilry\u0027s Codex","Lantern","Omamori","Coffee Dripper","Self Forming Clay","MawBank"],"potions_floor_usage":[8,16,16,16,20,33,33,33],"damage_taken":[{"damage":14,"enemies":"Small Slimes","floor":1,"turns":5},{"damage":9,"enemies":"2 Louse","floor":3,"turns":4},{"damage":0,"enemies":"Cultist","floor":4,"turns":4},{"damage":37,"enemies":"Gremlin Nob","floor":6,"turns":5},{"damage":48,"enemies":"Lagavulin","floor":8,"turns":7},{"damage":25,"enemies":"Gremlin Gang","floor":11,"turns":4},{"damage":27,"enemies":"3 Sentries","floor":12,"turns":6},{"damage":8,"enemies":"Large Slime","floor":14,"turns":5},{"damage":76,"enemies":"The Guardian","floor":16,"turns":11},{"damage":0,"enemies":"Chosen","floor":18,"turns":4},{"damage":0,"enemies":"Spheric Guardian","floor":20,"turns":3},{"damage":3,"enemies":"Snecko","floor":22,"turns":4},{"damage":32,"enemies":"Slavers","floor":23,"turns":6},{"damage":12,"enemies":"3 Cultists","floor":27,"turns":4},{"damage":6,"enemies":"Gremlin Leader","floor":29,"turns":7},{"damage":76,"enemies":"Centurion and Healer","floor":30,"turns":7},{"damage":0,"enemies":"Chosen and Byrds","floor":31,"turns":6},{"damage":68,"enemies":"Champ","floor":33,"turns":12},{"damage":9,"enemies":"Orb Walker","floor":35,"turns":2},{"damage":27,"enemies":"3 Darklings","floor":36,"turns":5},{"damage":56,"enemies":"Nemesis","floor":41,"turns":7}],"seed_played":"3657819499693880606","potions_obtained":[{"floor":3,"key":"PowerPotion"},{"floor":8,"key":"SkillPotion"},{"floor":11,"key":"SpeedPotion"},{"floor":14,"key":"Dexterity Potion"},{"floor":18,"key":"Explosive Potion"},{"floor":20,"key":"SkillPotion"},{"floor":22,"key":"SteroidPotion"},{"floor":27,"key":"SteroidPotion"},{"floor":31,"key":"EssenceOfSteel"},{"floor":35,"key":"Poison Potion"}],"is_trial":false,"path_per_floor":["M","?","M","M","?","E","R","E","T","R","M","E","R","M","R","B",null,"M","$","M","?","M","E","R","?","T","M","R","E","M","M","R","B",null,"M","M","$","?","$","R","E","$","T"],"character_chosen":"IRONCLAD","items_purchased":["Secret Technique","True Grit","Shrug It Off","Demon Form","Double Tap"],"campfire_rested":4,"item_purchase_floors":[19,19,19,37,37],"current_hp_per_floor":[76,81,81,85,64,37,62,25,25,50,46,49,49,47,72,15,85,85,85,85,85,85,85,85,69,69,82,82,88,27,40,66,31,88,85,67,67,67,67,67,24,24,24,0],"gold":121,"neow_bonus":"THREE_RARE_CARDS","is_prod":false,"is_daily":false,"chose_seed":false,"campfire_upgraded":4,"win_rate":0,"timestamp":1533973743,"path_taken":["M","?","?","?","?","E","R","E","T","R","?","E","R","M","R","BOSS","M","$","M","?","M","E","R","?","T","?","R","E","M","M","R","BOSS","M","M","$","?","$","R","E","$","T","?"],"build_version":"2018-08-09","purchased_purges":2,"victory":false,"max_hp_per_floor":[80,85,85,85,85,85,85,85,85,85,85,85,85,85,85,85,85,85,85,85,85,85,88,88,88,88,88,88,88,88,88,88,88,88,88,88,88,88,88,88,88,88,88,88],"card_choices":[{"not_picked":["Demon Form","Feed"],"picked":"Reaper","floor":0},{"not_picked":["Flex","Headbutt"],"picked":"Twin Strike","floor":1},{"not_picked":["Second Wind","Clothesline"],"picked":"True Grit","floor":3},{"not_picked":["Pommel Strike","Dropkick"],"picked":"Perfected Strike","floor":4},{"not_picked":["Pommel Strike","Second Wind"],"picked":"Impervious","floor":6},{"not_picked":["Dropkick","Blood for Blood"],"picked":"Perfected Strike","floor":8},{"not_picked":["Clothesline","Heavy Blade"],"picked":"True Grit","floor":10},{"not_picked":["Clash","Sword Boomerang"],"picked":"Spot Weakness","floor":11},{"not_picked":["Burning Pact","Combust"],"picked":"Warcry","floor":12},{"not_picked":["Thunderclap","Heavy Blade"],"picked":"Cleave","floor":14},{"not_picked":["Battle Trance","Wild Strike"],"picked":"Infernal Blade","floor":15},{"not_picked":["Demon Form","Limit Break"],"picked":"Impervious","floor":16},{"not_picked":[],"picked":"Shrug It Off","floor":18},{"not_picked":[],"picked":"Iron Wave","floor":20},{"not_picked":["Evolve+1"],"picked":"SKIP","floor":22},{"not_picked":[],"picked":"Burning Pact","floor":23},{"not_picked":[],"picked":"Battle Trance","floor":27},{"not_picked":["Wild Strike"],"picked":"SKIP","floor":29},{"not_picked":[],"picked":"Armaments+1","floor":30},{"not_picked":[],"picked":"Headbutt+1","floor":31},{"not_picked":[],"picked":"Bludgeon","floor":32},{"not_picked":[],"picked":"Reaper","floor":33},{"not_picked":["Iron Wave"],"picked":"SKIP","floor":35},{"not_picked":[],"picked":"Iron Wave+1","floor":36},{"not_picked":["Battle Trance"],"picked":"SKIP","floor":41}],"player_experience":79142,"relics_obtained":[{"floor":6,"key":"Pantograph"},{"floor":8,"key":"Dream Catcher"},{"floor":9,"key":"Vajra"},{"floor":12,"key":"Whetstone"},{"floor":23,"key":"Shuriken"},{"floor":25,"key":"Nilry\u0027s Codex"},{"floor":26,"key":"Lantern"},{"floor":29,"key":"Omamori"},{"floor":41,"key":"Self Forming Clay"},{"floor":43,"key":"MawBank"}],"event_choices":[{"event_name":"Big Fish","player_choice":"Donut","floor":2,"damage_taken":0},{"event_name":"Golden Idol","player_choice":"Take Damage","floor":5,"damage_taken":0},{"event_name":"The Library","player_choice":"Read","floor":21,"damage_taken":0},{"event_name":"Cursed Tome","player_choice":"Obtained Book","floor":25,"damage_taken":0},{"event_name":"Mysterious Sphere","player_choice":"Ignore","floor":38,"damage_taken":0}],"is_beta":false,"boss_relics":[{"not_picked":["Orrery","Tiny House"],"picked":"Busted Crown"},{"not_picked":["Black Blood","Lizard Tail"],"picked":"Coffee Dripper"}],"items_purged_floors":[19,37],"is_endless":false,"potions_floor_spawned":[3,8,11,14,18,20,22,27,31,35],"killed_by":"4 Shapes","ascension_level":2}