{"gold_per_floor":[114,134,145,145,95,95,121,135,161,161,178,178,205,216,216,293,293,293,293,293,81,81,81,81,81,81,81,81,81,81,81,81,81,81,81,81,81,81,81,81,81,81,81,81,81,81,81,81,81,81],"floor_reached":51,"playtime":3827,"items_purged":[],"score":1250,"play_id":"5369bb10-0242-43db-86a5-115f4c22a111","local_time":"20190116163926","is_ascension_mode":true,"campfire_choices":[{"data":"Metallicize","floor":6,"key":"SMITH"},{"floor":10,"key":"REST"},{"data":"Bash","floor":15,"key":"SMITH"},{"data":"Apotheosis","floor":23,"key":"SMITH"},{"data":"Immolate","floor":25,"key":"SMITH"},{"data":"Inflame","floor":27,"key":"SMITH"},{"data":"Clothesline","floor":32,"key":"SMITH"},{"data":"Pummel","floor":44,"key":"SMITH"},{"data":"Impervious","floor":46,"key":"SMITH"},{"data":"Shrug It Off","floor":49,"key":"SMITH"}],"neow_cost":"NONE","seed_source_timestamp":511981579637262,"circlet_count":0,"master_deck":["AscendersBane","Strike_R","Strike_R","Strike_R","Strike_R","Defend_R","Defend_R","Defend_R+1","Defend_R","Bash+1","Metallicize+1","Disarm+1","Flash of Steel","Dropkick","Bash+1","Battle Trance+1","Shrug It Off+1","Immolate+1","Clothesline+1","Inflame+1","Apotheosis+1","Flex+1","Body Slam+1","Iron Wave","Impervious+1","Feed","Pummel+1","Inflame+1","Ghostly Armor"],"relics":["Burning Blood","Bronze Scales","War Paint","Happy Flower","Ectoplasm","Bottled Flame","Juzu Bracelet","Bag of Preparation","Ancient Tea Set","Busted Crown","Magic Flower","Calipers","Tiny Chest","Dream Catcher","Singing Bowl","Shuriken"],"potions_floor_usage":[7,13,14,18,22,24,31,33,33,37,42,42,47,50],"damage_taken":[{"damage":8,"enemies":"Small Slimes","floor":1,"turns":4},{"damage":3,"enemies":"Cultist","floor":2,"turns":3},{"damage":4,"enemies":"Jaw Worm","floor":3,"turns":4},{"damage":27,"enemies":"3 Sentries","floor":7,"turns":12},{"damage":15,"enemies":"Large Slime","floor":8,"turns":6},{"damage":10,"enemies":"Gremlin Gang","floor":11,"turns":5},{"damage":21,"enemies":"Gremlin Nob","floor":13,"turns":4},{"damage":1,"enemies":"2 Fungi Beasts","floor":14,"turns":3},{"damage":11,"enemies":"Hexaghost","floor":16,"turns":11},{"damage":20,"enemies":"3 Byrds","floor":18,"turns":4},{"damage":15,"enemies":"Shell Parasite","floor":22,"turns":4},{"damage":2,"enemies":"Gremlin Leader","floor":24,"turns":6},{"damage":17,"enemies":"Centurion and Healer","floor":28,"turns":4},{"damage":6,"enemies":"Cultist and Chosen","floor":30,"turns":3},{"damage":1,"enemies":"Book of Stabbing","floor":31,"turns":5},{"damage":28,"enemies":"Champ","floor":33,"turns":11},{"damage":0,"enemies":"3 Shapes","floor":35,"turns":2},{"damage":0,"enemies":"Mind Bloom Boss Battle","floor":36,"turns":5},{"damage":14,"enemies":"2 Orb Walkers","floor":37,"turns":3},{"damage":11,"enemies":"3 Darklings","floor":39,"turns":3},{"damage":6,"enemies":"Giant Head","floor":40,"turns":6},{"damage":11,"enemies":"4 Shapes","floor":41,"turns":5},{"damage":20,"enemies":"Reptomancer","floor":42,"turns":5},{"damage":9,"enemies":"Writhing Mass","floor":45,"turns":4},{"damage":16,"enemies":"Nemesis","floor":47,"turns":5},{"damage":13,"enemies":"Spire Growth","floor":48,"turns":3},{"damage":36,"enemies":"Time Eater","floor":50,"turns":10}],"seed_played":"8014132531817936128","potions_obtained":[{"floor":1,"key":"Swift Potion"},{"floor":3,"key":"SpeedPotion"},{"floor":11,"key":"SteroidPotion"},{"floor":13,"key":"Dexterity Potion"},{"floor":16,"key":"BloodPotion"},{"floor":18,"key":"BloodPotion"},{"floor":22,"key":"Block Potion"},{"floor":24,"key":"GamblersBrew"},{"floor":31,"key":"Strength Potion"},{"floor":36,"key":"Energy Potion"},{"floor":39,"key":"Weak Potion"},{"floor":41,"key":"Explosive Potion"},{"floor":45,"key":"Regen Potion"},{"floor":47,"key":"Poison Potion"}],"is_trial":false,"path_per_floor":["M","M","M","$","?","R","E","M","T","R","M","?","E","M","R","B",null,"M","T","?","$","M","R","E","R","T","R","M","?","M","E","R","B",null,"M","?","?","?","M","E","M","E","T","R","M","R","E","M","R","B",null],"character_chosen":"IRONCLAD","items_purchased":["Inflame","Apotheosis"],"campfire_rested":1,"item_purchase_floors":[21,21],"current_hp_per_floor":[66,69,71,71,71,71,50,41,41,63,59,59,44,49,49,44,67,60,60,46,46,45,45,49,49,49,49,38,38,38,43,43,21,65,71,77,72,72,76,79,82,71,71,71,73,73,82,78,78,51],"gold":81,"neow_bonus":"UPGRADE_CARD","is_prod":false,"is_daily":false,"chose_seed":false,"campfire_upgraded":9,"win_rate":0,"timestamp":1547685566,"path_taken":["M","M","M","$","?","R","E","M","T","R","M","?","E","M","R","BOSS","M","?","?","$","M","R","E","R","T","R","M","?","M","E","R","BOSS","M","?","?","?","M","E","M","E","T","R","M","R","E","M","R","BOSS"],"build_version":"2019-01-10","purchased_purges":0,"victory":true,"max_hp_per_floor":[75,75,75,75,75,75,75,75,75,75,75,75,75,75,75,75,75,75,75,80,80,80,80,80,80,80,80,80,80,80,80,80,80,80,80,80,80,80,84,84,87,87,87,87,89,89,91,91,91,91],"card_choices":[{"not_picked":["Evolve","Infernal Blade"],"picked":"Metallicize","floor":1},{"not_picked":["Seeing Red","Perfected Strike","Pommel Strike"],"picked":"SKIP","floor":2},{"not_picked":["Flex","Sword Boomerang","Anger"],"picked":"SKIP","floor":3},{"not_picked":["Fire Breathing","Headbutt"],"picked":"Disarm","floor":7},{"not_picked":["Rampage","Heavy Blade","Fire Breathing"],"picked":"SKIP","floor":8},{"not_picked":["Reckless Charge","Wild Strike","Brutality"],"picked":"SKIP","floor":11},{"not_picked":["Pommel Strike","Body Slam"],"picked":"Battle Trance","floor":13},{"not_picked":["Sword Boomerang","Armaments"],"picked":"Shrug It Off","floor":14},{"not_picked":["Berserk","Bludgeon"],"picked":"Immolate","floor":16},{"not_picked":["Battle Trance","Thunderclap"],"picked":"Clothesline","floor":18},{"not_picked":["Twin Strike","Headbutt"],"picked":"Flex+1","floor":22},{"not_picked":["Headbutt","Berserk"],"picked":"Body Slam+1","floor":24},{"not_picked":["Heavy Blade","Thunderclap","Wild Strike+1"],"picked":"SKIP","floor":28},{"not_picked":["Infernal Blade","Second Wind"],"picked":"Iron Wave","floor":30},{"not_picked":["Pommel Strike","Thunderclap"],"picked":"Impervious","floor":31},{"not_picked":["Barricade","Dark Embrace"],"picked":"Feed","floor":33},{"not_picked":[],"picked":"Pummel","floor":35},{"not_picked":["Perfected Strike+1"],"picked":"SKIP","floor":39},{"not_picked":["Dual Wield"],"picked":"SKIP","floor":40},{"not_picked":["Rupture+1"],"picked":"SKIP","floor":41},{"not_picked":["Fire Breathing"],"picked":"SKIP","floor":42},{"not_picked":["Fire Breathing"],"picked":"Singing Bowl","floor":45},{"not_picked":["Evolve"],"picked":"Singing Bowl","floor":47},{"not_picked":[],"picked":"Ghostly Armor","floor":48}],"player_experience":357239,"relics_obtained":[{"floor":7,"key":"Bronze Scales"},{"floor":9,"key":"War Paint"},{"floor":13,"key":"Happy Flower"},{"floor":19,"key":"Bottled Flame"},{"floor":24,"key":"Juzu Bracelet"},{"floor":26,"key":"Bag of Preparation"},{"floor":31,"key":"Ancient Tea Set"},{"floor":36,"key":"Magic Flower"},{"floor":37,"key":"Calipers"},{"floor":40,"key":"Tiny Chest"},{"floor":42,"key":"Dream Catcher"},{"floor":43,"key":"Singing Bowl"},{"floor":47,"key":"Shuriken"}],"event_choices":[{"cards_removed":["Strike_R"],"damage_healed":0,"gold_gain":0,"player_choice":"Card Removal","damage_taken":0,"max_hp_gain":0,"max_hp_loss":0,"event_name":"The Cleric","floor":5,"gold_loss":50},{"damage_healed":0,"gold_gain":0,"player_choice":"3 cards matched","damage_taken":0,"max_hp_gain":0,"max_hp_loss":0,"event_name":"Match and Keep!","floor":12,"gold_loss":0,"cards_obtained":["Flash of Steel","Dropkick","Bash"]},{"damage_healed":0,"gold_gain":0,"player_choice":"Shed Blood","damage_taken":19,"max_hp_gain":5,"max_hp_loss":0,"event_name":"Forgotten Altar","floor":20,"gold_loss":0},{"damage_healed":0,"gold_gain":0,"player_choice":"Forge","damage_taken":0,"max_hp_gain":0,"max_hp_loss":0,"event_name":"Accursed Blacksmith","floor":29,"gold_loss":0,"cards_upgraded":["Battle Trance"]},{"damage_healed":0,"gold_gain":0,"player_choice":"Fight","damage_taken":0,"max_hp_gain":0,"max_hp_loss":0,"event_name":"MindBloom","floor":36,"gold_loss":0},{"damage_healed":0,"gold_gain":0,"player_choice":"Fight","damage_taken":0,"max_hp_gain":0,"max_hp_loss":0,"event_name":"Mysterious Sphere","floor":37,"gold_loss":0},{"damage_healed":0,"gold_gain":0,"player_choice":"Copied","damage_taken":0,"max_hp_gain":0,"max_hp_loss":0,"event_name":"Duplicator","floor":38,"gold_loss":0,"cards_obtained":["Inflame"]}],"is_beta":false,"boss_relics":[{"not_picked":["Runic Cube","White Beast Statue"],"picked":"Ectoplasm"},{"not_picked":["Velvet Choker","Calling Bell"],"picked":"Busted Crown"}],"items_purged_floors":[],"is_endless":false,"potions_floor_spawned":[1,3,11,13,16,18,22,24,31,36,39,41,45,47],"ascension_level":14}