{"gold_per_floor":[116,126,21,21,21,21,35,70,97,97,107,135,149,149],"floor_reached":14,"playtime":648,"items_purged":[],"score":185,"play_id":"2048907e-24ca-4e5b-9edd-98102af2cd94","local_time":"20190129184922","is_ascension_mode":true,"campfire_choices":[{"data":"Dagger Spray","floor":6,"key":"SMITH"},{"floor":10,"key":"REST"}],"neow_cost":"NONE","seed_source_timestamp":609829382358672,"circlet_count":0,"master_deck":["AscendersBane","Defend_G","Defend_G","Defend_G","Defend_G","Defend_G","Strike_G","Strike_G","Strike_G","Strike_G","Strike_G","Survivor","Neutralize","Dagger Spray+1","Well Laid Plans","Slice","Endless Agony","PiercingWail","Finisher","Bouncing Flask","Catalyst","Dagger Throw"],"relics":["Ring of the Snake","NeowsBlessing","Orichalcum","Ancient Tea Set","Potion Belt","Bottled Tornado"],"potions_floor_usage":[8,12],"damage_taken":[{"damage":0,"enemies":"Cultist","floor":1,"turns":1},{"damage":0,"enemies":"Jaw Worm","floor":2,"turns":1},{"damage":0,"enemies":"2 Louse","floor":7,"turns":1},{"damage":29,"enemies":"Lagavulin","floor":8,"turns":7},{"damage":17,"enemies":"Gremlin Gang","floor":11,"turns":4},{"damage":8,"enemies":"3 Sentries","floor":12,"turns":5},{"damage":7,"enemies":"Blue Slaver","floor":13,"turns":2},{"damage":19,"enemies":"Lagavulin","floor":14,"turns":3}],"seed_played":"328470489386484781","potions_obtained":[{"floor":1,"key":"Fire Potion"},{"floor":2,"key":"Poison Potion"},{"floor":11,"key":"Explosive Potion"}],"is_trial":false,"path_per_floor":["M","M","$","?","$","R","M","E","T","R","M","E","M","E"],"character_chosen":"THE_SILENT","items_purchased":["Slice","Endless Agony"],"campfire_rested":1,"item_purchase_floors":[3,3],"current_hp_per_floor":[59,59,59,59,59,59,59,30,30,49,32,24,17,0],"gold":149,"neow_bonus":"THREE_ENEMY_KILL","is_prod":false,"is_daily":false,"chose_seed":false,"campfire_upgraded":1,"win_rate":0,"timestamp":1548809362,"path_taken":["M","M","?","?","$","R","?","E","T","R","M","E","M","E"],"build_version":"2019-01-23","purchased_purges":0,"victory":false,"max_hp_per_floor":[66,66,66,66,66,66,66,66,66,66,66,66,66,66],"card_choices":[{"not_picked":["Crippling Poison","Setup"],"picked":"Dagger Spray","floor":1},{"not_picked":["Dagger Throw","PiercingWail"],"picked":"Well Laid Plans","floor":2},{"not_picked":["Underhanded Strike","Blade Dance"],"picked":"PiercingWail","floor":7},{"not_picked":["Footwork","Distraction"],"picked":"Finisher","floor":8},{"not_picked":["Well Laid Plans","Underhanded Strike"],"picked":"Bouncing Flask","floor":11},{"not_picked":["Acrobatics","Reflex"],"picked":"Catalyst","floor":12},{"not_picked":["Masterful Stab","Choke"],"picked":"Dagger Throw","floor":13}],"player_experience":619470,"relics_obtained":[{"floor":8,"key":"Ancient Tea Set"},{"floor":9,"key":"Potion Belt"},{"floor":12,"key":"Bottled Tornado"}],"event_choices":[{"damage_healed":0,"gold_gain":0,"player_choice":"Gave Potion","damage_taken":0,"relics_obtained":["Orichalcum"],"max_hp_gain":0,"max_hp_loss":0,"event_name":"WeMeetAgain","floor":4,"gold_loss":0}],"is_beta":false,"boss_relics":[],"items_purged_floors":[],"is_endless":false,"potions_floor_spawned":[1,2,11],"killed_by":"Lagavulin","ascension_level":17}