{"gold_per_floor":[111,36,51,69,88,88,113,124,124,147,147,158,172,186,186,261,261,276,276,81,6,25,25,385,385,385,404,21,31,47,47,47,47],"floor_reached":33,"playtime":1022,"items_purged":["Strike_G","Dash","Survivor"],"score":587,"play_id":"2d4d50f3-ac69-4c6b-a0c2-a1492d6162bb","local_time":"20190205024021","is_ascension_mode":true,"campfire_choices":[{"data":"Deadly Poison","floor":6.0,"key":"SMITH"},{"data":"Noxious Fumes","floor":11.0,"key":"SMITH"},{"data":"After Image","floor":15,"key":"SMITH"},{"data":"Deadly Poison","floor":23,"key":"SMITH"},{"floor":25,"key":"REST"},{"data":"Footwork","floor":32,"key":"SMITH"}],"neow_cost":"NONE","seed_source_timestamp":34399150278399,"circlet_count":0,"master_deck":["AscendersBane","Defend_G+1","Defend_G+1","Defend_G+1","Defend_G+1","Defend_G+1","Strike_G+1","Strike_G+1","Strike_G+1","Neutralize","Terror","Flying Knee","Deadly Poison+1","Backstab","Noxious Fumes+1","After Image+1","Bullet Time","Backstab","Deadly Poison+1","Footwork","Footwork+1","Noxious Fumes+1","Burst"],"special_seed":0,"relics":["Ring of the Snake","Ancient Tea Set","Mummified Hand","Odd Mushroom","Busted Crown","Thread and Needle","TwistedFunnel"],"potions_floor_usage":[16,29,33],"damage_taken":[{"damage":1.0,"enemies":"Small Slimes","floor":1.0,"turns":4.0},{"damage":10.0,"enemies":"Jaw Worm","floor":3.0,"turns":5.0},{"damage":1.0,"enemies":"Cultist","floor":4.0,"turns":4.0},{"damage":1.0,"enemies":"Looter","floor":5.0,"turns":3.0},{"damage":22.0,"enemies":"Lagavulin","floor":7.0,"turns":5.0},{"damage":2.0,"enemies":"Exordium Thugs","floor":8.0,"turns":5.0},{"damage":13.0,"enemies":"The Mushroom Lair","floor":10.0,"turns":6.0},{"damage":0.0,"enemies":"Lots of Slimes","floor":12.0,"turns":4.0},{"damage":0,"enemies":"3 Louse","floor":13,"turns":2},{"damage":0,"enemies":"Looter","floor":14,"turns":2},{"damage":0,"enemies":"Hexaghost","floor":16,"turns":9},{"damage":0,"enemies":"Chosen","floor":18,"turns":4},{"damage":2,"enemies":"Shell Parasite","floor":22,"turns":5},{"damage":4,"enemies":"Snake Plant","floor":27,"turns":4},{"damage":0,"enemies":"Shelled Parasite and Fungi","floor":29,"turns":4},{"damage":2,"enemies":"3 Cultists","floor":30,"turns":6},{"damage":47,"enemies":"Automaton","floor":33,"turns":8}],"seed_played":"449756753174831131","potions_obtained":[{"floor":1.0,"key":"Block Potion"},{"floor":8.0,"key":"SpeedPotion"},{"floor":10.0,"key":"AttackPotion"},{"floor":14,"key":"GhostInAJar"},{"floor":27,"key":"Energy Potion"},{"floor":29,"key":"Poison Potion"}],"is_trial":false,"path_per_floor":["M","$","M","M","M","R","E","M","T","?","R","M","M","M","R","B",null,"M","?","$","?","M","R","?","R","T","M","$","M","M","?","R","B"],"character_chosen":"THE_SILENT","items_purchased":["Backstab","Deadly Poison","Footwork","TwistedFunnel"],"campfire_rested":1,"item_purchase_floors":[20,20,28,28],"current_hp_per_floor":[64,64,54,53,52,52,30,28,28,15,15,15,15,15,15,15,58,58,58,58,58,56,56,21,42,42,38,38,38,36,36,36,0],"gold":47,"neow_bonus":"TEN_PERCENT_HP_BONUS","is_prod":false,"is_daily":false,"chose_seed":false,"campfire_upgraded":5,"win_rate":0,"timestamp":1549327221,"path_taken":["M","$","M","M","M","R","E","M","T","?","R","M","M","M","R","BOSS","M","?","?","?","?","R","?","R","T","M","$","?","M","?","R","BOSS"],"build_version":"2019-01-23","purchased_purges":3,"victory":false,"max_hp_per_floor":[72,72,72,72,72,72,72,72,72,72,72,72,72,72,72,72,72,72,72,72,72,72,72,72,72,72,72,72,72,72,72,72,72],"card_choices":[{"not_picked":["Backflip","Dagger Spray"],"picked":"Terror","floor":1.0},{"not_picked":["Quick Slash","Dodge and Roll"],"picked":"Dash","floor":3.0},{"not_picked":["Slice","Dodge and Roll"],"picked":"Flying Knee","floor":4.0},{"not_picked":["Bane","Dagger Spray"],"picked":"Deadly Poison","floor":5.0},{"not_picked":["Dagger Throw","Finisher"],"picked":"Backstab","floor":7.0},{"not_picked":["Prepared","Finisher","Flechettes"],"picked":"SKIP","floor":8.0},{"not_picked":["Cloak And Dagger","Predator"],"picked":"Noxious Fumes","floor":10.0},{"not_picked":["Deflect","Dodge and Roll"],"picked":"After Image","floor":12.0},{"not_picked":["Flying Knee","Cloak And Dagger","Deflect"],"picked":"SKIP","floor":13},{"not_picked":["All Out Attack","Cloak And Dagger","Deflect"],"picked":"SKIP","floor":14},{"not_picked":["Doppelganger","Wraith Form v2"],"picked":"Bullet Time","floor":16},{"not_picked":["Slice"],"picked":"SKIP","floor":18},{"not_picked":["Quick Slash"],"picked":"SKIP","floor":22},{"not_picked":[],"picked":"Footwork","floor":27},{"not_picked":["Finisher+1"],"picked":"SKIP","floor":29},{"not_picked":[],"picked":"Noxious Fumes+1","floor":30}],"player_experience":615420,"relics_obtained":[{"floor":7.0,"key":"Ancient Tea Set"},{"floor":9.0,"key":"Mummified Hand"},{"floor":10.0,"key":"Odd Mushroom"},{"floor":26,"key":"Thread and Needle"}],"event_choices":[{"damage_healed":0.0,"max_hp_gain":0.0,"max_hp_loss":0.0,"gold_gain":0.0,"event_name":"Mushrooms","player_choice":"Fought Mushrooms","floor":10.0,"gold_loss":0.0,"damage_taken":0.0},{"damage_healed":0,"gold_gain":0,"player_choice":"Simplicity","damage_taken":0,"max_hp_gain":0,"max_hp_loss":0,"event_name":"Back to Basics","floor":19,"gold_loss":0,"cards_upgraded":["Defend_G","Defend_G","Defend_G","Defend_G","Defend_G","Strike_G","Strike_G","Strike_G","Strike_G"]},{"cards_removed":["Strike_G"],"damage_healed":0,"gold_gain":0,"player_choice":"Gave Gold","damage_taken":0,"max_hp_gain":0,"max_hp_loss":0,"event_name":"Beggar","floor":21,"gold_loss":75},{"damage_healed":0,"gold_gain":360,"player_choice":"GOLD GOLD GOLD GOLD ","damage_taken":35,"max_hp_gain":0,"max_hp_loss":0,"event_name":"Knowing Skull","floor":24,"potions_obtained":[],"gold_loss":0,"cards_obtained":[]},{"damage_healed":0,"gold_gain":0,"player_choice":"1 cards matched","damage_taken":0,"max_hp_gain":0,"max_hp_loss":0,"event_name":"Match and Keep!","floor":31,"gold_loss":0,"cards_obtained":["Burst"]}],"is_beta":false,"boss_relics":[{"not_picked":["Coffee Dripper","White Beast Statue"],"picked":"Busted Crown"}],"items_purged_floors":[2,20,28],"is_endless":false,"potions_floor_spawned":[1,8,10,12,14,27,29,30],"killed_by":"Automaton","ascension_level":19}