{"gold_per_floor":[211,161,161,173,188,220,220,233,259,259],"floor_reached":10,"playtime":560,"items_purged":[],"score":82,"play_id":"96e69946-771a-4672-9650-d1b316f3b4ca","local_time":"20190204020109","is_ascension_mode":true,"campfire_choices":[{"floor":7,"key":"REST"}],"neow_cost":"NONE","seed_source_timestamp":305062932145666,"circlet_count":0,"master_deck":["Strike_R","Strike_R","Strike_R","Strike_R","Strike_R","Defend_R+1","Defend_R","Defend_R","Defend_R+1","Bash","Shrug It Off","Wild Strike","Flex","Body Slam","Sword Boomerang"],"special_seed":0,"relics":["Burning Blood","Ancient Tea Set","Vajra"],"potions_floor_usage":[6],"damage_taken":[{"damage":1.0,"enemies":"Cultist","floor":1.0,"turns":3.0},{"damage":3.0,"enemies":"2 Louse","floor":4.0,"turns":3.0},{"damage":2.0,"enemies":"Small Slimes","floor":5.0,"turns":3.0},{"damage":59,"enemies":"Lagavulin","floor":6,"turns":8},{"damage":2,"enemies":"2 Fungi Beasts","floor":8,"turns":3},{"damage":60,"enemies":"Lagavulin Event","floor":10,"turns":6}],"seed_played":"2141534341996015293","potions_obtained":[{"floor":1.0,"key":"Explosive Potion"}],"is_trial":false,"path_per_floor":["?","?"],"character_chosen":"IRONCLAD","items_purchased":["Wild Strike"],"campfire_rested":1,"item_purchase_floors":[2],"current_hp_per_floor":[80,80,64,67,71,18,42,46,46,0],"gold":259,"neow_bonus":"HUNDRED_GOLD","is_prod":false,"is_daily":false,"chose_seed":false,"campfire_upgraded":0,"win_rate":0,"timestamp":1549242069,"path_taken":["M","$","?","M","M","E","R","M","T","?"],"build_version":"2019-01-23","purchased_purges":0,"victory":false,"max_hp_per_floor":[80,80,80,80,80,80,80,80,80,80],"card_choices":[{"not_picked":["Rupture","Clothesline"],"picked":"Shrug It Off","floor":1.0},{"not_picked":["True Grit","Sever Soul"],"picked":"Flex","floor":4.0},{"not_picked":["Twin Strike","Clash"],"picked":"Body Slam","floor":5.0},{"not_picked":["Clothesline","Thunderclap","Combust"],"picked":"SKIP","floor":6},{"not_picked":["Inflame","Shrug It Off"],"picked":"Sword Boomerang","floor":8}],"player_experience":179242,"relics_obtained":[{"floor":6,"key":"Ancient Tea Set"},{"floor":9,"key":"Vajra"}],"event_choices":[{"damage_healed":0.0,"max_hp_gain":0.0,"max_hp_loss":0.0,"gold_gain":0.0,"event_name":"Shining Light","player_choice":"Entered Light","floor":3.0,"gold_loss":0.0,"damage_taken":16.0,"cards_upgraded":["Defend_R","Defend_R"]},{"damage_healed":0,"gold_gain":0,"player_choice":"Searched \u00272\u0027 times","damage_taken":0,"max_hp_gain":0,"max_hp_loss":0,"event_name":"Dead Adventurer","floor":10,"gold_loss":0}],"is_beta":false,"boss_relics":[],"items_purged_floors":[],"is_endless":false,"potions_floor_spawned":[1],"killed_by":"Lagavulin Event","ascension_level":4}