{"gold_per_floor":[112,123,298,298,322,322,337,337,364,364,380,414,414,231,231,351,351,365,365,365,11,136,136,136,32,32,32,32,32,72,88,88,213,213,227,293,626,626,626,626,726,739,739,786,798,798,798,69,69,69],"floor_reached":51,"playtime":4688,"items_purged":["Doubt","Injury","Strike_B"],"score":680,"play_id":"2b44df9f-d42a-4241-8df5-fee4afdb67f8","local_time":"20181204015004","is_ascension_mode":false,"campfire_choices":[{"data":"Static Discharge","floor":6,"key":"SMITH"},{"data":"Loop","floor":8,"key":"SMITH"},{"data":"Defragment","floor":10,"key":"SMITH"},{"floor":13,"key":"REST"},{"data":"Storm","floor":15,"key":"SMITH"},{"data":"Machine Learning","floor":23,"key":"SMITH"},{"data":"RitualDagger","floor":29,"key":"SMITH"},{"floor":32,"key":"REST"},{"data":"Chrysalis","floor":40,"key":"SMITH"},{"data":"Static Discharge","floor":46,"key":"SMITH"},{"data":"Loop","floor":49,"key":"SMITH"}],"neow_cost":"NONE","seed_source_timestamp":637710608397022,"circlet_count":0,"master_deck":["Strike_B","Strike_B","Strike_B","Defend_B","Defend_B","Defend_B","Defend_B","Zap","Dualcast","Loop+1","Static Discharge+1","Defragment+1","Machine Learning+1","Storm+1","Chill","Biased Cognition","Self Repair","Transmutation+1","Rebound","Self Repair","Stack","RitualDagger+1","Thunder Strike","Static Discharge+1","Conserve Battery+1","Bandage Up","Chrysalis+1","Loop+1","Heatsinks"],"relics":["Cracked Core","Strawberry","Anchor","Busted Crown","MutagenicStrength","FossilizedHelix","Pantograph","Juzu Bracelet","Shuriken","Orrery","Mango","WingedGreaves","Bottled Tornado","Bag of Marbles","Lantern","StoneCalendar"],"potions_floor_usage":[12,22,22,33,33,41,41,50,50],"damage_taken":[{"damage":1,"enemies":"Jaw Worm","floor":1,"turns":3},{"damage":4,"enemies":"2 Louse","floor":2,"turns":2},{"damage":5,"enemies":"Small Slimes","floor":5,"turns":4},{"damage":10,"enemies":"Looter","floor":7,"turns":4},{"damage":30,"enemies":"Gremlin Gang","floor":11,"turns":4},{"damage":4,"enemies":"Lagavulin","floor":12,"turns":5},{"damage":14,"enemies":"Slime Boss","floor":16,"turns":6},{"damage":0,"enemies":"Shell Parasite","floor":18,"turns":3},{"damage":0,"enemies":"Colosseum Slavers","floor":22,"turns":3},{"damage":40,"enemies":"Colosseum Nobs","floor":22,"turns":4},{"damage":18,"enemies":"Gremlin Leader","floor":30,"turns":4},{"damage":6,"enemies":"2 Thieves","floor":31,"turns":3},{"damage":18,"enemies":"Automaton","floor":33,"turns":9},{"damage":25,"enemies":"3 Shapes","floor":35,"turns":3},{"damage":25,"enemies":"2 Orb Walkers","floor":36,"turns":4},{"damage":0,"enemies":"Mind Bloom Boss Battle","floor":41,"turns":6},{"damage":0,"enemies":"Orb Walker","floor":42,"turns":3},{"damage":9,"enemies":"Maw","floor":45,"turns":6},{"damage":89,"enemies":"Awakened One","floor":50,"turns":6}],"seed_played":"8342086527633636399","potions_obtained":[{"floor":2,"key":"Dexterity Potion"},{"floor":5,"key":"Block Potion"},{"floor":12,"key":"Dexterity Potion"},{"floor":22,"key":"PowerPotion"},{"floor":31,"key":"Weak Potion"},{"floor":33,"key":"Swift Potion"},{"floor":36,"key":"Regen Potion"},{"floor":41,"key":"SkillPotion"},{"floor":42,"key":"GamblersBrew"}],"is_trial":false,"path_per_floor":["M","M","?","?","M","R","M","R","T","R","M","E","R","$","R","B",null,"M","?","?","$","?","R","?","$","T","$","?","R","E","M","R","B",null,"M","?","?","?","?","R","?","M","T","T","M","R","?","$","R","B",null],"character_chosen":"DEFECT","items_purchased":["Storm","Chill","Self Repair","Transmutation","Self Repair","Stack","Lantern","StoneCalendar","Heatsinks","GamblersBrew"],"campfire_rested":2,"item_purchase_floors":[14,14,21,21,25,25,48,48,48,48],"current_hp_per_floor":[81,77,77,77,72,72,62,62,69,69,39,35,61,61,61,47,89,89,89,89,89,56,56,56,56,56,56,50,50,39,47,73,85,89,71,74,74,74,64,64,103,103,103,103,103,103,103,103,103,21],"gold":69,"neow_bonus":"TEN_PERCENT_HP_BONUS","is_prod":false,"is_daily":false,"chose_seed":false,"campfire_upgraded":9,"win_rate":0.0,"timestamp":1543917004,"path_taken":["M","M","?","?","M","R","M","R","T","R","M","E","R","?","R","BOSS","M","?","?","$","?","R","?","?","T","$","?","R","E","M","R","BOSS","M","?","?","?","?","R","?","M","T","?","M","R","?","$","R","BOSS"],"build_version":"2018-11-15","purchased_purges":3,"victory":true,"max_hp_per_floor":[82,82,82,82,82,82,82,82,89,89,89,89,89,89,89,89,89,89,89,89,89,89,89,89,89,89,89,89,89,89,89,89,89,89,89,103,103,103,103,103,103,103,103,103,103,103,103,103,103,103],"card_choices":[{"not_picked":["Beam Cell","Undo"],"picked":"Loop","floor":1},{"not_picked":["Leap","Ball Lightning"],"picked":"Static Discharge","floor":2},{"not_picked":["Coolheaded","Undo"],"picked":"Defragment","floor":5},{"not_picked":["Undo","Barrage","Steam"],"picked":"SKIP","floor":7},{"not_picked":["Go for the Eyes","Compile Driver","Ball Lightning"],"picked":"SKIP","floor":11},{"not_picked":["Lockon","Rebound"],"picked":"Machine Learning","floor":12},{"not_picked":["Fission","Multi-Cast"],"picked":"Biased Cognition","floor":16},{"not_picked":["Scrape"],"picked":"SKIP","floor":18},{"not_picked":[],"picked":"Rebound","floor":22},{"not_picked":["Beam Cell"],"picked":"SKIP","floor":30},{"not_picked":["Coolheaded"],"picked":"SKIP","floor":31},{"not_picked":[],"picked":"Thunder Strike","floor":33},{"not_picked":[],"picked":"Static Discharge","floor":34},{"not_picked":[],"picked":"Conserve Battery+1","floor":34},{"not_picked":["Compile Driver+1"],"picked":"SKIP","floor":35},{"not_picked":[],"picked":"Bandage Up","floor":39},{"not_picked":[],"picked":"Chrysalis","floor":39},{"not_picked":[],"picked":"Loop","floor":42},{"not_picked":["Cold Snap"],"picked":"SKIP","floor":45}],"player_experience":55047,"relics_obtained":[{"floor":9,"key":"Strawberry"},{"floor":12,"key":"Anchor"},{"floor":22,"key":"FossilizedHelix"},{"floor":22,"key":"Pantograph"},{"floor":26,"key":"Juzu Bracelet"},{"floor":30,"key":"Shuriken"},{"floor":36,"key":"Mango"},{"floor":41,"key":"WingedGreaves"},{"floor":43,"key":"Bottled Tornado"},{"floor":44,"key":"Bag of Marbles"}],"event_choices":[{"damage_healed":0,"gold_gain":175,"player_choice":"AGREE","damage_taken":0,"max_hp_gain":0,"max_hp_loss":0,"event_name":"Liars Game","floor":3,"gold_loss":0,"cards_obtained":["Doubt"]},{"damage_healed":0,"gold_gain":0,"player_choice":"Take Wound","damage_taken":0,"relics_obtained":["Golden Idol"],"max_hp_gain":0,"max_hp_loss":0,"event_name":"Golden Idol","floor":4,"gold_loss":0,"cards_obtained":["Injury"]},{"damage_healed":0,"gold_gain":0,"player_choice":"Ignored","damage_taken":0,"max_hp_gain":0,"max_hp_loss":0,"event_name":"Ghosts","floor":19,"gold_loss":0},{"damage_healed":0,"gold_gain":0,"player_choice":"Inject Mutagens","damage_taken":0,"relics_obtained":["MutagenicStrength"],"max_hp_gain":0,"max_hp_loss":0,"event_name":"Drug Dealer","floor":20,"gold_loss":0},{"damage_healed":0,"gold_gain":0,"player_choice":"Fight","damage_taken":0,"max_hp_gain":0,"max_hp_loss":0,"event_name":"Colosseum","floor":22,"gold_loss":0},{"damage_healed":0,"gold_gain":0,"player_choice":"Fought Nobs","damage_taken":0,"max_hp_gain":0,"max_hp_loss":0,"event_name":"Colosseum","floor":22,"gold_loss":0},{"damage_healed":0,"gold_gain":0,"player_choice":"Ignored","damage_taken":0,"max_hp_gain":0,"max_hp_loss":0,"event_name":"Vampires","floor":24,"gold_loss":0},{"damage_healed":0,"gold_gain":0,"player_choice":"Joined the Cult","damage_taken":6,"max_hp_gain":0,"max_hp_loss":0,"event_name":"Nest","floor":28,"gold_loss":0,"cards_obtained":["RitualDagger"]},{"damage_healed":0,"gold_gain":0,"player_choice":"Fight","damage_taken":0,"max_hp_gain":0,"max_hp_loss":0,"event_name":"Mysterious Sphere","floor":36,"gold_loss":0},{"damage_healed":0,"gold_gain":333,"player_choice":"Gave Idol","damage_taken":0,"max_hp_gain":0,"max_hp_loss":0,"event_name":"The Moai Head","floor":37,"relics_lost":["Golden Idol"],"gold_loss":0},{"damage_healed":0,"gold_gain":0,"player_choice":"Upgraded","damage_taken":0,"max_hp_gain":0,"max_hp_loss":0,"event_name":"Upgrade Shrine","floor":38,"gold_loss":0,"cards_upgraded":["Transmutation"]},{"damage_healed":0,"gold_gain":0,"player_choice":"Memory 3","damage_taken":10,"max_hp_gain":0,"max_hp_loss":0,"event_name":"SensoryStone","floor":39,"gold_loss":0},{"damage_healed":0,"gold_gain":0,"player_choice":"Fight","damage_taken":0,"max_hp_gain":0,"max_hp_loss":0,"event_name":"MindBloom","floor":41,"gold_loss":0},{"damage_healed":0,"gold_gain":0,"player_choice":"Ignored","damage_taken":0,"max_hp_gain":0,"max_hp_loss":0,"event_name":"Tomb of Lord Red Mask","floor":47,"gold_loss":0}],"is_beta":false,"boss_relics":[{"not_picked":["FrozenCore","Ectoplasm"],"picked":"Busted Crown"},{"not_picked":["Astrolabe","White Beast Statue"],"picked":"Orrery"}],"items_purged_floors":[14,21,48],"is_endless":false,"potions_floor_spawned":[2,5,12,22,31,33,36,41,42],"ascension_level":0}