{"gold_per_floor":[109,126,140,140,140,181,201,201,201,5,26,26,26],"floor_reached":13,"playtime":1619,"items_purged":[],"score":98,"play_id":"dfa1ebef-a9eb-47a5-b25f-31fab48d852b","local_time":"20181206034612","is_ascension_mode":true,"campfire_choices":[{"data":"Transmutation","floor":8,"key":"SMITH"}],"neow_cost":"CURSE","seed_source_timestamp":820563245289206,"circlet_count":0,"master_deck":["Defend_G","Defend_G","Defend_G","Defend_G","Defend_G","Strike_G","Strike_G","Strike_G","Strike_G","Strike_G","Survivor","Neutralize","Transmutation+1","Violence","Doubt","Deflect","Deadly Poison","Outmaneuver","Flying Knee","Bouncing Flask"],"relics":["Ring of the Snake","Golden Idol","Ornamental Fan","Anchor","Strange Spoon"],"potions_floor_usage":[6,13],"damage_taken":[{"damage":0,"enemies":"Cultist","floor":1,"turns":5},{"damage":12,"enemies":"Jaw Worm","floor":2,"turns":5},{"damage":0,"enemies":"Small Slimes","floor":3,"turns":5},{"damage":25,"enemies":"Lagavulin","floor":6,"turns":8},{"damage":0,"enemies":"2 Fungi Beasts","floor":7,"turns":4},{"damage":2,"enemies":"Looter","floor":11,"turns":3},{"damage":16,"enemies":"Lots of Slimes","floor":13,"turns":2}],"seed_played":"-6225843781523280689","potions_obtained":[{"floor":1,"key":"AttackPotion"},{"floor":2,"key":"LiquidBronze"},{"floor":3,"key":"FearPotion"}],"is_trial":false,"path_per_floor":["M","M","M","?","?","E","M","R","T","$","M","$","M"],"character_chosen":"THE_SILENT","items_purchased":["Strange Spoon"],"campfire_rested":0,"item_purchase_floors":[10],"current_hp_per_floor":[70,58,58,41,41,16,16,16,16,16,14,14,0],"gold":26,"neow_bonus":"RANDOM_COLORLESS_2","is_prod":false,"is_daily":false,"chose_seed":false,"campfire_upgraded":1,"win_rate":0,"timestamp":1544096772,"path_taken":["M","M","M","?","?","E","M","R","T","$","?","?","?"],"build_version":"2018-11-15","purchased_purges":0,"victory":false,"max_hp_per_floor":[70,70,70,70,70,70,70,70,70,70,70,70,70],"card_choices":[{"not_picked":["Dagger Throw","Poisoned Stab"],"picked":"Deflect","floor":1},{"not_picked":["Dagger Spray","Bane","Reflex"],"picked":"SKIP","floor":2},{"not_picked":["Slice","Acrobatics"],"picked":"Deadly Poison","floor":3},{"not_picked":["Cloak And Dagger","Deflect"],"picked":"Outmaneuver","floor":6},{"not_picked":["Finisher","Infinite Blades"],"picked":"Flying Knee","floor":7},{"not_picked":["Dagger Throw","Accuracy"],"picked":"Bouncing Flask","floor":11}],"player_experience":75937,"relics_obtained":[{"floor":6,"key":"Anchor"}],"event_choices":[{"damage_healed":0,"gold_gain":0,"player_choice":"Take Damage","damage_taken":17,"relics_obtained":["Golden Idol"],"max_hp_gain":0,"max_hp_loss":0,"event_name":"Golden Idol","floor":4,"gold_loss":0},{"damage_healed":0,"gold_gain":0,"player_choice":"Gave Potion","damage_taken":0,"relics_obtained":["Ornamental Fan"],"max_hp_gain":0,"max_hp_loss":0,"event_name":"WeMeetAgain","floor":5,"gold_loss":0}],"is_beta":false,"boss_relics":[],"items_purged_floors":[],"is_endless":false,"potions_floor_spawned":[1,2,3],"killed_by":"Lots of Slimes","ascension_level":3}