{"gold_per_floor":[17,31,31,50,50,50,50,50,50,70,110,128,128,148,148,148],"floor_reached":16,"playtime":529,"items_purged":[],"score":112,"play_id":"30266045-2e59-4fd8-8fbb-e904cef9fe16","local_time":"20180916202138","is_ascension_mode":true,"campfire_choices":[{"data":"Zap","floor":6,"key":"SMITH"},{"data":"Coolheaded","floor":8,"key":"SMITH"},{"floor":15,"key":"REST"}],"neow_cost":"NO_GOLD","seed_source_timestamp":24874332222269,"circlet_count":0,"master_deck":["Strike_B","Strike_B+1","Defend_B","Defend_B","Defend_B+1","Defend_B","Zap+1","Dualcast","Coolheaded+1","Glacier","Glacier","Reboot","Coolheaded","Capacitor"],"relics":["Cracked Core","Golden Idol","Shuriken","Happy Flower"],"potions_floor_usage":[11,11,11,16,16],"damage_taken":[{"damage":2,"enemies":"Jaw Worm","floor":1,"turns":3},{"damage":0,"enemies":"Cultist","floor":2,"turns":5},{"damage":4,"enemies":"2 Louse","floor":4,"turns":3},{"damage":0,"enemies":"Blue Slaver","floor":10,"turns":6},{"damage":46,"enemies":"Gremlin Nob","floor":11,"turns":7},{"damage":5,"enemies":"Exordium Wildlife","floor":12,"turns":4},{"damage":0,"enemies":"2 Fungi Beasts","floor":14,"turns":6},{"damage":34,"enemies":"Hexaghost","floor":16,"turns":21}],"seed_played":"-7205929647683403332","potions_obtained":[{"floor":2,"key":"GamblersBrew"},{"floor":3,"key":"Energy Potion"},{"floor":3,"key":"Dexterity Potion"},{"floor":12,"key":"FocusPotion"},{"floor":14,"key":"AttackPotion"}],"is_trial":false,"path_per_floor":["M","M","?","M","?","R","?","R","T","M","E","M","?","M","R"],"character_chosen":"DEFECT","items_purchased":[],"campfire_rested":1,"item_purchase_floors":[],"current_hp_per_floor":[73,73,73,69,69,69,55,55,55,55,9,4,4,4,24,0],"gold":148,"neow_bonus":"REMOVE_TWO","is_prod":false,"is_daily":false,"chose_seed":false,"campfire_upgraded":2,"win_rate":0,"timestamp":1537125698,"path_taken":["M","M","?","M","?","R","?","R","T","?","E","M","?","M","R","BOSS"],"build_version":"2018-09-06","purchased_purges":0,"victory":false,"max_hp_per_floor":[75,75,75,75,69,69,69,69,69,69,69,69,69,69,69,69],"card_choices":[{"not_picked":["Leap","Streamline"],"picked":"Coolheaded","floor":1},{"not_picked":["Beam Cell","Conserve Battery"],"picked":"Glacier","floor":2},{"not_picked":["Go for the Eyes","Storm"],"picked":"Glacier","floor":4},{"not_picked":["Hologram","Double Energy"],"picked":"Reboot","floor":10},{"not_picked":["Hologram","Skim","Rebound"],"picked":"SKIP","floor":11},{"not_picked":["Barrage","Leap"],"picked":"Coolheaded","floor":12},{"not_picked":["Stack","Go for the Eyes"],"picked":"Capacitor","floor":14}],"player_experience":35517,"relics_obtained":[{"floor":9,"key":"Shuriken"},{"floor":11,"key":"Happy Flower"}],"event_choices":[{"event_name":"The Lab","player_choice":"Got Potions","floor":3,"damage_taken":0},{"event_name":"Golden Idol","player_choice":"Lose Max HP","floor":5,"damage_taken":0},{"event_name":"Shining Light","player_choice":"Entered Light","floor":7,"damage_taken":0},{"event_name":"Golden Wing","player_choice":"Ignored","floor":13,"damage_taken":0}],"is_beta":false,"boss_relics":[],"items_purged_floors":[],"is_endless":false,"potions_floor_spawned":[2,12,14],"killed_by":"Hexaghost","ascension_level":2}