{"gold_per_floor":[109,129,129,204,204,217,236,236,236,247,257,283,283,283,283,386,386,403,416,416],"floor_reached":20,"playtime":892,"items_purged":[],"score":176,"play_id":"aee433c4-b367-44ef-8c04-d05d7a4edcdd","local_time":"20190129183223","is_ascension_mode":false,"campfire_choices":[{"data":"Clothesline","floor":15,"key":"SMITH"}],"neow_cost":"NONE","seed_source_timestamp":146348912149333,"circlet_count":0,"master_deck":["Strike_R","Strike_R","Strike_R","Defend_R","Defend_R","Defend_R","Defend_R","Bash","Clothesline+1","Combust","Armaments","Intimidate","Heavy Blade","Rupture","Demon Form","Flame Barrier","Headbutt"],"relics":["Burning Blood","NeowsBlessing","Nunchaku","Ginger","Gremlin Horn","Runic Cube"],"potions_floor_usage":[11,12,12],"damage_taken":[{"damage":0,"enemies":"Jaw Worm","floor":1,"turns":1},{"damage":0,"enemies":"Small Slimes","floor":2,"turns":1},{"damage":0,"enemies":"Cultist","floor":6,"turns":1},{"damage":1,"enemies":"Exordium Wildlife","floor":7,"turns":3},{"damage":9,"enemies":"Large Slime","floor":10,"turns":8},{"damage":8,"enemies":"Lots of Slimes","floor":11,"turns":3},{"damage":9,"enemies":"Gremlin Nob","floor":12,"turns":4},{"damage":31,"enemies":"Slime Boss","floor":16,"turns":6},{"damage":45,"enemies":"3 Byrds","floor":18,"turns":6},{"damage":31,"enemies":"2 Thieves","floor":19,"turns":5},{"damage":19,"enemies":"Centurion and Healer","floor":20,"turns":3}],"seed_played":"-9092921917621912366","potions_obtained":[{"floor":6,"key":"Block Potion"},{"floor":7,"key":"Block Potion"},{"floor":12,"key":"Fruit Juice"}],"is_trial":false,"path_per_floor":["M","M","$","?","?","M","M","$","T","M","M","E","T","?","R","B",null,"M","M","M"],"character_chosen":"IRONCLAD","items_purchased":[],"campfire_rested":0,"item_purchase_floors":[],"current_hp_per_floor":[80,80,80,69,69,75,80,80,80,77,75,77,77,77,77,52,85,46,21,2],"gold":416,"neow_bonus":"THREE_ENEMY_KILL","is_prod":false,"is_daily":false,"chose_seed":false,"campfire_upgraded":1,"win_rate":0,"timestamp":1548804743,"path_taken":["M","M","$","?","?","?","M","$","T","M","M","E","?","?","R","BOSS","M","M","?"],"build_version":"2019-01-23","purchased_purges":0,"victory":false,"max_hp_per_floor":[80,80,80,80,80,80,80,80,80,80,80,85,85,85,85,85,85,85,85,85],"card_choices":[{"not_picked":["Clash","Havoc"],"picked":"Clothesline","floor":1},{"not_picked":["Bloodletting","Thunderclap"],"picked":"Combust","floor":2},{"not_picked":["Clash","Body Slam"],"picked":"Intimidate","floor":6},{"not_picked":["Perfected Strike","Pommel Strike"],"picked":"Heavy Blade","floor":7},{"not_picked":["Pommel Strike","Armaments","Anger"],"picked":"SKIP","floor":10},{"not_picked":["Havoc","Seeing Red","Anger"],"picked":"SKIP","floor":11},{"not_picked":["Second Wind","Battle Trance"],"picked":"Rupture","floor":12},{"not_picked":["Immolate","Exhume"],"picked":"Demon Form","floor":16},{"not_picked":["Pommel Strike","Clash"],"picked":"Flame Barrier","floor":18},{"not_picked":["Havoc+1","Feel No Pain"],"picked":"Headbutt","floor":19}],"player_experience":406916,"relics_obtained":[{"floor":9,"key":"Nunchaku"},{"floor":12,"key":"Ginger"},{"floor":13,"key":"Gremlin Horn"}],"event_choices":[{"damage_healed":0,"gold_gain":75,"player_choice":"Gather Gold","damage_taken":11,"max_hp_gain":0,"max_hp_loss":0,"event_name":"World of Goop","floor":4,"gold_loss":0},{"damage_healed":0,"gold_gain":0,"cards_transformed":["Strike_R"],"player_choice":"Transformed","damage_taken":0,"max_hp_gain":0,"max_hp_loss":0,"event_name":"Transmorgrifier","floor":5,"gold_loss":0,"cards_obtained":["Armaments"]},{"cards_removed":["Strike_R"],"damage_healed":0,"gold_gain":0,"player_choice":"Purged","damage_taken":0,"max_hp_gain":0,"max_hp_loss":0,"event_name":"Purifier","floor":14,"gold_loss":0}],"is_beta":false,"boss_relics":[{"not_picked":["Runic Dome","Tiny House"],"picked":"Runic Cube"}],"items_purged_floors":[],"is_endless":false,"potions_floor_spawned":[6,7,12],"killed_by":"Centurion and Healer","ascension_level":0}