{"gold_per_floor":[117,117,117,136,153,153,178,178,178,197,41,41,56,85,85,190,190,204,214,214,214,7,7,41,41],"floor_reached":25,"playtime":1152,"items_purged":[],"score":350,"play_id":"bea5b7cf-62d8-4a02-a530-1c72ee0043d6","local_time":"20181025010433","is_ascension_mode":true,"campfire_choices":[{"data":"Double Tap","floor":6,"key":"SMITH"},{"data":"Perfected Strike","floor":8,"key":"SMITH"},{"data":"True Grit","floor":12,"key":"SMITH"},{"data":"Spot Weakness","floor":15,"key":"SMITH"},{"floor":23,"key":"REST"}],"neow_cost":"NONE","seed_source_timestamp":2822201570788386,"circlet_count":0,"master_deck":["Strike_R","Strike_R","Strike_R","Strike_R+1","Strike_R","Defend_R","Defend_R+1","Defend_R","Defend_R","Bash","AscendersBane","Double Tap+1","Perfected Strike+1","Heavy Blade","Spot Weakness+1","Cleave","True Grit+1","Reaper","Limit Break","Flex","Headbutt","Reaper","True Grit"],"relics":["Burning Blood","Art of War","Kunai","Red Skull","Odd Mushroom","Mark of Pain","DollysMirror","Vajra"],"potions_floor_usage":[7,7,14],"damage_taken":[{"damage":10,"enemies":"Small Slimes","floor":1,"turns":4},{"damage":0,"enemies":"2 Louse","floor":4,"turns":3},{"damage":11,"enemies":"Jaw Worm","floor":5,"turns":3},{"damage":23,"enemies":"3 Sentries","floor":7,"turns":8},{"damage":6,"enemies":"2 Fungi Beasts","floor":10,"turns":2},{"damage":0,"enemies":"Large Slime","floor":13,"turns":4},{"damage":5,"enemies":"The Mushroom Lair","floor":14,"turns":3},{"damage":36,"enemies":"The Guardian","floor":16,"turns":11},{"damage":52,"enemies":"2 Thieves","floor":18,"turns":5},{"damage":31,"enemies":"3 Byrds","floor":19,"turns":4},{"damage":30,"enemies":"Colosseum Slavers","floor":20,"turns":3},{"damage":45,"enemies":"Book of Stabbing","floor":24,"turns":4},{"damage":33,"enemies":"Snake Plant","floor":25,"turns":2}],"seed_played":"2408238100259076491","potions_obtained":[{"floor":1,"key":"LiquidBronze"},{"floor":4,"key":"Dexterity Potion"},{"floor":7,"key":"Swift Potion"},{"floor":18,"key":"SkillPotion"},{"floor":24,"key":"Weak Potion"}],"is_trial":false,"path_per_floor":["M","?","?","M","M","R","E","R","T","M","$","R","M","?","R","B",null,"M","M","?","?","$","R","E"],"character_chosen":"IRONCLAD","items_purchased":["Red Skull","DollysMirror"],"campfire_rested":1,"item_purchase_floors":[11,22],"current_hp_per_floor":[68,73,56,62,57,57,40,40,40,40,40,40,46,68,68,38,73,39,44,20,4,4,31,20,0],"gold":41,"neow_bonus":"ONE_RANDOM_RARE_CARD","is_prod":false,"is_daily":false,"chose_seed":false,"campfire_upgraded":4,"win_rate":0,"timestamp":1540447473,"path_taken":["M","?","?","?","M","R","E","R","T","M","$","R","M","?","R","BOSS","M","M","?","?","$","R","E","M"],"build_version":"2018-10-18","purchased_purges":0,"victory":false,"max_hp_per_floor":[80,85,85,85,85,85,85,85,85,85,85,85,85,85,85,85,85,85,85,85,90,90,90,90,90],"card_choices":[{"not_picked":["Shockwave","Sword Boomerang"],"picked":"Perfected Strike","floor":1},{"not_picked":["Havoc","Anger"],"picked":"Heavy Blade","floor":4},{"not_picked":["Clash","True Grit"],"picked":"Spot Weakness","floor":5},{"not_picked":["Combust","Feel No Pain"],"picked":"Cleave","floor":7},{"not_picked":["Blood for Blood","Searing Blow"],"picked":"True Grit","floor":10},{"not_picked":["Corruption","Thunderclap"],"picked":"Reaper","floor":13},{"not_picked":["Dark Embrace","Brutality"],"picked":"Limit Break","floor":16},{"not_picked":["Clothesline","Bloodletting"],"picked":"Flex","floor":18},{"not_picked":["Wild Strike","Body Slam+1"],"picked":"Headbutt","floor":19},{"not_picked":["Cleave","Wild Strike"],"picked":"True Grit","floor":24}],"player_experience":415985,"relics_obtained":[{"floor":7,"key":"Art of War"},{"floor":9,"key":"Kunai"},{"floor":14,"key":"Odd Mushroom"},{"floor":24,"key":"Vajra"}],"event_choices":[{"damage_healed":0,"gold_gain":0,"player_choice":"Donut","damage_taken":0,"max_hp_gain":5,"max_hp_loss":0,"event_name":"Big Fish","floor":2,"gold_loss":0},{"damage_healed":0,"gold_gain":0,"player_choice":"Entered Light","damage_taken":17,"max_hp_gain":0,"max_hp_loss":0,"event_name":"Shining Light","floor":3,"gold_loss":0,"cards_upgraded":["Defend_R","Strike_R"]},{"damage_healed":0,"gold_gain":0,"player_choice":"Fought Mushrooms","damage_taken":0,"max_hp_gain":0,"max_hp_loss":0,"event_name":"Mushrooms","floor":14,"gold_loss":0},{"damage_healed":0,"gold_gain":0,"player_choice":"Fight","damage_taken":0,"max_hp_gain":0,"max_hp_loss":0,"event_name":"Colosseum","floor":20,"gold_loss":0},{"damage_healed":0,"gold_gain":0,"player_choice":"Fled From Nobs","damage_taken":0,"max_hp_gain":0,"max_hp_loss":0,"event_name":"Colosseum","floor":20,"gold_loss":0},{"damage_healed":0,"gold_gain":0,"player_choice":"Shed Blood","damage_taken":21,"max_hp_gain":5,"max_hp_loss":0,"event_name":"Forgotten Altar","floor":21,"gold_loss":0}],"is_beta":false,"boss_relics":[{"not_picked":["Black Blood","Runic Pyramid"],"picked":"Mark of Pain"}],"items_purged_floors":[],"is_endless":false,"potions_floor_spawned":[1,4,7,18,20,24],"killed_by":"Snake Plant","ascension_level":12}