{"gold_per_floor":[113,34,47,57,75,100,100,135,135,155,155,170,182,12,12,113,113,124,77,77,176,193,225,225,238,292,304,304],"floor_reached":28,"playtime":2993,"items_purged":["Strike_R"],"score":277,"play_id":"713a69f9-c202-4438-8eb2-a52bc40f95bd","local_time":"20190130150536","is_ascension_mode":false,"campfire_choices":[{"data":"Seeing Red","floor":15,"key":"SMITH"}],"neow_cost":"NONE","seed_source_timestamp":271813305813348,"circlet_count":0,"master_deck":["Strike_R","Strike_R","Strike_R","Defend_R","Defend_R","Defend_R","Defend_R","Bash","Deep Breath","Headbutt","Inflame","Spot Weakness","Pummel","Armaments","Heavy Blade","Anger","Bloodletting","Seeing Red+1","Impatience","Demon Form","Heavy Blade","Flex","Battle Trance","Pommel Strike+1","Inflame","Battle Trance","Infernal Blade","Corruption"],"relics":["Burning Blood","Pear","Ancient Tea Set","Red Skull","Mark of Pain","Gremlin Horn","Orichalcum"],"potions_floor_usage":[6,8,8,16,18,25,25,28],"damage_taken":[{"damage":0,"enemies":"2 Louse","floor":1,"turns":3},{"damage":6,"enemies":"Cultist","floor":3,"turns":3},{"damage":11,"enemies":"Jaw Worm","floor":4,"turns":4},{"damage":11,"enemies":"3 Louse","floor":5,"turns":3},{"damage":6,"enemies":"Gremlin Nob","floor":6,"turns":3},{"damage":13,"enemies":"3 Sentries","floor":8,"turns":6},{"damage":10,"enemies":"Looter","floor":10,"turns":3},{"damage":11,"enemies":"Exordium Thugs","floor":12,"turns":4},{"damage":0,"enemies":"3 Louse","floor":13,"turns":4},{"damage":55,"enemies":"Hexaghost","floor":16,"turns":7},{"damage":10,"enemies":"Chosen","floor":18,"turns":4},{"damage":27,"enemies":"Shell Parasite","floor":22,"turns":5},{"damage":22,"enemies":"Gremlin Leader","floor":23,"turns":5},{"damage":33,"enemies":"Snake Plant","floor":25,"turns":4},{"damage":23,"enemies":"Centurion and Healer","floor":27,"turns":4},{"damage":15,"enemies":"3 Cultists","floor":28,"turns":3}],"seed_played":"6889269576733749736","potions_obtained":[{"floor":4,"key":"Energy Potion"},{"floor":5,"key":"LiquidBronze"},{"floor":6,"key":"SkillPotion"},{"floor":8,"key":"EssenceOfSteel"},{"floor":10,"key":"FearPotion"},{"floor":22,"key":"Dexterity Potion"},{"floor":23,"key":"EssenceOfSteel"},{"floor":27,"key":"Swift Potion"}],"is_trial":false,"path_per_floor":["?","?","M","?","?","?","M"],"character_chosen":"IRONCLAD","items_purchased":["Inflame","Impatience","Flex"],"campfire_rested":0,"item_purchase_floors":[2,14,19],"current_hp_per_floor":[80,80,80,75,70,80,85,78,78,74,74,69,75,75,75,26,95,91,91,91,91,70,54,54,27,27,10,0],"gold":304,"neow_bonus":"RANDOM_COLORLESS","is_prod":false,"is_daily":false,"chose_seed":false,"campfire_upgraded":1,"win_rate":0.0,"timestamp":1548857136,"path_taken":["M","$","M","M","M","E","?","E","T","M","?","M","?","$","R","BOSS","M","$","?","?","M","E","?","M","T","?","M"],"build_version":"2019-01-23","purchased_purges":1,"victory":false,"max_hp_per_floor":[80,80,80,80,80,90,95,95,95,95,95,95,95,95,95,95,95,95,95,95,95,95,95,95,95,95,95,95],"card_choices":[{"not_picked":["Whirlwind","True Grit"],"picked":"Headbutt","floor":1},{"not_picked":["Warcry","Shockwave"],"picked":"Spot Weakness","floor":3},{"not_picked":["Shrug It Off","Inflame","Dropkick"],"picked":"SKIP","floor":4},{"not_picked":["Wild Strike","Offering"],"picked":"Pummel","floor":5},{"not_picked":["Iron Wave","Dropkick","Anger"],"picked":"SKIP","floor":6},{"not_picked":["Carnage","Power Through"],"picked":"Armaments","floor":8},{"not_picked":["Power Through","Thunderclap"],"picked":"Heavy Blade","floor":10},{"not_picked":["Warcry","Hemokinesis"],"picked":"Bloodletting","floor":12},{"not_picked":["Armaments","Perfected Strike"],"picked":"Seeing Red","floor":13},{"not_picked":["Juggernaut","Fiend Fire"],"picked":"Demon Form","floor":16},{"not_picked":["Rupture+1","Sword Boomerang"],"picked":"Heavy Blade","floor":18},{"not_picked":["Power Through+1","Bloodletting+1"],"picked":"Pommel Strike+1","floor":22},{"not_picked":["Pummel+1","Clothesline"],"picked":"Inflame","floor":23},{"not_picked":["Shrug It Off+1","Clothesline"],"picked":"Infernal Blade","floor":25},{"not_picked":["Cleave","Twin Strike"],"picked":"Corruption","floor":27}],"player_experience":27888,"relics_obtained":[{"floor":6,"key":"Pear"},{"floor":8,"key":"Ancient Tea Set"},{"floor":9,"key":"Red Skull"},{"floor":23,"key":"Gremlin Horn"},{"floor":26,"key":"Orichalcum"}],"event_choices":[{"damage_healed":0,"gold_gain":0,"player_choice":"Donut","damage_taken":0,"max_hp_gain":5,"max_hp_loss":0,"event_name":"Big Fish","floor":7,"gold_loss":0},{"damage_healed":0,"gold_gain":0,"cards_transformed":["Strike_R"],"player_choice":"Transformed","damage_taken":0,"max_hp_gain":0,"max_hp_loss":0,"event_name":"Transmorgrifier","floor":11,"gold_loss":0,"cards_obtained":["Anger"]},{"damage_healed":0,"gold_gain":0,"player_choice":"Read","damage_taken":0,"max_hp_gain":0,"max_hp_loss":0,"event_name":"The Library","floor":20,"gold_loss":0,"cards_obtained":["Battle Trance"]},{"damage_healed":0,"gold_gain":99,"player_choice":"Stole From Cult","damage_taken":0,"max_hp_gain":0,"max_hp_loss":0,"event_name":"Nest","floor":21,"gold_loss":0},{"damage_healed":0,"gold_gain":0,"player_choice":"Copied","damage_taken":0,"max_hp_gain":0,"max_hp_loss":0,"event_name":"Duplicator","floor":24,"gold_loss":0,"cards_obtained":["Battle Trance"]}],"is_beta":false,"boss_relics":[{"not_picked":["Runic Cube","Orrery"],"picked":"Mark of Pain"}],"items_purged_floors":[14],"is_endless":false,"potions_floor_spawned":[4,5,6,8,10,22,23,27],"killed_by":"3 Cultists","ascension_level":0}