{"gold_per_floor":[112,124,143,93,93,93,131,2,2,37,52,83,83,118,118,249,249,273,297,297],"floor_reached":20,"playtime":1761,"items_purged":["Defend_R"],"score":232,"play_id":"4b6f8c2d-f65c-484a-a24d-d68652c73819","local_time":"20190202143413","is_ascension_mode":true,"campfire_choices":[{"data":"Armaments","floor":6,"key":"SMITH"},{"floor":13,"key":"REST"},{"floor":15,"key":"REST"}],"neow_cost":"NONE","seed_source_timestamp":176318961912826,"circlet_count":0,"master_deck":["Strike_R","Strike_R","Strike_R","Strike_R","Defend_R","Defend_R","Defend_R","Bash","Armaments+1","Battle Trance","Uppercut","Reaper","Wild Strike","Ghostly Armor","Intimidate","Shrug It Off","Iron Wave","Barricade","True Grit","Flame Barrier"],"relics":["Burning Blood","Golden Idol","WingedGreaves","Sundial","Gremlin Horn","Letter Opener","Shuriken","Runic Dome"],"potions_floor_usage":[7,7,7,16,20,20],"damage_taken":[{"damage":6,"enemies":"Cultist","floor":1,"turns":4},{"damage":0,"enemies":"Small Slimes","floor":2,"turns":3},{"damage":18,"enemies":"Jaw Worm","floor":3,"turns":4},{"damage":24,"enemies":"3 Sentries","floor":7,"turns":8},{"damage":20,"enemies":"Gremlin Nob","floor":10,"turns":4},{"damage":25,"enemies":"Exordium Thugs","floor":11,"turns":6},{"damage":22,"enemies":"3 Sentries","floor":12,"turns":7},{"damage":37,"enemies":"Lagavulin","floor":14,"turns":7},{"damage":57,"enemies":"Slime Boss","floor":16,"turns":9},{"damage":9,"enemies":"Shell Parasite","floor":18,"turns":7},{"damage":35,"enemies":"3 Byrds","floor":19,"turns":9},{"damage":22,"enemies":"Colosseum Slavers","floor":20,"turns":7},{"damage":61,"enemies":"Colosseum Nobs","floor":20,"turns":6}],"seed_played":"-8130892986633441654","potions_obtained":[{"floor":1,"key":"PowerPotion"},{"floor":2,"key":"EssenceOfSteel"},{"floor":3,"key":"Regen Potion"},{"floor":12,"key":"Energy Potion"},{"floor":16,"key":"SkillPotion"},{"floor":18,"key":"BloodPotion"}],"is_trial":false,"path_per_floor":["?","?","M","?"],"character_chosen":"IRONCLAD","items_purchased":["Wild Strike"],"campfire_rested":2,"item_purchase_floors":[8],"current_hp_per_floor":[88,88,76,76,76,76,69,69,69,55,46,42,66,35,59,14,81,78,53,0],"gold":297,"neow_bonus":"TEN_PERCENT_HP_BONUS","is_prod":false,"is_daily":false,"chose_seed":false,"campfire_upgraded":1,"win_rate":0,"timestamp":1549114453,"path_taken":["M","M","M","?","?","R","E","$","T","E","?","E","R","E","R","BOSS","M","M","?"],"build_version":"2019-01-23","purchased_purges":1,"victory":false,"max_hp_per_floor":[88,88,88,88,81,81,81,81,81,81,81,81,81,81,81,81,81,81,81,81],"card_choices":[{"not_picked":["Disarm","Dual Wield"],"picked":"Armaments","floor":1},{"not_picked":["Fire Breathing","Rage"],"picked":"Battle Trance","floor":2},{"not_picked":["Warcry","Clothesline"],"picked":"Uppercut","floor":3},{"not_picked":["Fiend Fire","Juggernaut"],"picked":"Reaper","floor":7},{"not_picked":["Corruption","Clothesline"],"picked":"Ghostly Armor","floor":10},{"not_picked":["Anger","Sword Boomerang"],"picked":"Intimidate","floor":11},{"not_picked":["Berserk","Battle Trance"],"picked":"Shrug It Off","floor":12},{"not_picked":["Burning Pact","Disarm"],"picked":"Iron Wave","floor":14},{"not_picked":["Limit Break","Feed"],"picked":"Barricade","floor":16},{"not_picked":["Cleave","Clothesline"],"picked":"True Grit","floor":18},{"not_picked":["Perfected Strike","True Grit+1"],"picked":"Flame Barrier","floor":19}],"player_experience":143716,"relics_obtained":[{"floor":7,"key":"WingedGreaves"},{"floor":9,"key":"Sundial"},{"floor":10,"key":"Gremlin Horn"},{"floor":12,"key":"Letter Opener"},{"floor":14,"key":"Shuriken"}],"event_choices":[{"cards_removed":["Strike_R"],"damage_healed":0,"gold_gain":0,"player_choice":"Card Removal","damage_taken":0,"max_hp_gain":0,"max_hp_loss":0,"event_name":"The Cleric","floor":4,"gold_loss":50},{"damage_healed":0,"gold_gain":0,"player_choice":"Lose Max HP","damage_taken":0,"relics_obtained":["Golden Idol"],"max_hp_gain":0,"max_hp_loss":7,"event_name":"Golden Idol","floor":5,"gold_loss":0},{"damage_healed":0,"gold_gain":0,"player_choice":"Fight","damage_taken":0,"max_hp_gain":0,"max_hp_loss":0,"event_name":"Colosseum","floor":20,"gold_loss":0},{"damage_healed":0,"gold_gain":0,"player_choice":"Fought Nobs","damage_taken":0,"max_hp_gain":0,"max_hp_loss":0,"event_name":"Colosseum","floor":20,"gold_loss":0}],"is_beta":false,"boss_relics":[{"not_picked":["Snecko Eye","Tiny House"],"picked":"Runic Dome"}],"items_purged_floors":[8],"is_endless":false,"potions_floor_spawned":[1,2,3,12,16,18],"killed_by":"Colosseum Nobs","ascension_level":3}