{"gold_per_floor":[116,135,148,148,148,148,166,166,219,248,248,268,268,26,26,125,125,135,153,78,91,6,6,19,19,71,71,90,103,103,123,123,123],"floor_reached":33,"playtime":1913,"items_purged":["Doubt"],"score":423,"play_id":"6ce1c55c-2cea-4ea7-9ae7-cd0ae8b68313","local_time":"20181023235502","is_ascension_mode":true,"campfire_choices":[{"data":"Shrug It Off","floor":6,"key":"SMITH"},{"data":"Sword Boomerang","floor":8,"key":"SMITH"},{"data":"Secret Technique","floor":15,"key":"SMITH"},{"floor":23,"key":"REST"},{"floor":25,"key":"REST"},{"data":"Armaments","floor":30,"key":"SMITH"},{"floor":32,"key":"REST"}],"neow_cost":"NONE","seed_source_timestamp":2730871533410652,"circlet_count":0,"master_deck":["Defend_R+1","Defend_R","Defend_R","Defend_R","Bash+1","AscendersBane","Shrug It Off+1","Heavy Blade","Sword Boomerang","Sword Boomerang+1","Flame Barrier","Secret Technique+1","Iron Wave","Feed","Doubt","Injury","Flex","Battle Trance","Heavy Blade","Bite","Bite","Bite","Bite","Bite","Headbutt","Armaments+1","Whirlwind+1"],"relics":["Burning Blood","Bag of Preparation","Red Skull","Calling Bell","Lantern","Self Forming Clay","Gambling Chip","Pear","Strawberry"],"potions_floor_usage":[10,10,16,28,31,33,33],"damage_taken":[{"damage":3,"enemies":"Small Slimes","floor":1,"turns":4},{"damage":5,"enemies":"2 Louse","floor":2,"turns":3},{"damage":5,"enemies":"Cultist","floor":3,"turns":4},{"damage":2,"enemies":"2 Fungi Beasts","floor":7,"turns":5},{"damage":16,"enemies":"Lagavulin","floor":10,"turns":6},{"damage":4,"enemies":"Blue Slaver","floor":12,"turns":4},{"damage":63,"enemies":"Slime Boss","floor":16,"turns":12},{"damage":4,"enemies":"3 Byrds","floor":18,"turns":6},{"damage":29,"enemies":"Spheric Guardian","floor":19,"turns":6},{"damage":36,"enemies":"Centurion and Healer","floor":21,"turns":10},{"damage":70,"enemies":"Shelled Parasite and Fungi","floor":24,"turns":9},{"damage":34,"enemies":"Chosen and Byrds","floor":28,"turns":8},{"damage":15,"enemies":"Centurion and Healer","floor":29,"turns":7},{"damage":15,"enemies":"Snake Plant","floor":31,"turns":5},{"damage":86,"enemies":"Collector","floor":33,"turns":7}],"seed_played":"-1637644431335395511","potions_obtained":[{"floor":3,"key":"Poison Potion"},{"floor":7,"key":"Energy Potion"},{"floor":12,"key":"EssenceOfSteel"},{"floor":16,"key":"Fire Potion"},{"floor":18,"key":"SpeedPotion"},{"floor":29,"key":"Fire Potion"},{"floor":31,"key":"SkillPotion"}],"is_trial":false,"path_per_floor":["M","M","M","?","?","R","M","R","T","E","?","M","?","$","R","B",null,"M","M","$","M","?","R","M","R","T","?","M","M","R","M","R"],"character_chosen":"IRONCLAD","items_purchased":["Secret Technique","Iron Wave"],"campfire_rested":3,"item_purchase_floors":[14,14],"current_hp_per_floor":[83,84,85,82,64,64,68,68,68,58,63,65,65,65,65,8,72,77,57,57,30,40,73,9,42,49,49,38,46,46,46,72,0],"gold":123,"neow_bonus":"TEN_PERCENT_HP_BONUS","is_prod":false,"is_daily":false,"chose_seed":false,"campfire_upgraded":4,"win_rate":0,"timestamp":1540356902,"path_taken":["M","M","M","?","?","R","M","R","T","E","?","M","?","$","R","BOSS","M","M","$","M","?","R","M","R","T","?","M","M","R","M","R","BOSS"],"build_version":"2018-10-18","purchased_purges":1,"victory":false,"max_hp_per_floor":[88,88,88,88,88,88,88,88,88,88,93,93,93,93,93,93,93,96,99,99,102,112,112,112,112,119,83,86,89,89,89,89,89],"card_choices":[{"not_picked":["Clothesline","Sword Boomerang"],"picked":"Shrug It Off","floor":1},{"not_picked":["Flex","Thunderclap"],"picked":"Heavy Blade","floor":2},{"not_picked":["Headbutt","Havoc"],"picked":"Sword Boomerang","floor":3},{"not_picked":["Entrench","Combust"],"picked":"Sword Boomerang","floor":7},{"not_picked":["Shockwave","Sentinel"],"picked":"Flame Barrier","floor":10},{"not_picked":["Dark Embrace","Wild Strike","Warcry"],"picked":"SKIP","floor":12},{"not_picked":["Brutality","Fiend Fire"],"picked":"Feed","floor":16},{"not_picked":["Pommel Strike","Hemokinesis"],"picked":"Flex","floor":18},{"not_picked":["Infernal Blade","Armaments"],"picked":"Battle Trance","floor":19},{"not_picked":["Whirlwind","Sword Boomerang+1"],"picked":"Heavy Blade","floor":21},{"not_picked":["Second Wind","Warcry","Body Slam"],"picked":"SKIP","floor":24},{"not_picked":["Cleave","Uppercut"],"picked":"Headbutt","floor":28},{"not_picked":["Perfected Strike","Cleave"],"picked":"Armaments","floor":29},{"not_picked":["Metallicize","Cleave"],"picked":"Whirlwind+1","floor":31}],"player_experience":404304,"relics_obtained":[{"floor":9,"key":"Red Skull"},{"floor":17,"key":"Lantern"},{"floor":17,"key":"Self Forming Clay"},{"floor":17,"key":"Gambling Chip"},{"floor":26,"key":"Strawberry"}],"event_choices":[{"damage_healed":0,"gold_gain":0,"player_choice":"Success","damage_taken":3,"relics_obtained":["Bag of Preparation"],"max_hp_gain":0,"max_hp_loss":0,"event_name":"Scrap Ooze","floor":4,"gold_loss":0},{"damage_healed":0,"gold_gain":0,"player_choice":"Entered Light","damage_taken":18,"max_hp_gain":0,"max_hp_loss":0,"event_name":"Shining Light","floor":5,"gold_loss":0,"cards_upgraded":["Defend_R","Bash"]},{"damage_healed":0,"gold_gain":0,"player_choice":"Donut","damage_taken":0,"max_hp_gain":5,"max_hp_loss":0,"event_name":"Big Fish","floor":11,"gold_loss":0},{"cards_removed":["Strike_R"],"damage_healed":0,"gold_gain":0,"player_choice":"Forget","damage_taken":0,"max_hp_gain":0,"max_hp_loss":0,"event_name":"Living Wall","floor":13,"gold_loss":0},{"damage_healed":0,"gold_gain":0,"player_choice":"Obtained Relic","damage_taken":0,"relics_obtained":["Pear"],"max_hp_gain":0,"max_hp_loss":0,"event_name":"Addict","floor":22,"gold_loss":85},{"damage_healed":0,"gold_gain":0,"player_choice":"Became a vampire","damage_taken":0,"max_hp_gain":0,"max_hp_loss":36,"event_name":"Vampires","floor":27,"gold_loss":0,"cards_obtained":["Bite","Bite","Bite","Bite","Bite"]}],"is_beta":false,"boss_relics":[{"not_picked":["Eternal Feather","Runic Cube"],"picked":"Calling Bell"}],"items_purged_floors":[20],"is_endless":false,"potions_floor_spawned":[3,7,12,16,18,19,29,31],"killed_by":"Collector","ascension_level":12}