{"gold_per_floor":[117,133,133,145,145,145,31,31,111,111,123,123,141,117,117,221,221,231,13,13,13,25,25,37,51,120,120],"floor_reached":27,"playtime":931,"items_purged":["Strike_G","Strike_G"],"score":305,"play_id":"e9575782-a6f4-4292-bfef-01f41e68cd01","local_time":"20181202210637","is_ascension_mode":true,"campfire_choices":[{"floor":6,"key":"REST"},{"data":"Heel Hook","floor":8,"key":"SMITH"},{"data":"Footwork","floor":10,"key":"SMITH"},{"data":"Strike_G","floor":15,"key":"SMITH"},{"data":"After Image","floor":23,"key":"SMITH"}],"neow_cost":"NONE","seed_source_timestamp":22699187416015,"circlet_count":0,"master_deck":["AscendersBane","Defend_G","Defend_G","Defend_G","Defend_G","Defend_G","Strike_G+1","Strike_G+1","Survivor","Neutralize+1","Footwork+1","Well Laid Plans+1","Heel Hook+1","Poisoned Stab+1","Parasite","Dagger Spray+1","After Image+1","Backflip+1","Heel Hook+1","Noxious Fumes","Heel Hook+1","Crippling Poison+1","Sucker Punch+1","Pain"],"relics":["Ring of the Snake","Molten Egg 2","Cursed Key","Shuriken"],"potions_floor_usage":[11],"damage_taken":[{"damage":9,"enemies":"Small Slimes","floor":1,"turns":6},{"damage":0,"enemies":"2 Louse","floor":2,"turns":4},{"damage":2,"enemies":"Jaw Worm","floor":4,"turns":6},{"damage":3,"enemies":"Lots of Slimes","floor":11,"turns":8},{"damage":2,"enemies":"Large Slime","floor":13,"turns":9},{"damage":37,"enemies":"The Guardian","floor":16,"turns":13},{"damage":0,"enemies":"3 Byrds","floor":18,"turns":7},{"damage":16,"enemies":"2 Thieves","floor":22,"turns":5},{"damage":14,"enemies":"Snake Plant","floor":24,"turns":6},{"damage":16,"enemies":"Snecko","floor":25,"turns":6},{"damage":14,"enemies":"Shelled Parasite and Fungi","floor":27,"turns":3}],"seed_played":"-124313951406664721","potions_obtained":[{"floor":2,"key":"SpeedPotion"},{"floor":4,"key":"Strength Potion"},{"floor":18,"key":"SteroidPotion"},{"floor":22,"key":"LiquidBronze"}],"is_trial":false,"path_per_floor":["M","M","?","M","?","R","$","R","T","R","M","?","M","?","R","B",null,"M","$","?","?","M","R","M","M","T","M"],"character_chosen":"THE_SILENT","items_purchased":["Heel Hook","Heel Hook+1","Noxious Fumes"],"campfire_rested":1,"item_purchase_floors":[7,19,19],"current_hp_per_floor":[54,54,47,45,31,52,52,52,52,52,49,66,64,64,64,27,59,59,59,59,59,43,43,29,13,13,0],"gold":120,"neow_bonus":"UPGRADE_CARD","is_prod":false,"is_daily":false,"chose_seed":false,"campfire_upgraded":4,"win_rate":0,"timestamp":1543784797,"path_taken":["M","M","?","M","?","R","$","R","T","R","M","?","M","?","R","BOSS","M","$","?","?","M","R","M","M","T","M"],"build_version":"2018-11-15","purchased_purges":2,"victory":false,"max_hp_per_floor":[70,70,70,70,70,70,70,70,70,70,70,70,70,70,70,70,70,70,70,70,70,70,70,70,70,70,70],"card_choices":[{"not_picked":["Deadly Poison","Bouncing Flask"],"picked":"Footwork","floor":1},{"not_picked":["Outmaneuver","Eviscerate"],"picked":"Well Laid Plans","floor":2},{"not_picked":["Sucker Punch","Quick Slash","Dodge and Roll"],"picked":"SKIP","floor":4},{"not_picked":["Acrobatics","Dagger Throw+1"],"picked":"Poisoned Stab+1","floor":11},{"not_picked":["Backflip","Choke+1"],"picked":"Dagger Spray+1","floor":13},{"not_picked":["Burst","Corpse Explosion"],"picked":"After Image","floor":16},{"not_picked":["Reflex+1","Eviscerate+1"],"picked":"Backflip+1","floor":18},{"not_picked":["Deadly Poison+1","Acrobatics"],"picked":"Heel Hook+1","floor":22},{"not_picked":["Flechettes+1","Flying Knee+1"],"picked":"Crippling Poison+1","floor":24},{"not_picked":["Quick Slash+1","Deflect"],"picked":"Sucker Punch+1","floor":25}],"player_experience":239916,"relics_obtained":[{"floor":9,"key":"Molten Egg 2"},{"floor":26,"key":"Shuriken"}],"event_choices":[{"cards_removed":["Strike_G"],"damage_healed":0,"gold_gain":0,"player_choice":"Card Removal","damage_taken":7,"max_hp_gain":0,"max_hp_loss":0,"event_name":"Golden Wing","floor":3,"gold_loss":0},{"damage_healed":0,"gold_gain":0,"player_choice":"Entered Light","damage_taken":14,"max_hp_gain":0,"max_hp_loss":0,"event_name":"Shining Light","floor":5,"gold_loss":0,"cards_upgraded":["Well Laid Plans","Strike_G"]},{"damage_healed":17,"gold_gain":0,"player_choice":"Healed and dodged fight","damage_taken":0,"max_hp_gain":0,"max_hp_loss":0,"event_name":"Mushrooms","floor":12,"gold_loss":0,"cards_obtained":["Parasite"]},{"damage_healed":0,"gold_gain":0,"player_choice":"Left Gold","damage_taken":0,"max_hp_gain":0,"max_hp_loss":0,"event_name":"World of Goop","floor":14,"gold_loss":24},{"damage_healed":0,"gold_gain":0,"player_choice":"Ignored","damage_taken":0,"max_hp_gain":0,"max_hp_loss":0,"event_name":"Ghosts","floor":20,"gold_loss":0},{"damage_healed":0,"gold_gain":0,"player_choice":"Ignored","damage_taken":0,"max_hp_gain":0,"max_hp_loss":0,"event_name":"Beggar","floor":21,"gold_loss":0}],"is_beta":false,"boss_relics":[{"not_picked":["Black Star","Runic Pyramid"],"picked":"Cursed Key"}],"items_purged_floors":[7,19],"is_endless":false,"potions_floor_spawned":[2,4,18,22],"killed_by":"Shelled Parasite and Fungi","ascension_level":10}