{"gold_per_floor":[116,131,147,166,241,276,276,79,106,139,139,159,159,175,175,300,300,318,341,101,101],"floor_reached":21,"playtime":1450,"items_purged":["Strike_B","Defend_B"],"score":220,"play_id":"d0b2cd31-dcf4-4b9f-9059-5a0260e58e40","local_time":"20190204162029","is_ascension_mode":true,"campfire_choices":[{"floor":7,"key":"REST"},{"floor":15,"key":"REST"}],"neow_cost":"NONE","seed_source_timestamp":355751730186132,"circlet_count":0,"master_deck":["Strike_B","Strike_B","Defend_B","Defend_B","Defend_B","Zap","Dualcast","Skim","Melter","Conserve Battery","Cold Snap","Leap","Coolheaded","Glacier","Streamline","Blizzard","Seek","Conserve Battery"],"special_seed":0,"relics":["Cracked Core","Potion Belt","Centennial Puzzle","Lantern","Pen Nib","Golden Idol","Membership Card"],"potions_floor_usage":[10,10,16],"damage_taken":[{"damage":8.0,"enemies":"Jaw Worm","floor":1.0,"turns":4.0},{"damage":1.0,"enemies":"2 Louse","floor":2.0,"turns":2.0},{"damage":3.0,"enemies":"Small Slimes","floor":3.0,"turns":3.0},{"damage":0.0,"enemies":"Exordium Wildlife","floor":4.0,"turns":3.0},{"damage":20,"enemies":"Gremlin Nob","floor":6,"turns":4},{"damage":13,"enemies":"Lagavulin","floor":10,"turns":10},{"damage":1,"enemies":"Gremlin Gang","floor":12,"turns":6},{"damage":0,"enemies":"Blue Slaver","floor":14,"turns":4},{"damage":16,"enemies":"Slime Boss","floor":16,"turns":13},{"damage":0,"enemies":"Spheric Guardian","floor":18,"turns":1},{"damage":33,"enemies":"Chosen","floor":19,"turns":7},{"damage":16,"enemies":"3 Cultists","floor":21,"turns":5}],"seed_played":"1711313716552795832","potions_obtained":[{"floor":1.0,"key":"EssenceOfSteel"},{"floor":6,"key":"FearPotion"},{"floor":14,"key":"LiquidBronze"},{"floor":16,"key":"Weak Potion"},{"floor":18,"key":"GamblersBrew"},{"floor":19,"key":"SmokeBomb"}],"is_trial":false,"path_per_floor":["?","?","?","M"],"character_chosen":"DEFECT","items_purchased":["Glacier","Streamline","Membership Card"],"campfire_rested":2,"item_purchase_floors":[8,8,20],"current_hp_per_floor":[67,66,63,63,52,32,54,54,54,41,23,22,22,22,42,26,69,69,36,36,20],"gold":101,"neow_bonus":"TRANSFORM_CARD","is_prod":false,"is_daily":false,"chose_seed":false,"campfire_upgraded":0,"win_rate":0,"timestamp":1549293629,"path_taken":["M","M","M","M","?","E","R","$","T","E","?","M","?","?","R","BOSS","M","M","$","M"],"build_version":"2019-01-23","purchased_purges":2,"victory":false,"max_hp_per_floor":[75,75,75,75,75,75,75,75,75,75,75,75,69,69,69,69,69,69,69,69,69],"card_choices":[{"not_picked":["Conserve Battery","Leap"],"picked":"Melter","floor":1.0},{"not_picked":["Hello World","BootSequence"],"picked":"Conserve Battery","floor":2.0},{"not_picked":["Turbo","Redo"],"picked":"Cold Snap","floor":3.0},{"not_picked":["Hologram","Ball Lightning"],"picked":"Leap","floor":4.0},{"not_picked":["Amplify","White Noise"],"picked":"Coolheaded","floor":6},{"not_picked":["Glacier","Compile Driver"],"picked":"Blizzard","floor":10},{"not_picked":["Steam","Compile Driver","Redo"],"picked":"SKIP","floor":12},{"not_picked":["BootSequence","Consume","Steam Power"],"picked":"SKIP","floor":14},{"not_picked":["Thunder Strike","Amplify"],"picked":"Seek","floor":16},{"not_picked":["Hello World","Force Field","Loop"],"picked":"SKIP","floor":18},{"not_picked":["Barrage","Redo"],"picked":"Conserve Battery","floor":19}],"player_experience":196643,"relics_obtained":[{"floor":6,"key":"Potion Belt"},{"floor":9,"key":"Centennial Puzzle"},{"floor":10,"key":"Lantern"}],"event_choices":[{"damage_healed":0.0,"max_hp_gain":0.0,"max_hp_loss":0.0,"gold_gain":75.0,"event_name":"World of Goop","player_choice":"Gather Gold","floor":5.0,"gold_loss":0.0,"damage_taken":11.0},{"damage_healed":0,"gold_gain":0,"player_choice":"Success","damage_taken":18,"relics_obtained":["Pen Nib"],"max_hp_gain":0,"max_hp_loss":0,"event_name":"Scrap Ooze","floor":11,"gold_loss":0},{"damage_healed":0,"gold_gain":0,"player_choice":"Lose Max HP","damage_taken":0,"relics_obtained":["Golden Idol"],"max_hp_gain":0,"max_hp_loss":6,"event_name":"Golden Idol","floor":13,"gold_loss":0}],"is_beta":false,"boss_relics":[{"not_picked":["Fusion Hammer","Coffee Dripper","Calling Bell"]}],"items_purged_floors":[8,20],"is_endless":false,"potions_floor_spawned":[1,6,14,16,18,19],"killed_by":"3 Cultists","ascension_level":3}