{"gold_per_floor":[115,115,134,146,158,183,194,209,232,232,232,252,252,281,281,377,377,395,395,76,91,108,108,124,124,124,138,138,78,92,102,102,102],"floor_reached":33,"playtime":3626,"items_purged":["Defend_G"],"score":341,"play_id":"0ce2b839-bde5-4dd3-b5e3-46bf73691e5b","local_time":"20190202195656","is_ascension_mode":true,"campfire_choices":[{"floor":11,"key":"REST"},{"data":"Neutralize","floor":13,"key":"SMITH"},{"data":"Sucker Punch","floor":15,"key":"SMITH"},{"data":"Ghostly","floor":23,"key":"SMITH"},{"data":"Ghostly","floor":25,"key":"SMITH"},{"data":"Ghostly","floor":28,"key":"SMITH"},{"data":"Ghostly","floor":32,"key":"SMITH"}],"neow_cost":"NONE","seed_source_timestamp":436059923279704,"circlet_count":0,"master_deck":["Defend_G","Defend_G","Strike_G","Strike_G","Survivor","Neutralize+1","Leg Sweep","Blade Dance","All Out Attack","Backstab","Predator","Sucker Punch+1","Caltrops","Dodge and Roll","Blur","Malaise","Dagger Spray+1","PiercingWail+1","Escape Plan+1","Poisoned Stab","Ghostly+1","Ghostly+1","Ghostly+1","Ghostly","Ghostly+1","Quick Slash","Dodge and Roll","Footwork","Normality","Poisoned Stab","Underhanded Strike","Flechettes","Heel Hook+1","Acrobatics"],"relics":["Cursed Key","Pear","Vajra","Snake Skull","PreservedInsect","Astrolabe","Mercury Hourglass","Gremlin Horn"],"potions_floor_usage":[6,7,14,16,33,33],"damage_taken":[{"damage":0,"enemies":"Small Slimes","floor":1,"turns":3},{"damage":4,"enemies":"2 Louse","floor":3,"turns":4},{"damage":0,"enemies":"Cultist","floor":4,"turns":4},{"damage":0,"enemies":"3 Louse","floor":5,"turns":2},{"damage":27,"enemies":"Lagavulin","floor":6,"turns":7},{"damage":0,"enemies":"Gremlin Gang","floor":7,"turns":3},{"damage":1,"enemies":"2 Fungi Beasts","floor":8,"turns":3},{"damage":0,"enemies":"Large Slime","floor":12,"turns":4},{"damage":6,"enemies":"Gremlin Nob","floor":14,"turns":4},{"damage":5,"enemies":"Slime Boss","floor":16,"turns":8},{"damage":19,"enemies":"Shell Parasite","floor":18,"turns":4},{"damage":0,"enemies":"Chosen","floor":21,"turns":5},{"damage":3,"enemies":"Centurion and Healer","floor":22,"turns":6},{"damage":2,"enemies":"3 Cultists","floor":24,"turns":5},{"damage":1,"enemies":"Snecko","floor":27,"turns":6},{"damage":2,"enemies":"Centurion and Healer","floor":30,"turns":7},{"damage":2,"enemies":"Cultist and Chosen","floor":31,"turns":6},{"damage":38,"enemies":"Collector","floor":33,"turns":13}],"seed_played":"3448282479849397313","potions_obtained":[{"floor":1,"key":"Fire Potion"},{"floor":3,"key":"Swift Potion"},{"floor":4,"key":"Energy Potion"},{"floor":12,"key":"Block Potion"},{"floor":18,"key":"SpeedPotion"},{"floor":22,"key":"Ancient Potion"},{"floor":27,"key":"FearPotion"}],"is_trial":false,"path_per_floor":["M","?","M","M","M","E","M","M","T","?","R","M","R","E","R","B",null,"M","?","$","M","M","R","M","R","T","M","R","?","M","M","R","B"],"character_chosen":"THE_SILENT","items_purchased":["Mercury Hourglass"],"campfire_rested":1,"item_purchase_floors":[20],"current_hp_per_floor":[70,73,69,69,69,42,42,41,41,41,65,65,65,59,59,54,80,61,40,40,40,37,37,35,35,35,34,34,34,32,30,30,0],"gold":102,"neow_bonus":"BOSS_RELIC","is_prod":false,"is_daily":false,"chose_seed":false,"campfire_upgraded":6,"win_rate":0,"timestamp":1549166216,"path_taken":["M","?","M","M","M","E","M","M","T","?","R","?","R","E","R","BOSS","M","?","$","M","M","R","M","R","T","M","R","?","M","?","R","BOSS"],"build_version":"2019-01-23","purchased_purges":1,"victory":false,"max_hp_per_floor":[70,80,80,80,80,80,80,80,80,80,80,80,80,80,80,80,80,80,40,40,40,40,40,40,40,40,40,40,40,40,40,40,40],"card_choices":[{"not_picked":["Prepared","Catalyst"],"picked":"Leg Sweep","floor":1},{"not_picked":["Backflip","Outmaneuver"],"picked":"Blade Dance","floor":3},{"not_picked":["Dodge and Roll","Deadly Poison"],"picked":"All Out Attack","floor":4},{"not_picked":["Quick Slash","Slice"],"picked":"Backstab","floor":5},{"not_picked":["Escape Plan","Night Terror"],"picked":"Predator","floor":6},{"not_picked":["Leg Sweep","Predator"],"picked":"Sucker Punch","floor":7},{"not_picked":["Slice","Outmaneuver"],"picked":"Caltrops","floor":8},{"not_picked":["All Out Attack","Flying Knee"],"picked":"Dodge and Roll","floor":12},{"not_picked":["Accuracy","Blade Dance"],"picked":"Blur","floor":14},{"not_picked":["Venomology","Tools of the Trade"],"picked":"Malaise","floor":16},{"not_picked":["Expertise+1","Deflect"],"picked":"Poisoned Stab","floor":18},{"not_picked":["Choke+1","Slice"],"picked":"Quick Slash","floor":21},{"not_picked":["Blade Dance","Deflect"],"picked":"Dodge and Roll","floor":22},{"not_picked":["Bane","Underhanded Strike"],"picked":"Footwork","floor":24},{"not_picked":["Cloak And Dagger","Backflip+1"],"picked":"Poisoned Stab","floor":27},{"not_picked":["Predator","Accuracy"],"picked":"Heel Hook+1","floor":30},{"not_picked":["Tactician","Outmaneuver"],"picked":"Acrobatics","floor":31}],"player_experience":409749,"relics_obtained":[{"floor":6,"key":"Vajra"},{"floor":9,"key":"Snake Skull"},{"floor":14,"key":"PreservedInsect"},{"floor":26,"key":"Gremlin Horn"}],"event_choices":[{"damage_healed":0,"gold_gain":0,"player_choice":"Success","damage_taken":7,"relics_obtained":["Pear"],"max_hp_gain":0,"max_hp_loss":0,"event_name":"Scrap Ooze","floor":2,"gold_loss":0},{"cards_removed":["Doubt"],"damage_healed":0,"gold_gain":0,"player_choice":"Purged","damage_taken":0,"max_hp_gain":0,"max_hp_loss":0,"event_name":"Purifier","floor":10,"gold_loss":0},{"damage_healed":0,"gold_gain":0,"player_choice":"Became a Ghost","damage_taken":0,"max_hp_gain":0,"max_hp_loss":40,"event_name":"Ghosts","floor":19,"gold_loss":0,"cards_obtained":["Ghostly","Ghostly","Ghostly","Ghostly","Ghostly"]},{"damage_healed":0,"gold_gain":0,"cards_transformed":["Strike_G","Defend_G"],"player_choice":"Transformed Cards","damage_taken":0,"max_hp_gain":0,"max_hp_loss":0,"event_name":"Designer","floor":29,"gold_loss":60,"cards_obtained":["Underhanded Strike","Flechettes"]}],"is_beta":false,"boss_relics":[{"not_picked":["WristBlade","Runic Dome"],"picked":"Astrolabe"}],"items_purged_floors":[20],"is_endless":false,"potions_floor_spawned":[1,3,4,12,18,22,27],"killed_by":"Collector","ascension_level":4}