{"gold_per_floor":[112,112,128,146,159,159,172,54,54,80,152,41,69,69,69,69],"floor_reached":16,"playtime":609,"items_purged":["Regret"],"score":110,"play_id":"bf59da46-9d4a-44c8-8c24-7edb23f6a096","local_time":"20180701132235","is_ascension_mode":false,"campfire_choices":[{"floor":6,"key":"REST"},{"floor":15,"key":"REST"}],"neow_cost":"NONE","seed_source_timestamp":329905690345509,"circlet_count":0,"master_deck":["Defend_G","Defend_G","Defend_G","Defend_G","Defend_G","Strike_G","Strike_G","Strike_G","Strike_G","Strike_G","Survivor","Neutralize","Adrenaline","Noxious Fumes","Blur","Well Laid Plans","Slice","Slice","Bouncing Flask","Poisoned Stab","Outmaneuver","Well Laid Plans"],"relics":["Ring of the Snake","Lantern","Ancient Tea Set","Matryoshka","Bronze Scales","Dodecahedron","Ice Cream"],"potions_floor_usage":[10,16],"damage_taken":[{"damage":0,"enemies":"Jaw Worm","floor":1,"turns":4},{"damage":5,"enemies":"2 Louse","floor":3,"turns":4},{"damage":0,"enemies":"Cultist","floor":4,"turns":5},{"damage":30,"enemies":"Gremlin Gang","floor":5,"turns":6},{"damage":13,"enemies":"Exordium Wildlife","floor":7,"turns":6},{"damage":20,"enemies":"3 Sentries","floor":10,"turns":5},{"damage":11,"enemies":"Lagavulin","floor":13,"turns":5},{"damage":33,"enemies":"The Guardian","floor":16,"turns":6}],"seed_played":"8846415348607855715","potions_obtained":[{"floor":3,"key":"GamblersBrew"},{"floor":4,"key":"LiquidBronze"},{"floor":13,"key":"SteroidPotion"}],"is_trial":false,"path_per_floor":["M","?","M","M","M","R","M","$","T","E","T","$","E","$","R"],"character_chosen":"THE_SILENT","items_purchased":["Bouncing Flask","Poisoned Stab","Well Laid Plans"],"campfire_rested":2,"item_purchase_floors":[8,8,12],"current_hp_per_floor":[70,70,65,65,35,56,43,43,43,23,23,23,12,12,33,0],"gold":69,"neow_bonus":"ONE_RANDOM_RARE_CARD","is_prod":false,"is_daily":false,"chose_seed":false,"campfire_upgraded":0,"win_rate":0.0,"timestamp":1530469355,"path_taken":["M","?","?","?","M","R","M","$","T","E","?","$","E","$","R","BOSS"],"build_version":"2018-06-29","purchased_purges":1,"victory":false,"max_hp_per_floor":[70,70,70,70,70,70,70,70,70,70,70,70,70,70,70,70],"card_choices":[{"not_picked":["Flying Knee","Prepared"],"picked":"Noxious Fumes","floor":1},{"not_picked":["All Out Attack","Reflex"],"picked":"Blur","floor":3},{"not_picked":["Backstab","Prepared"],"picked":"Well Laid Plans","floor":4},{"not_picked":["Prepared","Bane"],"picked":"Slice","floor":5},{"not_picked":["Flechettes","Prepared"],"picked":"Slice","floor":7},{"not_picked":["Crippling Poison","Skewer"],"picked":"Outmaneuver","floor":10},{"not_picked":["Flechettes","Malaise","Corpse Explosion"],"picked":"SKIP","floor":13}],"player_experience":25854,"relics_obtained":[{"floor":9,"key":"Ancient Tea Set"},{"floor":10,"key":"Matryoshka"},{"floor":11,"key":"Bronze Scales"},{"floor":11,"key":"Dodecahedron"},{"floor":13,"key":"Ice Cream"}],"event_choices":[{"event_name":"Big Fish","player_choice":"Box","floor":2,"damage_taken":0}],"boss_relics":[],"items_purged_floors":[12],"is_endless":false,"potions_floor_spawned":[3,4,13],"killed_by":"The Guardian","ascension_level":0}