{"gold_per_floor":[119,119,119,119,42,60,73,93,93,128,140,152,164,4,4,100,100,110,121,121,138,70,70,82,82,82,100,0,12,12,27,27,129,129,139,32,43,43,53,53],"floor_reached":40,"playtime":1379,"items_purged":["Strike_G","Strike_G"],"score":388,"play_id":"764b965b-21fc-409f-a4b4-bdc63365b0f5","local_time":"20181229023502","is_ascension_mode":false,"campfire_choices":[{"data":"Doppelganger","floor":11,"key":"SMITH"},{"data":"Doppelganger","floor":13,"key":"SMITH"},{"floor":15,"key":"REST"},{"data":"Choke","floor":23,"key":"SMITH"},{"data":"Blade Dance","floor":25,"key":"SMITH"},{"data":"Infinite Blades","floor":32,"key":"SMITH"}],"neow_cost":"PERCENT_DAMAGE","seed_source_timestamp":11874191403695,"circlet_count":0,"master_deck":["Defend_G","Defend_G","Defend_G","Defend_G","Survivor","Neutralize","Doppelganger+1","Infinite Blades","Blade Dance+1","Caltrops","Doppelganger+1","Infinite Blades+1","Backflip","A Thousand Cuts+1","Choke+1","Footwork","Deflect","Escape Plan","Burst","Blade Dance+1","Accuracy","Deflect","Prepared"],"relics":["Ring of the Snake","Ninja Scroll","Strawberry","Ornamental Fan","MawBank","Cursed Key","Empty Cage"],"potions_floor_usage":[8,33,40],"damage_taken":[{"damage":0,"enemies":"Cultist","floor":1,"turns":5},{"damage":0,"enemies":"2 Louse","floor":6,"turns":2},{"damage":1,"enemies":"Jaw Worm","floor":7,"turns":3},{"damage":11,"enemies":"Exordium Thugs","floor":8,"turns":6},{"damage":15,"enemies":"3 Sentries","floor":10,"turns":9},{"damage":17,"enemies":"Hexaghost","floor":16,"turns":11},{"damage":0,"enemies":"Shell Parasite","floor":18,"turns":6},{"damage":0,"enemies":"3 Byrds","floor":19,"turns":3},{"damage":5,"enemies":"Snake Plant","floor":21,"turns":4},{"damage":9,"enemies":"Cultist and Chosen","floor":24,"turns":6},{"damage":4,"enemies":"Sentry and Sphere","floor":27,"turns":5},{"damage":0,"enemies":"Snake Plant","floor":29,"turns":4},{"damage":10,"enemies":"Shelled Parasite and Fungi","floor":31,"turns":4},{"damage":40,"enemies":"Automaton","floor":33,"turns":7},{"damage":27,"enemies":"3 Darklings","floor":35,"turns":4},{"damage":0,"enemies":"3 Shapes","floor":37,"turns":4},{"damage":18,"enemies":"3 Darklings","floor":39,"turns":4},{"damage":38,"enemies":"Reptomancer","floor":40,"turns":2}],"seed_played":"-3299374426194567999","potions_obtained":[{"floor":1,"key":"SkillPotion"},{"floor":8,"key":"FearPotion"},{"floor":16,"key":"EssenceOfSteel"},{"floor":19,"key":"Strength Potion"},{"floor":31,"key":"PowerPotion"}],"is_trial":false,"path_per_floor":["M","?","?","T","$","M","M","M","T","E","R","?","R","$","R","B",null,"M","M","?","M","$","R","M","R","T","M","$","M","?","M","R","B",null,"M","$","M","?","M","E"],"character_chosen":"THE_SILENT","items_purchased":["Infinite Blades","Infinite Blades","Backflip","Footwork","Accuracy","Deflect"],"campfire_rested":1,"item_purchase_floors":[5,14,14,22,36,36],"current_hp_per_floor":[49,54,47,54,54,54,53,42,42,27,27,20,20,20,44,27,82,82,82,82,77,77,77,68,68,68,64,64,64,64,54,54,14,82,55,55,55,55,37,0],"gold":53,"neow_bonus":"THREE_RARE_CARDS","is_prod":false,"is_daily":false,"chose_seed":false,"campfire_upgraded":5,"win_rate":0,"timestamp":1546050902,"path_taken":["M","?","?","?","$","?","M","M","T","E","R","?","R","?","R","BOSS","M","M","?","M","$","R","M","R","T","M","?","?","?","M","R","BOSS","M","$","M","?","?","E"],"build_version":"2018-12-20","purchased_purges":2,"victory":false,"max_hp_per_floor":[70,75,75,82,82,82,82,82,82,82,82,82,82,82,82,82,82,82,82,82,82,82,82,82,82,82,82,82,82,82,82,82,82,82,82,82,82,82,82,82],"card_choices":[{"not_picked":["Phantasmal Killer","Venomology"],"picked":"Doppelganger","floor":0},{"not_picked":["Finisher","Flying Knee","Eviscerate"],"picked":"SKIP","floor":1},{"not_picked":["Prepared","Cloak And Dagger"],"picked":"Blade Dance","floor":6},{"not_picked":["Poisoned Stab","Blade Dance"],"picked":"Caltrops","floor":7},{"not_picked":["Acrobatics","Outmaneuver","Reflex"],"picked":"SKIP","floor":8},{"not_picked":["Well Laid Plans","Crippling Poison"],"picked":"Doppelganger","floor":10},{"not_picked":["Adrenaline","Doppelganger"],"picked":"A Thousand Cuts","floor":16},{"not_picked":["Expertise","Slice","Outmaneuver"],"picked":"SKIP","floor":18},{"not_picked":["Sucker Punch","All Out Attack","Dodge and Roll"],"picked":"SKIP","floor":19},{"not_picked":["Dodge and Roll","Sucker Punch+1"],"picked":"Choke","floor":21},{"not_picked":["Backstab","Blade Dance"],"picked":"Deflect","floor":24},{"not_picked":["Expertise","Dagger Throw","Catalyst"],"picked":"SKIP","floor":27},{"not_picked":["Dagger Throw","Glass Knife","Acrobatics"],"picked":"SKIP","floor":29},{"not_picked":["Dash","Poisoned Stab+1","Choke"],"picked":"SKIP","floor":31},{"not_picked":["Storm of Steel","Doppelganger"],"picked":"Burst","floor":33},{"not_picked":["Sucker Punch+1","Well Laid Plans"],"picked":"Blade Dance+1","floor":35},{"not_picked":["Quick Slash+1","Slice+1","Terror"],"picked":"SKIP","floor":37},{"not_picked":["Acrobatics+1","Poisoned Stab","Dagger Throw"],"picked":"SKIP","floor":39}],"player_experience":318397,"relics_obtained":[{"floor":4,"key":"Strawberry"},{"floor":9,"key":"Ornamental Fan"},{"floor":10,"key":"MawBank"}],"event_choices":[{"damage_healed":0,"gold_gain":0,"player_choice":"Donut","damage_taken":0,"max_hp_gain":5,"max_hp_loss":0,"event_name":"Big Fish","floor":2,"gold_loss":0},{"damage_healed":0,"gold_gain":0,"player_choice":"Success","damage_taken":7,"relics_obtained":["Ninja Scroll"],"max_hp_gain":0,"max_hp_loss":0,"event_name":"Scrap Ooze","floor":3,"gold_loss":0},{"cards_removed":["Strike_G"],"damage_healed":0,"gold_gain":0,"player_choice":"Card Removal","damage_taken":7,"max_hp_gain":0,"max_hp_loss":0,"event_name":"Golden Wing","floor":12,"gold_loss":0},{"damage_healed":0,"gold_gain":0,"player_choice":"Forge","damage_taken":0,"max_hp_gain":0,"max_hp_loss":0,"event_name":"Accursed Blacksmith","floor":20,"gold_loss":0,"cards_upgraded":["A Thousand Cuts"]},{"damage_healed":0,"gold_gain":0,"player_choice":"Read","damage_taken":0,"max_hp_gain":0,"max_hp_loss":0,"event_name":"The Library","floor":30,"gold_loss":0,"cards_obtained":["Escape Plan"]},{"damage_healed":0,"gold_gain":0,"cards_transformed":["Strike_G"],"player_choice":"Transformed","damage_taken":0,"max_hp_gain":0,"max_hp_loss":0,"event_name":"Transmorgrifier","floor":38,"gold_loss":0,"cards_obtained":["Prepared"]}],"is_beta":false,"boss_relics":[{"not_picked":["White Beast Statue","Black Star"],"picked":"Cursed Key"},{"not_picked":["Lizard Tail","Snecko Eye"],"picked":"Empty Cage"}],"items_purged_floors":[14,28],"is_endless":false,"potions_floor_spawned":[1,8,16,19,24,29,31],"killed_by":"Reptomancer","ascension_level":0}