{"gold_per_floor":[116,129,129,143,46,46,80,80,104,104,114,149,149,166,166,269,269,280,292,19,37,48,48,60,60,84,96,96,96,115,148,148,247,247,259,159,159,174,194,194,223,223,223,84,0,0,0,31,43,55],"floor_reached":51,"playtime":5587,"items_purged":["Doubt","Shame"],"score":781,"play_id":"6bf394ed-53af-4a4b-9e6e-32feaf4b4389","local_time":"20180824202950","is_ascension_mode":true,"campfire_choices":[{"data":"Defragment","floor":6.0,"key":"SMITH"},{"floor":8.0,"key":"REST"},{"data":"Consume","floor":10.0,"key":"SMITH"},{"data":"Darkness","floor":15.0,"key":"SMITH"},{"data":"Multi-Cast","floor":23.0,"key":"SMITH"},{"floor":29.0,"key":"REST"},{"data":"Multi-Cast","floor":32.0,"key":"SMITH"},{"data":"Defragment","floor":40,"key":"SMITH"},{"data":"Defragment","floor":42,"key":"SMITH"},{"data":"Multi-Cast","floor":46,"key":"SMITH"},{"floor":49,"key":"REST"}],"neow_cost":"NONE","seed_source_timestamp":0,"circlet_count":0,"master_deck":["Strike_B+1","Strike_B+1","Strike_B+1","Strike_B+1","Defend_B+1","Defend_B+1","Defend_B+1","Defend_B+1","Zap+1","Dualcast","Beam Cell","Defragment+1","Consume+1","Coolheaded","Ball Lightning","Chill","Darkness+1","Skim+1","Multi-Cast+1","Double Energy+1","Fusion+1","BootSequence+1","Self Repair","Hologram+1","Redo","Multi-Cast+1","Machine Learning","Defragment+1","Glacier+1","Defragment+1","Skim+1","Coolheaded+1","Clumsy","Multi-Cast+1"],"special_seed":0,"relics":["Cursed Key","Blood Vial","Potion Belt","Centennial Puzzle","Ice Cream","Inserter","Chemical X","War Paint","Orichalcum","Orrery","Singing Bowl","Vajra","Red Mask","MawBank"],"potions_floor_usage":[39,39],"damage_taken":[{"damage":0.0,"enemies":"2 Louse","floor":1.0,"turns":2.0},{"damage":0.0,"enemies":"Cultist","floor":2.0,"turns":4.0},{"damage":7.0,"enemies":"Jaw Worm","floor":4.0,"turns":3.0},{"damage":12.0,"enemies":"Lagavulin","floor":7.0,"turns":6.0},{"damage":4.0,"enemies":"Blue Slaver","floor":11.0,"turns":3.0},{"damage":16.0,"enemies":"Gremlin Nob","floor":12.0,"turns":3.0},{"damage":17.0,"enemies":"Exordium Thugs","floor":14.0,"turns":4.0},{"damage":27.0,"enemies":"The Guardian","floor":16.0,"turns":9.0},{"damage":7.0,"enemies":"Chosen","floor":18.0,"turns":3.0},{"damage":13.0,"enemies":"2 Thieves","floor":19.0,"turns":3.0},{"damage":5.0,"enemies":"Snake Plant","floor":21.0,"turns":3.0},{"damage":1.0,"enemies":"Centurion and Healer","floor":22.0,"turns":3.0},{"damage":21.0,"enemies":"Sentry and Sphere","floor":24.0,"turns":8.0},{"damage":7.0,"enemies":"Snake Plant","floor":27.0,"turns":3.0},{"damage":10.0,"enemies":"Centurion and Healer","floor":30.0,"turns":5.0},{"damage":9.0,"enemies":"Gremlin Leader","floor":31.0,"turns":6.0},{"damage":8.0,"enemies":"Collector","floor":33.0,"turns":6.0},{"damage":12.0,"enemies":"Flame Bruiser 1 Orb","floor":35.0,"turns":3.0},{"damage":0,"enemies":"3 Shapes","floor":38,"turns":4},{"damage":12,"enemies":"Spire Growth","floor":39,"turns":3},{"damage":0,"enemies":"Giant Head","floor":41,"turns":9},{"damage":13,"enemies":"2 Orb Walkers","floor":48,"turns":3},{"damage":14,"enemies":"Awakened One","floor":50,"turns":11}],"seed_played":"1662925290680679607","potions_obtained":[{"floor":2.0,"key":"SkillPotion"},{"floor":4.0,"key":"Explosive Potion"},{"floor":11.0,"key":"SteroidPotion"},{"floor":14.0,"key":"AttackPotion"},{"floor":16.0,"key":"SteroidPotion"},{"floor":21.0,"key":"Ancient Potion"},{"floor":24.0,"key":"EssenceOfSteel"},{"floor":27.0,"key":"Explosive Potion"},{"floor":33.0,"key":"SpeedPotion"},{"floor":35.0,"key":"SpeedPotion"},{"floor":38,"key":"EssenceOfSteel"},{"floor":39,"key":"Explosive Potion"}],"is_trial":false,"path_per_floor":["M","M","?","M","$","R","E","R","T","R","M","E","?","M","R","B",null,"M","M","$","M","M","R","M","?","T","M","$","R","M","E","R","B",null,"M","$","?","M","M","R","E","R","T","$","?","R","?","E","R","B"],"character_chosen":"DEFECT","items_purchased":["Coolheaded","Ball Lightning","Chemical X","Multi-Cast"],"campfire_rested":3,"item_purchase_floors":[5,5,20,44],"current_hp_per_floor":[75,75,50,45,45,45,35,57,57,57,55,41,66,51,51,26,75,68,57,57,54,55,55,36,36,36,38,38,60,59,59,59,60,75,63,63,63,72,62,62,73,73,73,73,73,73,73,64,79,72],"gold":67,"neow_bonus":"BOSS_RELIC","is_prod":false,"is_daily":false,"chose_seed":false,"campfire_upgraded":8,"win_rate":0,"timestamp":1535160590,"path_taken":["M","M","?","?","$","R","E","R","T","R","M","E","?","M","R","BOSS","M","M","$","M","M","R","M","?","T","M","$","R","M","E","R","BOSS","M","$","?","?","M","R","E","R","T","$","?","R","?","E","R","BOSS"],"build_version":"2018-08-23v2","purchased_purges":2,"victory":true,"max_hp_per_floor":[75,75,75,75,75,75,75,75,75,75,75,75,75,75,75,75,75,75,75,75,75,75,75,75,75,75,75,75,75,75,75,75,75,75,75,75,75,75,75,75,77,77,77,77,77,77,77,79,79,79],"card_choices":[{"not_picked":["Turbo","Go for the Eyes"],"picked":"Beam Cell","floor":1.0},{"not_picked":["Stack","Steam"],"picked":"Defragment","floor":2.0},{"not_picked":["Steam Power","Gash"],"picked":"Consume","floor":4.0},{"not_picked":["Scrape","Leap"],"picked":"Chill","floor":7.0},{"not_picked":["Leap","Steam"],"picked":"Darkness","floor":11.0},{"not_picked":["Hello World","Barrage","Steam Power"],"picked":"SKIP","floor":12.0},{"not_picked":["Redo","Steam"],"picked":"Skim","floor":14.0},{"not_picked":["Echo Form","Machine Learning"],"picked":"Multi-Cast","floor":16.0},{"not_picked":["Glacier","Scrape"],"picked":"Double Energy+1","floor":18.0},{"not_picked":["Sweeping Beam","Tempest"],"picked":"Fusion+1","floor":19.0},{"not_picked":["Static Discharge","Heatsinks+1"],"picked":"BootSequence+1","floor":21.0},{"not_picked":["Doom and Gloom","Beam Cell","Conserve Battery"],"picked":"SKIP","floor":22.0},{"not_picked":["Redo","Recycle"],"picked":"Self Repair","floor":24.0},{"not_picked":["Leap","Scrape"],"picked":"Hologram+1","floor":27.0},{"not_picked":["Force Field+1","Sunder"],"picked":"Redo","floor":30.0},{"not_picked":["Leap","Steam"],"picked":"Multi-Cast","floor":31.0},{"not_picked":["Reboot","All For One"],"picked":"Machine Learning","floor":33.0},{"not_picked":["Rip and Tear","Beam Cell"],"picked":"Defragment","floor":34.0},{"not_picked":["Go for the Eyes","Heatsinks"],"picked":"Loop","floor":34.0},{"not_picked":["Sweeping Beam","Barrage"],"picked":"Glacier+1","floor":34.0},{"not_picked":["Rebound+1","Gash+1"],"picked":"Defragment","floor":35.0},{"not_picked":["Gash","Electrodynamics"],"picked":"Skim+1","floor":38},{"not_picked":["Redo+1","Sweeping Beam"],"picked":"Coolheaded+1","floor":39},{"not_picked":["Barrage+1","Conserve Battery+1","Go for the Eyes"],"picked":"Singing Bowl","floor":41},{"not_picked":["Chill","Sunder","Aggregate+1"],"picked":"Singing Bowl","floor":48}],"player_experience":208963,"relics_obtained":[{"floor":7.0,"key":"Potion Belt"},{"floor":9.0,"key":"Centennial Puzzle"},{"floor":12.0,"key":"Ice Cream"},{"floor":26.0,"key":"War Paint"},{"floor":31.0,"key":"Orichalcum"},{"floor":41,"key":"Singing Bowl"},{"floor":43,"key":"Vajra"},{"floor":48,"key":"MawBank"}],"event_choices":[{"event_name":"Scrap Ooze","player_choice":"success","floor":3.0,"damage_taken":25.0},{"event_name":"Big Fish","player_choice":"Banana","floor":13.0,"damage_taken":0.0},{"event_name":"Back to Basics","player_choice":"Simplicity","floor":25.0,"damage_taken":0.0},{"event_name":"Falling","player_choice":"Removed Power","floor":37,"damage_taken":0},{"event_name":"Tomb of Lord Red Mask","player_choice":"Paid","floor":45,"damage_taken":0},{"event_name":"Accursed Blacksmith","player_choice":"Ignore","floor":47,"damage_taken":0}],"is_beta":false,"boss_relics":[{"not_picked":["Tiny House","Runic Pyramid"],"picked":"Inserter"},{"not_picked":["Pandora\u0027s Box","Busted Crown"],"picked":"Orrery"}],"items_purged_floors":[20,36],"is_endless":false,"potions_floor_spawned":[2,4,11,14,16,21,24,27,33,35,38,39],"ascension_level":2}