{"gold_per_floor":[112,130,130,130,130,130,174,174,174,218,236,236,256,281,281,281],"floor_reached":16,"playtime":677,"items_purged":[],"score":209,"play_id":"694f885d-0177-467f-b3bc-1e3c60604594","local_time":"20190120135918","is_ascension_mode":true,"campfire_choices":[{"data":"Carnage","floor":6,"key":"SMITH"},{"data":"Metallicize","floor":8,"key":"SMITH"},{"data":"Immolate","floor":12,"key":"SMITH"},{"data":"Iron Wave","floor":15,"key":"SMITH"}],"neow_cost":"NONE","seed_source_timestamp":851127075888776,"circlet_count":0,"master_deck":["AscendersBane","Strike_R","Strike_R","Strike_R","Strike_R","Defend_R","Defend_R","Defend_R","Defend_R","Bash+1","Carnage+1","Metallicize+1","Heavy Blade","Iron Wave+1","Immolate+1","Shrug It Off"],"relics":["Burning Blood","Golden Idol","Darkstone Periapt","Omamori","Matryoshka"],"potions_floor_usage":[7,13],"damage_taken":[{"damage":9,"enemies":"2 Louse","floor":1,"turns":3},{"damage":10,"enemies":"Small Slimes","floor":2,"turns":3},{"damage":26,"enemies":"Gremlin Nob","floor":7,"turns":4},{"damage":32,"enemies":"Lagavulin","floor":10,"turns":5},{"damage":0,"enemies":"Cultist","floor":11,"turns":2},{"damage":7,"enemies":"Large Slime","floor":13,"turns":6},{"damage":0,"enemies":"Lots of Slimes","floor":14,"turns":2},{"damage":25,"enemies":"Slime Boss","floor":16,"turns":6}],"seed_played":"-8922616818858104090","potions_obtained":[{"floor":2,"key":"Poison Potion"},{"floor":11,"key":"Poison Potion"},{"floor":14,"key":"LiquidBronze"}],"is_trial":false,"path_per_floor":["M","M","?","?","?","R","E","R","T","E","M","R","M","M","R","B"],"character_chosen":"IRONCLAD","items_purchased":[],"campfire_rested":0,"item_purchase_floors":[],"current_hp_per_floor":[65,61,61,35,60,60,40,40,40,14,20,20,19,25,25,0],"gold":281,"neow_bonus":"UPGRADE_CARD","is_prod":false,"is_daily":false,"chose_seed":false,"campfire_upgraded":4,"win_rate":0,"timestamp":1548021558,"path_taken":["M","M","?","?","?","R","E","R","T","E","M","R","M","M","R","BOSS"],"build_version":"2019-01-17v2","purchased_purges":0,"victory":false,"max_hp_per_floor":[75,75,75,75,75,75,75,75,75,75,75,75,75,75,75,75],"card_choices":[{"not_picked":["Anger","True Grit"],"picked":"Carnage","floor":1},{"not_picked":["Clash","Shrug It Off"],"picked":"Metallicize","floor":2},{"not_picked":["Dual Wield","Perfected Strike"],"picked":"Iron Wave","floor":7},{"not_picked":["Clash","Anger"],"picked":"Immolate","floor":10},{"not_picked":["Cleave","Clash"],"picked":"Shrug It Off","floor":11},{"not_picked":["Anger","Twin Strike","Entrench"],"picked":"SKIP","floor":13},{"not_picked":["Seeing Red","Wild Strike","Clothesline"],"picked":"SKIP","floor":14}],"player_experience":419349,"relics_obtained":[{"floor":7,"key":"Darkstone Periapt"},{"floor":9,"key":"Omamori"},{"floor":10,"key":"Matryoshka"}],"event_choices":[{"damage_healed":0,"gold_gain":0,"cards_transformed":["Strike_R"],"player_choice":"Change","damage_taken":0,"max_hp_gain":0,"max_hp_loss":0,"event_name":"Living Wall","floor":3,"gold_loss":0,"cards_obtained":["Heavy Blade"]},{"damage_healed":0,"gold_gain":0,"player_choice":"Take Damage","damage_taken":26,"relics_obtained":["Golden Idol"],"max_hp_gain":0,"max_hp_loss":0,"event_name":"Golden Idol","floor":4,"gold_loss":0},{"damage_healed":25,"gold_gain":0,"player_choice":"Banana","damage_taken":0,"max_hp_gain":0,"max_hp_loss":0,"event_name":"Big Fish","floor":5,"gold_loss":0}],"is_beta":false,"boss_relics":[],"items_purged_floors":[],"is_endless":false,"potions_floor_spawned":[2,11,14],"killed_by":"Slime Boss","ascension_level":18}