{"gold_per_floor":[113,113,125,137,154,154,72,105,152,152,170,170],"floor_reached":12,"playtime":477,"items_purged":[],"score":92,"play_id":"6c54e7bd-2f52-4c98-ba60-e834ededc5b0","local_time":"20190204162854","is_ascension_mode":true,"campfire_choices":[{"data":"Lockon","floor":6,"key":"SMITH"},{"data":"Doom and Gloom","floor":10,"key":"SMITH"}],"neow_cost":"PERCENT_DAMAGE","seed_source_timestamp":357285545737465,"circlet_count":0,"master_deck":["Strike_B","Strike_B","Strike_B","Strike_B","Defend_B","Defend_B","Defend_B","Defend_B","Zap","Dualcast","Lockon+1","Rebound","Leap","Cold Snap","Static Discharge","Doom and Gloom+1","Sunder"],"relics":["Cracked Core","Incense Burner","Kunai","Omamori"],"potions_floor_usage":[],"damage_taken":[{"damage":0,"enemies":"2 Louse","floor":1,"turns":1},{"damage":1,"enemies":"Cultist","floor":3,"turns":3},{"damage":1,"enemies":"Small Slimes","floor":4,"turns":3},{"damage":8,"enemies":"Blue Slaver","floor":5,"turns":3},{"damage":15,"enemies":"3 Sentries","floor":8,"turns":5},{"damage":7,"enemies":"Red Slaver","floor":11,"turns":3},{"damage":0,"enemies":"Exordium Thugs","floor":12,"turns":1}],"seed_played":"1083133466379411699","potions_obtained":[{"floor":1,"key":"Weak Potion"},{"floor":4,"key":"Ancient Potion"},{"floor":8,"key":"FocusPotion"}],"is_trial":false,"path_per_floor":["?","M","M"],"character_chosen":"DEFECT","items_purchased":["Static Discharge"],"campfire_rested":0,"item_purchase_floors":[7],"current_hp_per_floor":[54,54,53,52,44,44,44,29,29,29,22,22],"gold":170,"neow_bonus":"ONE_RARE_RELIC","is_prod":false,"is_daily":false,"chose_seed":false,"campfire_upgraded":2,"win_rate":0,"timestamp":1549294134,"path_taken":["M","?","M","M","M","R","$","E","T","R","?","?"],"build_version":"2019-01-23","purchased_purges":0,"victory":false,"max_hp_per_floor":[75,75,75,75,75,75,75,75,75,75,75,75],"card_choices":[{"not_picked":["Static Discharge","Rip and Tear"],"picked":"Lockon","floor":1},{"not_picked":["Skim","Consume"],"picked":"Rebound","floor":3},{"not_picked":["Gash","Coolheaded"],"picked":"Leap","floor":4},{"not_picked":["Gash","Rebound"],"picked":"Cold Snap","floor":5},{"not_picked":["Genetic Algorithm","Leap"],"picked":"Doom and Gloom","floor":8},{"not_picked":["Rebound","Scrape"],"picked":"Sunder","floor":11}],"player_experience":198093,"relics_obtained":[{"floor":8,"key":"Kunai"},{"floor":9,"key":"Omamori"}],"event_choices":[{"damage_healed":0,"gold_gain":0,"player_choice":"Bought 0 Potions","damage_taken":0,"max_hp_gain":0,"max_hp_loss":0,"event_name":"The Woman in Blue","floor":2,"gold_loss":0}],"is_beta":false,"boss_relics":[],"items_purged_floors":[],"is_endless":false,"potions_floor_spawned":[1,4,8,11],"killed_by":"Exordium Thugs","ascension_level":3}