{"gold_per_floor":[115,65,65,13,13,13,44,63,89,105,35,55,55,55],"floor_reached":14,"playtime":195,"items_purged":[],"score":101,"play_id":"40160c05-42ff-4f84-8fac-505338ac3a6a","local_time":"20180922200208","is_ascension_mode":true,"campfire_choices":[{"data":"Zap","floor":6,"key":"SMITH"},{"data":"Defragment","floor":13,"key":"SMITH"}],"neow_cost":"","seed_source_timestamp":94725340589642,"circlet_count":0,"master_deck":["Strike_B+1","Strike_B","Strike_B","Defend_B","Defend_B+1","Defend_B","Defend_B","Zap+1","Dualcast","Ball Lightning","Storm","Hello World","Defragment+1"],"relics":["Cracked Core","Singing Bowl","Dream Catcher"],"potions_floor_usage":[],"damage_taken":[{"damage":10,"enemies":"2 Louse","floor":1,"turns":3},{"damage":17,"enemies":"Lagavulin","floor":7,"turns":6},{"damage":0,"enemies":"Cultist","floor":8,"turns":3},{"damage":10,"enemies":"Small Slimes","floor":10,"turns":2},{"damage":15,"enemies":"2 Fungi Beasts","floor":12,"turns":3},{"damage":16,"enemies":"Lots of Slimes","floor":14,"turns":1}],"seed_played":"3462697776656834425","potions_obtained":[{"floor":8,"key":"FearPotion"}],"is_trial":false,"path_per_floor":["M","?","?","$","?","R","E","M","T","M","$","M","R"],"character_chosen":"DEFECT","items_purchased":["Ball Lightning","Defragment"],"campfire_rested":0,"item_purchase_floors":[4,11],"current_hp_per_floor":[65,65,50,50,50,50,35,35,35,27,27,14,14,0],"gold":55,"neow_bonus":"","is_prod":false,"is_daily":false,"chose_seed":false,"campfire_upgraded":2,"win_rate":0,"timestamp":1537642928,"path_taken":["M","?","?","$","?","R","E","M","T","M","$","M","R","?"],"build_version":"2018-09-20","purchased_purges":0,"victory":false,"max_hp_per_floor":[75,75,75,75,75,75,77,77,77,79,79,81,81,81],"card_choices":[{"not_picked":["Compile Driver","Barrage","Melter"],"picked":"SKIP","floor":1},{"not_picked":["Sweeping Beam","Turbo","Consume"],"picked":"Singing Bowl","floor":7},{"not_picked":["Double Energy","Turbo"],"picked":"Hello World","floor":8},{"not_picked":["Beam Cell","Leap","Sweeping Beam"],"picked":"Singing Bowl","floor":10},{"not_picked":["Gash","Fusion","Skim"],"picked":"Singing Bowl","floor":12}],"player_experience":41468,"relics_obtained":[{"floor":7,"key":"Singing Bowl"},{"floor":9,"key":"Dream Catcher"}],"event_choices":[{"event_name":"The Cleric","player_choice":"Card Removal","floor":2,"damage_taken":0},{"event_name":"Shining Light","player_choice":"Entered Light","floor":3,"damage_taken":0},{"event_name":"Match and Keep!","player_choice":"1 cards matched","floor":5,"damage_taken":0}],"is_beta":false,"boss_relics":[],"items_purged_floors":[],"is_endless":false,"potions_floor_spawned":[8],"killed_by":"Lots of Slimes","ascension_level":3}