{"gold_per_floor":[118,118,134,34,54,83,83,93,145,145],"floor_reached":10,"playtime":252,"items_purged":[],"score":116,"play_id":"74248fcb-fe64-4f64-ac1c-b6323fc73664","local_time":"20181226202517","is_ascension_mode":true,"campfire_choices":[{"data":"Noxious Fumes","floor":7,"key":"SMITH"}],"neow_cost":"TEN_PERCENT_HP_LOSS","seed_source_timestamp":9652410713580,"circlet_count":0,"master_deck":["AscendersBane","Defend_G","Defend_G","Defend_G","Defend_G","Defend_G","Strike_G","Strike_G","Strike_G","Strike_G","Strike_G","Survivor","Neutralize","Enlightenment","Madness","Noxious Fumes+1","PiercingWail","Catalyst","Dagger Spray","Footwork","Escape Plan","Well Laid Plans"],"relics":["Ring of the Snake","GremlinMask","Matryoshka","Juzu Bracelet","Oddly Smooth Stone"],"potions_floor_usage":[6,10,10,10],"damage_taken":[{"damage":2,"enemies":"Small Slimes","floor":1,"turns":5},{"damage":0,"enemies":"Cultist","floor":3,"turns":5},{"damage":0,"enemies":"2 Louse","floor":5,"turns":3},{"damage":38,"enemies":"Gremlin Nob","floor":6,"turns":5},{"damage":8,"enemies":"Blue Slaver","floor":8,"turns":6},{"damage":10,"enemies":"Gremlin Gang","floor":10,"turns":3}],"seed_played":"6283920103008828212","potions_obtained":[{"floor":5,"key":"SteroidPotion"},{"floor":6,"key":"EntropicBrew"}],"is_trial":false,"path_per_floor":["M","?","M","$","M","E","R","M","T","M"],"character_chosen":"THE_SILENT","items_purchased":["Catalyst","Dagger Spray"],"campfire_rested":0,"item_purchase_floors":[4,4],"current_hp_per_floor":[57,57,57,57,57,19,19,11,11,1],"gold":145,"neow_bonus":"RANDOM_COLORLESS_2","is_prod":false,"is_daily":false,"chose_seed":false,"campfire_upgraded":1,"win_rate":0,"timestamp":1545855917,"path_taken":["M","?","M","$","M","E","R","M","T","M"],"build_version":"2018-12-20","purchased_purges":0,"victory":false,"max_hp_per_floor":[60,60,60,60,60,60,60,60,60,60],"card_choices":[{"not_picked":["Acrobatics","Underhanded Strike"],"picked":"Noxious Fumes","floor":1},{"not_picked":["Caltrops","Dagger Throw"],"picked":"PiercingWail","floor":3},{"not_picked":["Finisher","Masterful Stab"],"picked":"Footwork","floor":5},{"not_picked":["Dodge and Roll","Bullet Time"],"picked":"Escape Plan","floor":6},{"not_picked":["Choke","Flying Knee"],"picked":"Well Laid Plans","floor":8}],"player_experience":310010,"relics_obtained":[{"floor":6,"key":"Matryoshka"},{"floor":9,"key":"Juzu Bracelet"},{"floor":9,"key":"Oddly Smooth Stone"}],"event_choices":[{"damage_healed":0,"gold_gain":0,"player_choice":"Trade","damage_taken":0,"relics_obtained":["GremlinMask"],"max_hp_gain":0,"max_hp_loss":0,"event_name":"FaceTrader","floor":2,"gold_loss":0}],"is_beta":false,"boss_relics":[],"items_purged_floors":[],"is_endless":false,"potions_floor_spawned":[5,6],"killed_by":"Gremlin Gang","ascension_level":14}