{"gold_per_floor":[114,114,124,0,12,44,44,44,44,64,64,14,34,60,60,159,159,169,94,94,107,127,127,127,159,231,231,171,189,189,209,209,311,311,326,226,246,346,346,346],"floor_reached":40,"playtime":2560,"items_purged":["Strike_R","Strike_R"],"score":587,"play_id":"b14d16c0-c9a7-4b66-95c1-a2fec4a0e03b","local_time":"20190127034057","is_ascension_mode":true,"campfire_choices":[{"data":"Bash","floor":7,"key":"SMITH"},{"data":"Dropkick","floor":15,"key":"SMITH"},{"floor":23,"key":"REST"},{"floor":27,"key":"REST"},{"floor":30,"key":"REST"},{"data":"Dropkick","floor":32,"key":"SMITH"}],"neow_cost":"NONE","seed_source_timestamp":453779940072621,"circlet_count":0,"master_deck":["Defend_R","Defend_R","Defend_R","Bash+1","Dropkick+1","Pommel Strike","True Grit","Flex","Dropkick+1"],"relics":["Burning Blood","NeowsBlessing","Pantograph","PreservedInsect","Pear","Ornamental Fan","Runic Pyramid","Bag of Preparation","Meat on the Bone","Philosopher\u0027s Stone","StoneCalendar"],"potions_floor_usage":[13,16,18,22,25,37],"damage_taken":[{"damage":0,"enemies":"Jaw Worm","floor":1,"turns":1},{"damage":0,"enemies":"Cultist","floor":3,"turns":1},{"damage":0,"enemies":"Small Slimes","floor":5,"turns":1},{"damage":16,"enemies":"Gremlin Nob","floor":6,"turns":3},{"damage":19,"enemies":"Blue Slaver","floor":10,"turns":4},{"damage":5,"enemies":"Exordium Thugs","floor":13,"turns":4},{"damage":23,"enemies":"3 Sentries","floor":14,"turns":6},{"damage":49,"enemies":"Slime Boss","floor":16,"turns":10},{"damage":11,"enemies":"3 Byrds","floor":18,"turns":3},{"damage":47,"enemies":"Spheric Guardian","floor":21,"turns":6},{"damage":14,"enemies":"Centurion and Healer","floor":22,"turns":4},{"damage":47,"enemies":"Book of Stabbing","floor":25,"turns":4},{"damage":24,"enemies":"Cultist and Chosen","floor":29,"turns":5},{"damage":2,"enemies":"3 Cultists","floor":31,"turns":3},{"damage":0,"enemies":"Collector","floor":33,"turns":2},{"damage":1,"enemies":"Orb Walker","floor":35,"turns":2},{"damage":58,"enemies":"3 Shapes","floor":37,"turns":4},{"damage":0,"enemies":"Mind Bloom Boss Battle","floor":38,"turns":2},{"damage":109,"enemies":"Reptomancer","floor":40,"turns":3}],"seed_played":"-2041158380459505872","potions_obtained":[{"floor":1,"key":"AttackPotion"},{"floor":3,"key":"Swift Potion"},{"floor":10,"key":"LiquidBronze"},{"floor":14,"key":"Fire Potion"},{"floor":22,"key":"Poison Potion"},{"floor":25,"key":"SpeedPotion"},{"floor":33,"key":"Regen Potion"},{"floor":35,"key":"Block Potion"}],"is_trial":false,"path_per_floor":["M","?","M","$","M","E","R","T","T","M","$","?","M","E","R","B",null,"M","?","?","M","M","R","?","E","T","R","?","M","R","M","R","B",null,"M","$","M","?","?","E"],"character_chosen":"IRONCLAD","items_purchased":["Flex"],"campfire_rested":3,"item_purchase_floors":[4],"current_hp_per_floor":[80,80,80,80,80,70,70,70,80,67,67,67,68,51,51,33,90,85,85,85,44,36,63,63,22,22,49,49,43,70,74,74,90,90,90,90,50,81,81,0],"gold":346,"neow_bonus":"THREE_ENEMY_KILL","is_prod":false,"is_daily":false,"chose_seed":false,"campfire_upgraded":3,"win_rate":0,"timestamp":1548589257,"path_taken":["M","?","?","$","M","E","R","?","T","M","$","?","M","E","R","BOSS","M","?","?","M","?","R","?","E","T","R","?","M","R","M","R","BOSS","M","$","M","?","?","E"],"build_version":"2019-01-23","purchased_purges":2,"victory":false,"max_hp_per_floor":[80,80,80,80,80,80,80,80,90,90,90,90,90,90,90,90,90,90,90,90,90,90,90,90,90,90,90,90,90,90,90,90,90,90,90,90,90,90,90,90],"card_choices":[{"not_picked":["Wild Strike","Sever Soul"],"picked":"Dropkick","floor":1},{"not_picked":["Fire Breathing","Feel No Pain"],"picked":"True Grit","floor":3},{"not_picked":["Iron Wave","Ghostly Armor"],"picked":"Dropkick","floor":5},{"not_picked":["Juggernaut","Cleave","Armaments"],"picked":"SKIP","floor":6},{"not_picked":["Searing Blow","Rupture","True Grit"],"picked":"SKIP","floor":10},{"not_picked":["True Grit","Spot Weakness","Feel No Pain"],"picked":"SKIP","floor":13},{"not_picked":["Havoc","Hemokinesis","Thunderclap"],"picked":"SKIP","floor":14},{"not_picked":["Clothesline+1","Dropkick","Armaments"],"picked":"SKIP","floor":18},{"not_picked":["Shrug It Off","Fire Breathing","True Grit"],"picked":"SKIP","floor":21},{"not_picked":["Perfected Strike","Cleave","Wild Strike"],"picked":"SKIP","floor":22},{"not_picked":["Burning Pact","Dual Wield","Shrug It Off+1"],"picked":"SKIP","floor":25},{"not_picked":["Twin Strike+1","Entrench","Blood for Blood+1"],"picked":"SKIP","floor":29},{"not_picked":["Twin Strike","Second Wind","Armaments+1"],"picked":"SKIP","floor":31},{"not_picked":["Disarm+1","Shrug It Off+1","Battle Trance"],"picked":"SKIP","floor":35},{"not_picked":["Rage+1","Bloodletting","Twin Strike+1"],"picked":"SKIP","floor":37}],"player_experience":326425,"relics_obtained":[{"floor":6,"key":"Pantograph"},{"floor":8,"key":"PreservedInsect"},{"floor":9,"key":"Pear"},{"floor":14,"key":"Ornamental Fan"},{"floor":25,"key":"Bag of Preparation"},{"floor":26,"key":"Meat on the Bone"},{"floor":38,"key":"StoneCalendar"}],"event_choices":[{"damage_healed":0,"gold_gain":0,"cards_transformed":["Defend_R"],"player_choice":"Transformed","damage_taken":0,"max_hp_gain":0,"max_hp_loss":0,"event_name":"Transmorgrifier","floor":2,"gold_loss":0,"cards_obtained":["Pommel Strike"]},{"cards_removed":["Strike_R"],"damage_healed":0,"gold_gain":0,"player_choice":"Card Removal","damage_taken":0,"max_hp_gain":0,"max_hp_loss":0,"event_name":"The Cleric","floor":12,"gold_loss":50},{"cards_removed":["Strike_R"],"damage_healed":0,"gold_gain":0,"player_choice":"Gave Gold","damage_taken":0,"max_hp_gain":0,"max_hp_loss":0,"event_name":"Beggar","floor":19,"gold_loss":75},{"damage_healed":0,"gold_gain":0,"player_choice":"Bought 0 Potions","damage_taken":0,"max_hp_gain":0,"max_hp_loss":0,"event_name":"The Woman in Blue","floor":20,"gold_loss":0},{"damage_healed":0,"gold_gain":0,"player_choice":"Ignored","damage_taken":0,"max_hp_gain":0,"max_hp_loss":0,"event_name":"The Mausoleum","floor":24,"gold_loss":0},{"cards_removed":["Strike_R"],"damage_healed":0,"gold_gain":0,"player_choice":"Single Remove","damage_taken":0,"max_hp_gain":0,"max_hp_loss":0,"event_name":"Designer","floor":28,"gold_loss":60},{"damage_healed":0,"gold_gain":0,"player_choice":"Fight","damage_taken":0,"max_hp_gain":0,"max_hp_loss":0,"event_name":"MindBloom","floor":38,"gold_loss":0},{"damage_healed":0,"gold_gain":0,"player_choice":"Ignored","damage_taken":0,"max_hp_gain":0,"max_hp_loss":0,"event_name":"Mysterious Sphere","floor":39,"gold_loss":0}],"is_beta":false,"boss_relics":[{"not_picked":["Ectoplasm","Pandora\u0027s Box"],"picked":"Runic Pyramid"},{"not_picked":["Mark of Pain","Coffee Dripper"],"picked":"Philosopher\u0027s Stone"}],"items_purged_floors":[4,36],"is_endless":false,"potions_floor_spawned":[1,3,10,14,22,25,33,35],"killed_by":"Reptomancer","ascension_level":4}