{"gold_per_floor":[214,214,32,32,4,47,47,91,130,142,154,166,178,24,24,24],"floor_reached":16,"playtime":614,"items_purged":[],"score":184,"play_id":"9a0fa56a-6fa2-42e1-bea3-dff49c45d704","local_time":"20190127181146","is_ascension_mode":true,"campfire_choices":[{"floor":7,"key":"REST"},{"floor":13,"key":"REST"},{"data":"Crippling Poison","floor":15,"key":"SMITH"}],"neow_cost":"NONE","seed_source_timestamp":434810300909220,"circlet_count":0,"master_deck":["AscendersBane","Defend_G","Defend_G","Defend_G","Defend_G","Defend_G","Strike_G","Strike_G","Strike_G","Strike_G","Strike_G","Survivor","Neutralize","Endless Agony","Dagger Spray","Slice","Crippling Poison+1","Deflect"],"relics":["Ring of the Snake","Golden Idol","Tiny Chest","Paper Crane","MawBank","Pen Nib","Darkstone Periapt","Letter Opener","Orichalcum"],"potions_floor_usage":[],"damage_taken":[{"damage":0,"enemies":"Cultist","floor":1,"turns":5},{"damage":52,"enemies":"Lagavulin","floor":6,"turns":11},{"damage":23,"enemies":"3 Sentries","floor":8,"turns":10},{"damage":41,"enemies":"The Guardian","floor":16,"turns":11}],"seed_played":"-321740329908935688","potions_obtained":[],"is_trial":false,"path_per_floor":["M","?","$","?","$","E","R","E","T","T","T","?","R","$","R","B"],"character_chosen":"THE_SILENT","items_purchased":["Dagger Spray","Tiny Chest","Slice","Orichalcum"],"campfire_rested":2,"item_purchase_floors":[3,3,5,14],"current_hp_per_floor":[59,59,59,59,59,7,25,2,2,2,2,22,40,40,40,0],"gold":24,"neow_bonus":"HUNDRED_GOLD","is_prod":false,"is_daily":false,"chose_seed":false,"campfire_upgraded":1,"win_rate":0,"timestamp":1548634306,"path_taken":["M","?","$","?","?","E","R","E","T","?","?","?","R","$","R","BOSS"],"build_version":"2019-01-23","purchased_purges":0,"victory":false,"max_hp_per_floor":[66,60,60,60,60,60,60,60,60,60,60,60,60,60,60,60],"card_choices":[{"not_picked":["Prepared","Terror"],"picked":"Endless Agony","floor":1},{"not_picked":["Deflect","Infinite Blades"],"picked":"Crippling Poison","floor":6},{"not_picked":["Heel Hook","Reflex"],"picked":"Deflect","floor":8}],"player_experience":584231,"relics_obtained":[{"floor":6,"key":"Paper Crane"},{"floor":8,"key":"MawBank"},{"floor":9,"key":"Pen Nib"},{"floor":10,"key":"Darkstone Periapt"},{"floor":11,"key":"Letter Opener"}],"event_choices":[{"damage_healed":0,"gold_gain":0,"player_choice":"Lose Max HP","damage_taken":0,"relics_obtained":["Golden Idol"],"max_hp_gain":0,"max_hp_loss":6,"event_name":"Golden Idol","floor":2,"gold_loss":0},{"damage_healed":0,"gold_gain":0,"player_choice":"Ignored","damage_taken":0,"max_hp_gain":0,"max_hp_loss":0,"event_name":"Liars Game","floor":4,"gold_loss":0},{"damage_healed":20,"gold_gain":0,"player_choice":"Banana","damage_taken":0,"max_hp_gain":0,"max_hp_loss":0,"event_name":"Big Fish","floor":12,"gold_loss":0}],"is_beta":false,"boss_relics":[],"items_purged_floors":[],"is_endless":false,"potions_floor_spawned":[],"killed_by":"The Guardian","ascension_level":16}