{"gold_per_floor":[111,122,122,139,150,150,166,178,178,178,192,206,206,232,232,336,386,401,501,517,517,535,535,570,588,588,588,513,513,37,37,37,139,139,152,152,0,16,33,33,48,48,100,30,30,40,40,40,40,40],"floor_reached":50,"playtime":1468,"items_purged":["Strike_B","Strike_B"],"score":645,"play_id":"2f158d34-2e9f-4572-86fc-e2f61460e945","local_time":"20180922195051","is_ascension_mode":true,"campfire_choices":[{"data":"Doom and Gloom","floor":6,"key":"SMITH"},{"data":"Defragment","floor":10,"key":"SMITH"},{"data":"Buffer","floor":15,"key":"SMITH"},{"floor":23,"key":"REST"},{"floor":32,"key":"REST"},{"data":"Fission","floor":40,"key":"SMITH"},{"data":"Fission","floor":42,"key":"SMITH"},{"data":"Defragment","floor":49,"key":"SMITH"}],"neow_cost":"","seed_source_timestamp":92776871600570,"circlet_count":0,"master_deck":["Strike_B","Strike_B","Defend_B","Defend_B","Defend_B","Defend_B","Zap","Dualcast","Auto Shields","Doom and Gloom+1","Conserve Battery+1","Defragment+1","Seek","Buffer+1","Electrodynamics","Loop+1","Darkness+1","Loop+1","Core Surge","Fission+1","Fission+1","Hologram+1","Biased Cognition","Defragment+1"],"relics":["Cracked Core","Bottled Tornado","Mummified Hand","Tiny House","Du-Vu Doll","Bottled Flame","Pocketwatch","Bird Faced Urn","Matryoshka","Torii","Inserter","Red Mask","Lantern","Bag of Preparation","WingedGreaves"],"potions_floor_usage":[14,14,38,41,50,50],"damage_taken":[{"damage":7,"enemies":"Small Slimes","floor":1,"turns":3},{"damage":0,"enemies":"2 Louse","floor":2,"turns":2},{"damage":1,"enemies":"Cultist","floor":4,"turns":3},{"damage":2,"enemies":"3 Louse","floor":5,"turns":2},{"damage":13,"enemies":"Gremlin Gang","floor":7,"turns":3},{"damage":0,"enemies":"2 Fungi Beasts","floor":8,"turns":3},{"damage":1,"enemies":"Looter","floor":11,"turns":4},{"damage":5,"enemies":"Blue Slaver","floor":12,"turns":4},{"damage":13,"enemies":"Gremlin Nob","floor":14,"turns":4},{"damage":10,"enemies":"Slime Boss","floor":16,"turns":10},{"damage":22,"enemies":"Shell Parasite","floor":18,"turns":8},{"damage":6,"enemies":"Colosseum Slavers","floor":19,"turns":3},{"damage":18,"enemies":"Colosseum Nobs","floor":19,"turns":3},{"damage":24,"enemies":"2 Thieves","floor":20,"turns":4},{"damage":0,"enemies":"Snecko","floor":22,"turns":4},{"damage":14,"enemies":"Slavers","floor":24,"turns":2},{"damage":0,"enemies":"Cultist and Chosen","floor":25,"turns":4},{"damage":0,"enemies":"Collector","floor":33,"turns":6},{"damage":59,"enemies":"3 Darklings","floor":35,"turns":7},{"damage":1,"enemies":"3 Shapes","floor":38,"turns":3},{"damage":14,"enemies":"Maw","floor":39,"turns":7},{"damage":7,"enemies":"Sphere and 2 Shapes","floor":41,"turns":5},{"damage":1,"enemies":"Mind Bloom Boss Battle","floor":45,"turns":6},{"damage":0,"enemies":"3 Darklings","floor":46,"turns":2},{"damage":92,"enemies":"Awakened One","floor":50,"turns":7}],"seed_played":"3401901926553738501","potions_obtained":[{"floor":4,"key":"Ancient Potion"},{"floor":8,"key":"Swift Potion"},{"floor":11,"key":"SmokeBomb"},{"floor":13,"key":"AttackPotion"},{"floor":14,"key":"Poison Potion"},{"floor":17,"key":"FearPotion"},{"floor":35,"key":"Swift Potion"},{"floor":38,"key":"Block Potion"},{"floor":46,"key":"Regen Potion"}],"is_trial":false,"path_per_floor":["M","M","?","M","M","R","M","M","T","R","M","M","?","E","R","B",null,"M","?","M","?","M","R","E","M","T","?","$","?","$","?","R","B",null,"M","?","?","M","M","R","M","R","T","$","?","M","$","$","R"],"character_chosen":"DEFECT","items_purchased":["Core Surge","Torii","Defragment"],"campfire_rested":2,"item_purchase_floors":[30,30,44],"current_hp_per_floor":[68,68,73,72,70,70,57,57,57,57,56,51,51,38,38,28,85,63,39,15,15,15,40,26,26,26,26,26,26,26,54,79,85,85,30,30,30,37,33,33,36,36,36,36,49,59,59,59,59,0],"gold":40,"neow_bonus":"","is_prod":false,"is_daily":false,"chose_seed":false,"campfire_upgraded":6,"win_rate":0,"timestamp":1537642251,"path_taken":["M","M","?","M","M","R","?","M","T","R","M","M","?","E","R","BOSS","M","?","M","?","?","R","E","?","T","?","$","?","$","?","R","BOSS","M","?","?","M","?","R","M","R","T","?","?","M","?","$","R","BOSS"],"build_version":"2018-09-20","purchased_purges":2,"victory":false,"max_hp_per_floor":[75,75,80,80,80,80,80,80,80,80,80,80,80,80,80,80,85,85,85,85,85,85,85,85,85,85,85,85,85,85,85,85,85,85,85,85,85,85,85,85,85,85,85,85,85,85,85,85,85,85],"card_choices":[{"not_picked":["Rebound","Stack"],"picked":"Auto Shields","floor":1},{"not_picked":["Turbo","Ball Lightning"],"picked":"Doom and Gloom","floor":2},{"not_picked":["Ball Lightning","Gash"],"picked":"Conserve Battery","floor":4},{"not_picked":["Barrage","Stack","Heatsinks"],"picked":"SKIP","floor":5},{"not_picked":["Loop","Stack"],"picked":"Defragment","floor":7},{"not_picked":["Rip and Tear","Barrage","Steam Power"],"picked":"SKIP","floor":8},{"not_picked":["Streamline","Gash"],"picked":"Seek","floor":11},{"not_picked":["Redo","Sweeping Beam","Tempest"],"picked":"SKIP","floor":12},{"not_picked":["Heatsinks","Gash"],"picked":"Buffer","floor":14},{"not_picked":["Buffer","All For One"],"picked":"Electrodynamics","floor":16},{"not_picked":["Aggregate","Static Discharge"],"picked":"Loop","floor":17},{"not_picked":["Sweeping Beam","Steam+1","Compile Driver"],"picked":"SKIP","floor":18},{"not_picked":["Redo","Streamline+1","Rebound"],"picked":"SKIP","floor":20},{"not_picked":["Compile Driver+1","Steam","Leap+1"],"picked":"SKIP","floor":22},{"not_picked":["Compile Driver","Barrage"],"picked":"Darkness+1","floor":24},{"not_picked":["Turbo","Beam Cell"],"picked":"Loop+1","floor":25},{"not_picked":["Biased Cognition","Rainbow"],"picked":"Fission","floor":33},{"not_picked":["Stack+1","Go for the Eyes+1","Barrage"],"picked":"SKIP","floor":35},{"not_picked":["Beam Cell+1","Gash","BootSequence+1"],"picked":"SKIP","floor":38},{"not_picked":["Undo","Steam+1"],"picked":"Hologram+1","floor":39},{"not_picked":["Compile Driver","Beam Cell+1"],"picked":"Biased Cognition","floor":41},{"not_picked":["Gash+1","Beam Cell","Reinforced Body+1"],"picked":"SKIP","floor":46}],"player_experience":39543,"relics_obtained":[{"floor":9,"key":"Bottled Tornado"},{"floor":14,"key":"Mummified Hand"},{"floor":19,"key":"Du-Vu Doll"},{"floor":19,"key":"Bottled Flame"},{"floor":24,"key":"Pocketwatch"},{"floor":26,"key":"Bird Faced Urn"},{"floor":43,"key":"Lantern"},{"floor":43,"key":"Bag of Preparation"},{"floor":45,"key":"WingedGreaves"}],"event_choices":[{"event_name":"Big Fish","player_choice":"Donut","floor":3,"damage_taken":0},{"event_name":"The Lab","player_choice":"Got Potions","floor":13,"damage_taken":0},{"event_name":"Colosseum","player_choice":"Fight","floor":19,"damage_taken":0},{"event_name":"Colosseum","player_choice":"Fought Nobs","floor":19,"damage_taken":0},{"event_name":"Vampires","player_choice":"Ignored","floor":21,"damage_taken":0},{"event_name":"Upgrade Shrine","player_choice":"Upgraded","floor":27,"damage_taken":0},{"event_name":"WeMeetAgain","player_choice":"Potion","floor":29,"damage_taken":0},{"event_name":"The Library","player_choice":"Heal","floor":31,"damage_taken":0},{"event_name":"Match and Keep!","player_choice":"1 cards matched","floor":36,"damage_taken":0},{"event_name":"Tomb of Lord Red Mask","player_choice":"Paid","floor":37,"damage_taken":0},{"event_name":"MindBloom","player_choice":"Fight","floor":45,"damage_taken":0}],"is_beta":false,"boss_relics":[{"not_picked":["Philosopher\u0027s Stone","Busted Crown"],"picked":"Tiny House"},{"not_picked":["Orrery","Runic Pyramid"],"picked":"Inserter"}],"items_purged_floors":[28,30],"is_endless":false,"potions_floor_spawned":[4,8,11,14,19,19,22,25,35,38,39,46],"killed_by":"Awakened One","ascension_level":3}