{"gold_per_floor":[117,192,8,183,28,43,43,43,43,76,76,76,102,118,118,216,216,227,243,243,243,254,282,292,323,348,348,365,365,396,414,414,510,510,510,529,529,545,557,557,255,274,297,297,297,26,26,44,44,44],"floor_reached":51,"playtime":2567,"items_purged":["Doubt","Parasite","Shame"],"score":790,"play_id":"8b5d5ab1-565b-4dc9-ad48-24cc3cc46e23","local_time":"20181129171221","is_ascension_mode":false,"campfire_choices":[{"data":"Footwork","floor":7,"key":"SMITH"},{"floor":12,"key":"REST"},{"data":"Terror","floor":15,"key":"SMITH"},{"floor":29,"key":"REST"},{"floor":32,"key":"REST"},{"floor":40,"key":"REST"},{"floor":47,"key":"REST"},{"data":"Backflip","floor":49,"key":"SMITH"}],"neow_cost":"NONE","seed_source_timestamp":437298519141546,"circlet_count":0,"master_deck":["Defend_G+1","Defend_G+1","Defend_G+1","Defend_G+1","Defend_G+1","Strike_G+1","Strike_G+1","Strike_G+1","Survivor+1","Neutralize+1","Malaise+1","Slice+1","Footwork+1","Die Die Die+1","Leg Sweep+1","Terror+1","Slice+1","Footwork+1","Glass Knife+1","Slice+1","Backflip+1","Quick Slash+1","Dramatic Entrance+1","Acrobatics+1","Backflip+1"],"relics":["Ring of the Snake","PreservedInsect","Tough Bandages","Vajra","Snake Skull","Cursed Key","Pear","Strawberry","Happy Flower","Centennial Puzzle","Anchor","Empty Cage","Lee\u0027s Waffle","Bronze Scales","Mark of the Bloom"],"potions_floor_usage":[22,30,33,33,35,39,50],"damage_taken":[{"damage":0,"enemies":"Cultist","floor":1,"turns":5},{"damage":0,"enemies":"Jaw Worm","floor":6,"turns":5},{"damage":13,"enemies":"Gremlin Nob","floor":10,"turns":6},{"damage":11,"enemies":"Lagavulin","floor":13,"turns":5},{"damage":0,"enemies":"Small Slimes","floor":14,"turns":4},{"damage":59,"enemies":"Hexaghost","floor":16,"turns":17},{"damage":6,"enemies":"Chosen","floor":18,"turns":5},{"damage":3,"enemies":"3 Byrds","floor":19,"turns":7},{"damage":20,"enemies":"Snecko","floor":22,"turns":7},{"damage":3,"enemies":"Slavers","floor":23,"turns":5},{"damage":6,"enemies":"Snake Plant","floor":24,"turns":7},{"damage":3,"enemies":"Book of Stabbing","floor":25,"turns":6},{"damage":13,"enemies":"Centurion and Healer","floor":28,"turns":4},{"damage":0,"enemies":"Gremlin Leader","floor":30,"turns":6},{"damage":16,"enemies":"3 Cultists","floor":31,"turns":6},{"damage":56,"enemies":"Collector","floor":33,"turns":6},{"damage":32,"enemies":"3 Darklings","floor":35,"turns":18},{"damage":4,"enemies":"3 Shapes","floor":36,"turns":3},{"damage":36,"enemies":"Writhing Mass","floor":38,"turns":11},{"damage":0,"enemies":"4 Shapes","floor":39,"turns":2},{"damage":17,"enemies":"3 Darklings","floor":42,"turns":8},{"damage":7,"enemies":"Sphere and 2 Shapes","floor":48,"turns":4},{"damage":29,"enemies":"Awakened One","floor":50,"turns":21}],"seed_played":"2466478282679738260","potions_obtained":[{"floor":1,"key":"SmokeBomb"},{"floor":10,"key":"Regen Potion"},{"floor":14,"key":"Swift Potion"},{"floor":16,"key":"GamblersBrew"},{"floor":22,"key":"GhostInAJar"},{"floor":30,"key":"PowerPotion"},{"floor":33,"key":"Strength Potion"},{"floor":38,"key":"FearPotion"}],"is_trial":false,"path_per_floor":["M","?","$","?","$","M","R","$","T","E","?","R","E","M","R","B",null,"M","M","?","$","M","E","M","E","T","?","M","R","E","M","R","B",null,"M","M","?","M","M","R","$","M","T","?","?","$","R","M","R","B",null],"character_chosen":"THE_SILENT","items_purchased":["Footwork","PreservedInsect","Die Die Die","Lee\u0027s Waffle","Block Potion","SpeedPotion","Backflip"],"campfire_rested":5,"item_purchase_floors":[3,3,5,41,46,46,46],"current_hp_per_floor":[70,59,59,59,59,59,59,59,59,46,51,73,62,62,62,3,75,69,66,76,76,70,74,68,65,65,47,34,63,63,47,76,20,97,65,61,61,25,25,54,101,84,84,84,84,84,84,77,77,48],"gold":44,"neow_bonus":"TRANSFORM_CARD","is_prod":false,"is_daily":false,"chose_seed":false,"campfire_upgraded":3,"win_rate":0.0,"timestamp":1543533141,"path_taken":["M","?","$","?","$","M","R","$","T","E","?","R","E","M","R","BOSS","M","M","?","$","M","E","M","E","T","?","M","R","E","M","R","BOSS","M","M","?","M","M","R","$","M","T","?","?","$","R","M","R","BOSS"],"build_version":"2018-11-15","purchased_purges":3,"victory":true,"max_hp_per_floor":[70,70,70,70,70,70,70,70,70,70,75,75,75,75,75,75,75,75,75,85,85,85,92,92,92,92,97,97,97,97,97,97,97,97,97,97,97,97,97,97,101,101,101,101,101,101,101,101,101,101],"card_choices":[{"not_picked":["Accuracy","Deflect"],"picked":"Slice","floor":1},{"not_picked":["Poisoned Stab","Catalyst"],"picked":"Leg Sweep","floor":6},{"not_picked":["Underhanded Strike","Poisoned Stab"],"picked":"Terror","floor":10},{"not_picked":["Doppelganger","Dagger Throw"],"picked":"Slice","floor":13},{"not_picked":["Outmaneuver","Slice"],"picked":"Footwork","floor":14},{"not_picked":["Bullet Time","Die Die Die"],"picked":"Glass Knife","floor":16},{"not_picked":["Predator","Acrobatics+1"],"picked":"Slice+1","floor":18},{"not_picked":["Flying Knee","Deadly Poison"],"picked":"Backflip+1","floor":19},{"not_picked":["PiercingWail","Dagger Throw","Tactician"],"picked":"SKIP","floor":22},{"not_picked":["Burst","Bane","Acrobatics"],"picked":"SKIP","floor":23},{"not_picked":["Acrobatics","Crippling Poison","Cloak And Dagger"],"picked":"SKIP","floor":24},{"not_picked":["Deflect","Choke"],"picked":"Quick Slash+1","floor":25},{"not_picked":["Deflect","A Thousand Cuts","Bane"],"picked":"SKIP","floor":28},{"not_picked":["Burst","Blur","Poisoned Stab"],"picked":"SKIP","floor":30},{"not_picked":["Flying Knee","PiercingWail+1","Crippling Poison"],"picked":"SKIP","floor":31},{"not_picked":["Eviscerate+1","Masterful Stab+1","PiercingWail+1"],"picked":"SKIP","floor":36},{"not_picked":["Secret Weapon","Trip"],"picked":"Dramatic Entrance","floor":37},{"not_picked":["Leg Sweep","Dagger Throw","Heel Hook"],"picked":"SKIP","floor":38},{"not_picked":["Quick Slash","Storm of Steel"],"picked":"Acrobatics+1","floor":39},{"not_picked":["Outmaneuver","Quick Slash","Finisher"],"picked":"SKIP","floor":42},{"not_picked":["PiercingWail+1","Night Terror","Sucker Punch"],"picked":"SKIP","floor":48}],"player_experience":44526,"relics_obtained":[{"floor":9,"key":"Tough Bandages"},{"floor":10,"key":"Vajra"},{"floor":13,"key":"Snake Skull"},{"floor":23,"key":"Strawberry"},{"floor":25,"key":"Happy Flower"},{"floor":26,"key":"Centennial Puzzle"},{"floor":30,"key":"Anchor"},{"floor":43,"key":"Bronze Scales"}],"event_choices":[{"damage_healed":0,"gold_gain":75,"player_choice":"Gather Gold","damage_taken":11,"max_hp_gain":0,"max_hp_loss":0,"event_name":"World of Goop","floor":2,"gold_loss":0},{"damage_healed":0,"gold_gain":175,"player_choice":"AGREE","damage_taken":0,"max_hp_gain":0,"max_hp_loss":0,"event_name":"Liars Game","floor":4,"gold_loss":0,"cards_obtained":["Doubt"]},{"damage_healed":0,"gold_gain":0,"player_choice":"Donut","damage_taken":0,"max_hp_gain":5,"max_hp_loss":0,"event_name":"Big Fish","floor":11,"gold_loss":0},{"damage_healed":0,"gold_gain":0,"player_choice":"Opened","damage_taken":0,"relics_obtained":["Pear"],"max_hp_gain":0,"max_hp_loss":0,"event_name":"The Mausoleum","floor":20,"gold_loss":0},{"damage_healed":0,"gold_gain":0,"player_choice":"Shed Blood","damage_taken":23,"max_hp_gain":5,"max_hp_loss":0,"event_name":"Forgotten Altar","floor":27,"gold_loss":0},{"damage_healed":0,"gold_gain":0,"player_choice":"Memory 1","damage_taken":0,"max_hp_gain":0,"max_hp_loss":0,"event_name":"SensoryStone","floor":37,"gold_loss":0},{"damage_healed":0,"gold_gain":0,"player_choice":"Ignored","damage_taken":0,"max_hp_gain":0,"max_hp_loss":0,"event_name":"Tomb of Lord Red Mask","floor":44,"gold_loss":0},{"damage_healed":0,"gold_gain":0,"player_choice":"Upgrade","damage_taken":0,"relics_obtained":["Mark of the Bloom"],"max_hp_gain":0,"max_hp_loss":0,"event_name":"MindBloom","floor":45,"gold_loss":0,"cards_upgraded":["Defend_G","Defend_G","Defend_G","Defend_G","Defend_G","Strike_G","Strike_G","Strike_G","Survivor","Neutralize","Malaise","Slice","Die Die Die","Leg Sweep","Slice","Footwork","Glass Knife","Dramatic Entrance"]}],"is_beta":true,"boss_relics":[{"not_picked":["Philosopher\u0027s Stone","Ring of the Serpent"],"picked":"Cursed Key"},{"not_picked":["Snecko Eye","HoveringKite"],"picked":"Empty Cage"}],"items_purged_floors":[5,41,46],"is_endless":false,"potions_floor_spawned":[1,10,14,16,22,24,28,30,33,35,38,48],"ascension_level":0}