{"gold_per_floor":[216,234,249,249,424,758,738,738],"floor_reached":8,"playtime":629,"items_purged":[],"score":59,"play_id":"7a17e91d-fcc6-4cab-9762-74f7bcd69b6e","local_time":"20181230211916","is_ascension_mode":true,"campfire_choices":[],"neow_cost":"NONE","seed_source_timestamp":2958326438824322,"circlet_count":0,"master_deck":["Strike_R","Strike_R","Strike_R","Strike_R","Strike_R","Defend_R","Defend_R","Defend_R","Defend_R","Bash","Armaments","Spot Weakness","Barricade","Doubt","Shrug It Off"],"relics":["Burning Blood","Dream Catcher","Old Coin"],"potions_floor_usage":[6,6],"damage_taken":[{"damage":1,"enemies":"Jaw Worm","floor":1,"turns":5},{"damage":0,"enemies":"2 Louse","floor":2,"turns":3},{"damage":3,"enemies":"Small Slimes","floor":3,"turns":3},{"damage":62,"enemies":"Gremlin Nob","floor":6,"turns":7},{"damage":7,"enemies":"3 Louse","floor":8,"turns":2}],"seed_played":"-7986168367200118288","potions_obtained":[{"floor":2,"key":"Ancient Potion"},{"floor":3,"key":"BloodPotion"},{"floor":6,"key":"SmokeBomb"}],"is_trial":false,"path_per_floor":["M","M","M","?","?","E","?","M"],"character_chosen":"IRONCLAD","items_purchased":[],"campfire_rested":0,"item_purchase_floors":[],"current_hp_per_floor":[80,80,80,55,55,7,7,0],"gold":738,"neow_bonus":"HUNDRED_GOLD","is_prod":false,"is_daily":false,"chose_seed":false,"campfire_upgraded":0,"win_rate":0,"timestamp":1546233556,"path_taken":["M","M","M","?","?","E","?","M"],"build_version":"2018-12-20","purchased_purges":0,"victory":false,"max_hp_per_floor":[80,80,80,80,80,80,80,80],"card_choices":[{"not_picked":["Thunderclap","Headbutt"],"picked":"Armaments","floor":1},{"not_picked":["Infernal Blade","Evolve"],"picked":"Spot Weakness","floor":2},{"not_picked":["Infernal Blade","Havoc"],"picked":"Barricade","floor":3},{"not_picked":["Burning Pact","Wild Strike"],"picked":"Shrug It Off","floor":6}],"player_experience":167816,"relics_obtained":[{"floor":6,"key":"Old Coin"}],"event_choices":[{"damage_healed":0,"gold_gain":0,"player_choice":"Success","damage_taken":25,"relics_obtained":["Dream Catcher"],"max_hp_gain":0,"max_hp_loss":0,"event_name":"Scrap Ooze","floor":4,"gold_loss":0},{"damage_healed":0,"gold_gain":175,"player_choice":"AGREE","damage_taken":0,"max_hp_gain":0,"max_hp_loss":0,"event_name":"Liars Game","floor":5,"gold_loss":0,"cards_obtained":["Doubt"]},{"damage_healed":0,"gold_gain":0,"player_choice":"Left Gold","damage_taken":0,"max_hp_gain":0,"max_hp_loss":0,"event_name":"World of Goop","floor":7,"gold_loss":20}],"is_beta":false,"boss_relics":[],"items_purged_floors":[],"is_endless":false,"potions_floor_spawned":[2,3,6],"killed_by":"3 Louse","ascension_level":1}