{"gold_per_floor":[111,129,145,145,145,145,163,163,190,190,21,39,39,58,58,157,157,146,161,178,277,277,295,323,129,129,5,17,27,39,58,58,160,160,178,178,191,203,203,229,229,242,320,320,338,45,145,155,155,155],"floor_reached":51,"playtime":6511,"items_purged":["Strike_G"],"score":675,"play_id":"29dd16b5-cdbc-41dd-834e-7a08259105b8","local_time":"20190131145533","is_ascension_mode":false,"campfire_choices":[{"data":"Neutralize","floor":6,"key":"SMITH"},{"data":"Cloak And Dagger","floor":8,"key":"SMITH"},{"data":"Survivor","floor":10,"key":"SMITH"},{"data":"A Thousand Cuts","floor":15,"key":"SMITH"},{"floor":32,"key":"REST"},{"data":"Burst","floor":41,"key":"SMITH"},{"data":"Outmaneuver","floor":49,"key":"SMITH"}],"neow_cost":"NONE","seed_source_timestamp":0,"circlet_count":0,"master_deck":["Defend_G","Defend_G","Defend_G","Defend_G+1","Defend_G+1","Strike_G","Strike_G","Strike_G","Survivor+1","Neutralize+1","Cloak And Dagger+1","Quick Slash","Calculated Gamble","Cloak And Dagger+1","A Thousand Cuts+1","Prepared","Burst+1","Masterful Stab","Finisher","Blur+1","Cloak And Dagger+1","Infinite Blades","Deflect","Quick Slash+1","Accuracy","Backstab","Outmaneuver+1","Well Laid Plans","Storm of Steel","Dash","Outmaneuver","Cloak And Dagger","Deflect","Backflip","Dash+1","Deflect+1","Tactician+1"],"special_seed":0,"relics":["Ring of the Serpent","Strawberry","War Paint","Red Mask","Kunai","Busted Crown","Oddly Smooth Stone","Mummified Hand","Happy Flower","Pantograph","StoneCalendar"],"potions_floor_usage":[24,33,33,38,40,50,50,50],"damage_taken":[{"damage":0.0,"enemies":"Small Slimes","floor":1.0,"turns":4.0},{"damage":2,"enemies":"2 Louse","floor":2,"turns":3},{"damage":0,"enemies":"Cultist","floor":3,"turns":5},{"damage":7,"enemies":"Exordium Thugs","floor":7,"turns":6},{"damage":0,"enemies":"Exordium Wildlife","floor":12,"turns":3},{"damage":0,"enemies":"Large Slime","floor":14,"turns":6},{"damage":10,"enemies":"The Guardian","floor":16,"turns":11},{"damage":1,"enemies":"2 Thieves","floor":18,"turns":4},{"damage":3,"enemies":"Shell Parasite","floor":19,"turns":4},{"damage":3,"enemies":"Centurion and Healer","floor":20,"turns":8},{"damage":13,"enemies":"Sentry and Sphere","floor":23,"turns":6},{"damage":32,"enemies":"Masked Bandits","floor":24,"turns":6},{"damage":10,"enemies":"Snake Plant","floor":28,"turns":7},{"damage":0,"enemies":"Chosen and Byrds","floor":29,"turns":4},{"damage":0,"enemies":"Cultist and Chosen","floor":30,"turns":4},{"damage":0,"enemies":"Centurion and Healer","floor":31,"turns":6},{"damage":28,"enemies":"Automaton","floor":33,"turns":10},{"damage":0,"enemies":"Orb Walker","floor":35,"turns":4},{"damage":0,"enemies":"3 Shapes","floor":37,"turns":4},{"damage":8,"enemies":"Jaw Worm Horde","floor":38,"turns":5},{"damage":5,"enemies":"Giant Head","floor":40,"turns":9},{"damage":8,"enemies":"Sphere and 2 Shapes","floor":42,"turns":4},{"damage":0,"enemies":"3 Darklings","floor":45,"turns":3},{"damage":0,"enemies":"Mind Bloom Boss Battle","floor":47,"turns":6},{"damage":3,"enemies":"Writhing Mass","floor":48,"turns":7},{"damage":16,"enemies":"Time Eater","floor":50,"turns":11}],"seed_played":"2868081815192100898","potions_obtained":[{"floor":1,"key":"GamblersBrew"},{"floor":3,"key":"SpeedPotion"},{"floor":7,"key":"FearPotion"},{"floor":29,"key":"SteroidPotion"},{"floor":31,"key":"Fire Potion"},{"floor":37,"key":"FearPotion"},{"floor":40,"key":"AttackPotion"},{"floor":42,"key":"FearPotion"}],"is_trial":false,"path_per_floor":["?","?","M","?","?","?","?","M","?","T","?"],"character_chosen":"THE_SILENT","items_purchased":["A Thousand Cuts","Prepared","Accuracy","Backstab","Outmaneuver","Well Laid Plans","Pantograph","Strength Potion"],"campfire_rested":1,"item_purchase_floors":[11,11,25,25,27,27,46,46],"current_hp_per_floor":[77,75,75,75,75,75,68,68,68,68,68,68,68,68,68,58,77,76,73,70,70,70,57,25,25,25,25,15,15,15,15,38,10,77,77,77,77,69,69,64,64,56,56,56,56,56,77,74,74,61],"gold":155,"neow_bonus":"RANDOM_COMMON_RELIC","is_prod":false,"is_daily":false,"chose_seed":false,"campfire_upgraded":6,"win_rate":0.0,"timestamp":1548942933,"path_taken":["M","M","M","?","?","R","M","R","T","R","$","?","$","M","R","BOSS","M","M","M","?","?","M","?","$","T","$","M","M","M","M","R","BOSS","M","?","?","M","?","E","R","M","T","?","M","$","?","M","R","BOSS"],"build_version":"2019-01-23","purchased_purges":1,"victory":true,"max_hp_per_floor":[77,77,77,77,77,77,77,77,77,77,77,77,77,77,77,77,77,77,77,77,77,77,77,77,77,77,77,77,77,77,77,77,77,77,77,77,77,77,77,77,77,77,77,77,77,77,77,77,77,77],"card_choices":[{"not_picked":["Bouncing Flask","Blur"],"picked":"Cloak And Dagger","floor":1},{"not_picked":["Dagger Throw","Sucker Punch"],"picked":"Quick Slash","floor":2},{"not_picked":["Masterful Stab","Dodge and Roll"],"picked":"Calculated Gamble","floor":3},{"not_picked":["Reflex","Flying Knee"],"picked":"Cloak And Dagger","floor":7},{"not_picked":["Choke","Deadly Poison"],"picked":"Burst","floor":12},{"not_picked":["Riddle With Holes","Quick Slash"],"picked":"Masterful Stab","floor":14},{"not_picked":["Sucker Punch+1","Acrobatics"],"picked":"Finisher","floor":18},{"not_picked":["Catalyst+1","Escape Plan+1"],"picked":"Blur+1","floor":19},{"not_picked":["Acrobatics","After Image"],"picked":"Cloak And Dagger+1","floor":20},{"not_picked":["Deadly Poison","Sucker Punch+1"],"picked":"Deflect","floor":23},{"not_picked":["Acrobatics","Catalyst+1"],"picked":"Quick Slash+1","floor":24},{"not_picked":["Quick Slash","PiercingWail"],"picked":"Storm of Steel","floor":28},{"not_picked":["Sucker Punch","Endless Agony"],"picked":"Dash","floor":29},{"not_picked":["PiercingWail+1","Deadly Poison"],"picked":"Outmaneuver","floor":30},{"not_picked":["Endless Agony","Heel Hook+1"],"picked":"Cloak And Dagger","floor":31},{"not_picked":["Poisoned Stab"],"picked":"SKIP","floor":35},{"not_picked":["Dagger Spray+1"],"picked":"SKIP","floor":37},{"not_picked":[],"picked":"Deflect","floor":38},{"not_picked":[],"picked":"Backflip","floor":40},{"not_picked":[],"picked":"Dash+1","floor":42},{"not_picked":[],"picked":"Deflect+1","floor":45},{"not_picked":[],"picked":"Tactician+1","floor":48}],"player_experience":71590,"relics_obtained":[{"floor":9,"key":"War Paint"},{"floor":24,"key":"Red Mask"},{"floor":26,"key":"Kunai"},{"floor":40,"key":"Oddly Smooth Stone"},{"floor":43,"key":"Mummified Hand"},{"floor":44,"key":"Happy Flower"},{"floor":47,"key":"StoneCalendar"}],"event_choices":[{"damage_healed":0,"gold_gain":0,"player_choice":"Ignored","damage_taken":0,"max_hp_gain":0,"max_hp_loss":0,"event_name":"Liars Game","floor":4,"gold_loss":0},{"damage_healed":0,"gold_gain":0,"player_choice":"Forge","damage_taken":0,"max_hp_gain":0,"max_hp_loss":0,"event_name":"Accursed Blacksmith","floor":5,"gold_loss":0,"cards_upgraded":["Cloak And Dagger"]},{"damage_healed":0,"gold_gain":99,"player_choice":"Stole From Cult","damage_taken":0,"max_hp_gain":0,"max_hp_loss":0,"event_name":"Nest","floor":21,"gold_loss":0},{"damage_healed":0,"gold_gain":0,"player_choice":"Read","damage_taken":0,"max_hp_gain":0,"max_hp_loss":0,"event_name":"The Library","floor":22,"gold_loss":0,"cards_obtained":["Infinite Blades"]},{"damage_healed":0,"gold_gain":0,"player_choice":"Fought Bandits","damage_taken":0,"max_hp_gain":0,"max_hp_loss":0,"event_name":"Masked Bandits","floor":24,"gold_loss":0},{"damage_healed":0,"gold_gain":0,"player_choice":"Ignored","damage_taken":0,"max_hp_gain":0,"max_hp_loss":0,"event_name":"NoteForYourself","floor":36,"gold_loss":0},{"cards_removed":["Strike_G"],"damage_healed":0,"gold_gain":0,"player_choice":"Removed Attack","damage_taken":0,"max_hp_gain":0,"max_hp_loss":0,"event_name":"Falling","floor":39,"gold_loss":0},{"damage_healed":0,"gold_gain":0,"player_choice":"Fight","damage_taken":0,"max_hp_gain":0,"max_hp_loss":0,"event_name":"MindBloom","floor":47,"gold_loss":0}],"is_beta":false,"boss_relics":[{"not_picked":["Cursed Key","Tiny House"],"picked":"Ring of the Serpent"},{"not_picked":["Coffee Dripper","Orrery"],"picked":"Busted Crown"}],"items_purged_floors":[25],"is_endless":false,"potions_floor_spawned":[1,3,7,14,20,23,29,30,31,37,40,42,47],"ascension_level":0}