{"gold_per_floor":[112,17,37,47,47,47,47,65,89,101,101,120,120,131,131,206,206,186,33,33,33,48,48,48],"floor_reached":24,"playtime":549,"items_purged":["Strike_R"],"score":357,"play_id":"a02ee29f-93fb-4d9f-9a07-aa7eaf45e626","local_time":"20190115185433","is_ascension_mode":true,"campfire_choices":[{"data":"Thunderclap","floor":6,"key":"SMITH"},{"data":"True Grit","floor":11,"key":"SMITH"},{"data":"Headbutt","floor":13,"key":"SMITH"},{"data":"Bash","floor":15,"key":"SMITH"},{"floor":23,"key":"REST"}],"neow_cost":"NONE","seed_source_timestamp":3148523351681,"circlet_count":0,"master_deck":["AscendersBane","Strike_R","Strike_R","Defend_R","Defend_R","Defend_R","Defend_R","Bash+1","Thunderclap+1","Flash of Steel+1","Headbutt+1","Shrug It Off","True Grit+1","Evolve","Metallicize","Metallicize","Dual Wield","Exhume","Carnage","Spot Weakness"],"relics":["Burning Blood","NeowsBlessing","Darkstone Periapt","Potion Belt","Eternal Feather"],"potions_floor_usage":[12,16],"damage_taken":[{"damage":0,"enemies":"Cultist","floor":1,"turns":1},{"damage":0,"enemies":"Jaw Worm","floor":3,"turns":1},{"damage":0,"enemies":"2 Louse","floor":4,"turns":1},{"damage":1,"enemies":"Exordium Wildlife","floor":8,"turns":4},{"damage":1,"enemies":"Blue Slaver","floor":10,"turns":5},{"damage":13,"enemies":"Lots of Slimes","floor":12,"turns":5},{"damage":0,"enemies":"Red Slaver","floor":14,"turns":4},{"damage":45,"enemies":"Slime Boss","floor":16,"turns":11},{"damage":16,"enemies":"2 Thieves","floor":18,"turns":4},{"damage":30,"enemies":"Shell Parasite","floor":22,"turns":9},{"damage":69,"enemies":"Book of Stabbing","floor":24,"turns":5}],"seed_played":"-2400597264417366035","potions_obtained":[{"floor":8,"key":"Poison Potion"},{"floor":10,"key":"Strength Potion"},{"floor":12,"key":"Fire Potion"}],"is_trial":false,"path_per_floor":["M","$","M","M","?","R","T","M","T","M","R","M","R","M","R","B",null,"M","$","?","?","M","R","E"],"character_chosen":"IRONCLAD","items_purchased":["Flash of Steel","Dual Wield"],"campfire_rested":1,"item_purchase_floors":[2,19],"current_hp_per_floor":[74,74,75,75,75,75,75,75,75,75,75,68,68,74,74,35,65,55,55,55,55,31,65,0],"gold":48,"neow_bonus":"THREE_ENEMY_KILL","is_prod":false,"is_daily":false,"chose_seed":false,"campfire_upgraded":4,"win_rate":0,"timestamp":1547578473,"path_taken":["M","$","?","M","?","R","?","M","T","M","R","M","R","M","R","BOSS","M","$","?","?","M","R","E"],"build_version":"2019-01-10","purchased_purges":1,"victory":false,"max_hp_per_floor":[75,75,75,75,75,75,75,75,75,75,75,75,75,75,75,75,75,75,75,75,75,75,75,75],"card_choices":[{"not_picked":["Pommel Strike","Warcry"],"picked":"Thunderclap","floor":1},{"not_picked":["Clash","Uppercut"],"picked":"Headbutt","floor":3},{"not_picked":["Wild Strike","Heavy Blade"],"picked":"Shrug It Off","floor":4},{"not_picked":["Anger","Warcry"],"picked":"True Grit","floor":8},{"not_picked":["Fire Breathing","Thunderclap"],"picked":"Evolve","floor":10},{"not_picked":["Combust","Corruption"],"picked":"Metallicize","floor":12},{"not_picked":["Pommel Strike","Hemokinesis"],"picked":"Metallicize","floor":14},{"not_picked":["Perfected Strike","Clothesline","Twin Strike"],"picked":"SKIP","floor":18},{"not_picked":["Armaments","Bloodletting"],"picked":"Spot Weakness","floor":22}],"player_experience":392956,"relics_obtained":[{"floor":7,"key":"Darkstone Periapt"},{"floor":9,"key":"Potion Belt"}],"event_choices":[{"damage_healed":0,"gold_gain":0,"player_choice":"Grow","damage_taken":0,"max_hp_gain":0,"max_hp_loss":0,"event_name":"Living Wall","floor":5,"gold_loss":0,"cards_upgraded":["Flash of Steel"]},{"damage_healed":0,"gold_gain":0,"player_choice":"Ignored","damage_taken":0,"max_hp_gain":0,"max_hp_loss":0,"event_name":"Cursed Tome","floor":20,"gold_loss":0},{"damage_healed":0,"gold_gain":0,"cards_transformed":["Strike_R","Strike_R"],"player_choice":"Became Test Subject","damage_taken":0,"max_hp_gain":0,"max_hp_loss":0,"event_name":"Drug Dealer","floor":21,"gold_loss":0,"cards_obtained":["Exhume","Carnage"]}],"is_beta":false,"boss_relics":[{"not_picked":["Runic Cube","Velvet Choker"],"picked":"Eternal Feather"}],"items_purged_floors":[19],"is_endless":false,"potions_floor_spawned":[8,10,12],"killed_by":"Book of Stabbing","ascension_level":18}