{"gold_per_floor":[112,112,62,62,85,120,120,120,168,186,229,250,250,281,281,405,405,424,339,351,381,416,467,493,505,517,529,541],"floor_reached":28,"playtime":2548,"items_purged":[],"score":320,"play_id":"941b272e-fd37-40c4-a14c-e93af5fcbcbd","local_time":"20190121014900","is_ascension_mode":true,"campfire_choices":[{"floor":7,"key":"RECALL"},{"data":"Flame Barrier","floor":13,"key":"SMITH"},{"floor":15,"key":"REST"},{"data":"Juggernaut","floor":25,"key":"SMITH"}],"neow_cost":"NONE","seed_source_timestamp":79132565200900,"circlet_count":0,"master_deck":["Strike_R","Strike_R+1","Strike_R+1","Defend_R","Defend_R","Defend_R","Defend_R","Bash","Flame Barrier+1","Carnage","Second Wind","Feed","Pummel","Entrench+1","Battle Trance","Juggernaut+1","Dual Wield+1"],"relics":["Burning Blood","NeowsBlessing","Golden Idol","Mango","Blood Vial","Calipers","Coffee Dripper","MawBank","Potion Belt","Molten Egg 2"],"potions_floor_usage":[12,18,18,20,22,23,23,24,28],"damage_taken":[{"damage":0,"enemies":"Small Slimes","floor":1,"turns":1},{"damage":0,"enemies":"2 Louse","floor":5,"turns":1},{"damage":0,"enemies":"Gremlin Nob","floor":6,"turns":1},{"damage":0,"enemies":"Jaw Worm","floor":10,"turns":5},{"damage":17,"enemies":"3 Sentries","floor":11,"turns":10},{"damage":3,"enemies":"Gremlin Gang","floor":12,"turns":4},{"damage":26,"enemies":"Lagavulin","floor":14,"turns":7},{"damage":26,"enemies":"The Guardian","floor":16,"turns":14},{"damage":11,"enemies":"2 Thieves","floor":18,"turns":4},{"damage":14,"enemies":"Shell Parasite","floor":21,"turns":6},{"damage":21,"enemies":"Snake Plant","floor":22,"turns":5},{"damage":50,"enemies":"Gremlin Leader","floor":23,"turns":9},{"damage":31,"enemies":"Shelled Parasite and Fungi","floor":24,"turns":6},{"damage":6,"enemies":"Slavers","floor":28,"turns":2}],"seed_played":"-6748213258239517525","potions_obtained":[{"floor":5,"key":"Fire Potion"},{"floor":6,"key":"BloodPotion"},{"floor":10,"key":"FearPotion"},{"floor":14,"key":"AttackPotion"},{"floor":18,"key":"Block Potion"},{"floor":20,"key":"Fruit Juice"},{"floor":20,"key":"EssenceOfSteel"},{"floor":22,"key":"Strength Potion"},{"floor":24,"key":"SteroidPotion"}],"is_trial":false,"path_per_floor":["M","?","?","?","M","E","R","?","T","M","E","M","R","E","R","B",null,"M","?","?","M","M","E","M","R","T","?","E"],"character_chosen":"IRONCLAD","items_purchased":[],"campfire_rested":1,"item_purchase_floors":[],"current_hp_per_floor":[80,60,60,44,50,70,70,63,63,69,58,63,63,45,73,55,94,92,92,97,91,78,39,26,26,26,26,22],"gold":541,"neow_bonus":"THREE_ENEMY_KILL","is_prod":false,"is_daily":false,"chose_seed":false,"campfire_upgraded":2,"win_rate":0,"timestamp":1548053340,"path_taken":["M","?","?","?","M","E","R","?","T","M","E","M","R","E","R","BOSS","M","?","?","M","M","E","?","R","T","?","E"],"build_version":"2019-01-17v2","purchased_purges":0,"victory":false,"max_hp_per_floor":[80,80,80,80,80,94,94,94,94,94,94,94,94,94,94,94,94,97,97,102,102,102,105,105,105,105,105,105],"card_choices":[{"not_picked":["True Grit","Feel No Pain"],"picked":"Flame Barrier","floor":1},{"not_picked":["Perfected Strike","Iron Wave","Shockwave"],"picked":"SKIP","floor":5},{"not_picked":["Thunderclap","Dual Wield"],"picked":"Carnage","floor":6},{"not_picked":["Thunderclap","Blood for Blood","Cleave"],"picked":"SKIP","floor":10},{"not_picked":["Flex","Anger","Dual Wield"],"picked":"SKIP","floor":11},{"not_picked":["Body Slam","Twin Strike"],"picked":"Second Wind","floor":12},{"not_picked":["Thunderclap","Warcry","Power Through"],"picked":"SKIP","floor":14},{"not_picked":["Bludgeon","Double Tap"],"picked":"Feed","floor":16},{"not_picked":["Warcry+1","Twin Strike"],"picked":"Pummel","floor":18},{"not_picked":["Cleave","Dropkick"],"picked":"Entrench+1","floor":21},{"not_picked":["Warcry","Bloodletting"],"picked":"Battle Trance","floor":22},{"not_picked":["Armaments","Dark Embrace"],"picked":"Juggernaut","floor":23},{"not_picked":["Second Wind","Sword Boomerang"],"picked":"Dual Wield+1","floor":24}],"player_experience":68569,"relics_obtained":[{"floor":6,"key":"Mango"},{"floor":11,"key":"Blood Vial"},{"floor":14,"key":"Calipers"},{"floor":23,"key":"Potion Belt"},{"floor":26,"key":"Molten Egg 2"}],"event_choices":[{"damage_healed":0,"gold_gain":0,"player_choice":"Take Damage","damage_taken":20,"relics_obtained":["Golden Idol"],"max_hp_gain":0,"max_hp_loss":0,"event_name":"Golden Idol","floor":2,"gold_loss":0},{"cards_removed":["Strike_R"],"damage_healed":0,"gold_gain":0,"player_choice":"Card Removal","damage_taken":0,"max_hp_gain":0,"max_hp_loss":0,"event_name":"The Cleric","floor":3,"gold_loss":50},{"damage_healed":0,"gold_gain":0,"player_choice":"Entered Light","damage_taken":16,"max_hp_gain":0,"max_hp_loss":0,"event_name":"Shining Light","floor":4,"gold_loss":0,"cards_upgraded":["Strike_R","Strike_R"]},{"cards_removed":["Strike_R"],"damage_healed":0,"gold_gain":0,"player_choice":"Card Removal","damage_taken":7,"max_hp_gain":0,"max_hp_loss":0,"event_name":"Golden Wing","floor":8,"gold_loss":0},{"damage_healed":0,"gold_gain":0,"player_choice":"Obtained Relic","damage_taken":0,"relics_obtained":["MawBank"],"max_hp_gain":0,"max_hp_loss":0,"event_name":"Addict","floor":19,"gold_loss":85},{"damage_healed":0,"gold_gain":0,"player_choice":"Got Potions","damage_taken":0,"max_hp_gain":0,"max_hp_loss":0,"event_name":"Lab","floor":20,"gold_loss":0},{"damage_healed":0,"gold_gain":0,"player_choice":"Ignored","damage_taken":0,"max_hp_gain":0,"max_hp_loss":0,"event_name":"Ghosts","floor":27,"gold_loss":0}],"is_beta":false,"boss_relics":[{"not_picked":["Velvet Choker","Astrolabe"],"picked":"Coffee Dripper"}],"items_purged_floors":[],"is_endless":false,"potions_floor_spawned":[5,6,10,14,18,22,24],"killed_by":"Slavers","ascension_level":1}