{"gold_per_floor":[118,134,147,422,433,465,465,80,80,13,13,31,31,47,47,145,145,159,159,169,180,90,116,116,148,148,148,163,173,184,200,200,295,295,313,324,324,324,324,324,359,359,359,392,292,304,179,179,179,179,179,179,31,56,56],"floor_reached":56,"playtime":7383,"items_purged":["Regret","Strike_B","Strike_B"],"score":1590,"play_id":"c7f1e5da-e3db-454d-9ebb-9909e23237ee","local_time":"20190119000837","is_ascension_mode":true,"campfire_choices":[{"data":"Sunder","floor":7,"key":"SMITH"},{"data":"Defragment","floor":11,"key":"SMITH"},{"data":"Creative AI","floor":13,"key":"SMITH"},{"data":"Dualcast","floor":15,"key":"SMITH"},{"data":"Self Repair","floor":24,"key":"SMITH"},{"data":"Loop","floor":27,"key":"SMITH"},{"data":"Defragment","floor":32,"key":"SMITH"},{"data":"Consume","floor":40,"key":"SMITH"},{"data":"Coolheaded","floor":42,"key":"SMITH"},{"floor":49,"key":"RECALL"},{"data":"Seek","floor":52,"key":"SMITH"}],"neow_cost":"NONE","seed_source_timestamp":708121154534676,"circlet_count":0,"master_deck":["Defend_B","Defend_B","Defend_B","Defend_B","Zap+1","Dualcast+1","Consume+1","Cold Snap","Conserve Battery","Sunder+1","Creative AI+1","Conserve Battery","Defragment+1","Self Repair+1","Electrodynamics","Seek+1","Reinforced Body+1","Coolheaded+1","Go for the Eyes","Cold Snap","Loop+1","Defragment+1","Seek+1","Panacea+1","Deep Breath+1","Capacitor"],"relics":["FrozenCore","Cables","Happy Flower","FossilizedHelix","Sundial","Ice Cream","Toxic Egg 2","Letter Opener","Inserter","Lantern","Meat on the Bone","Torii","Dodecahedron"],"potions_floor_usage":[5,6,23,23,25,28,28,50,55,55],"damage_taken":[{"damage":0,"enemies":"Small Slimes","floor":1,"turns":3},{"damage":1,"enemies":"Cultist","floor":2,"turns":3},{"damage":5,"enemies":"Jaw Worm","floor":3,"turns":5},{"damage":21,"enemies":"Exordium Thugs","floor":5,"turns":10},{"damage":27,"enemies":"Lagavulin","floor":6,"turns":7},{"damage":0,"enemies":"3 Louse","floor":12,"turns":3},{"damage":0,"enemies":"Looter","floor":14,"turns":2},{"damage":0,"enemies":"Slime Boss","floor":16,"turns":6},{"damage":0,"enemies":"Chosen","floor":18,"turns":9},{"damage":0,"enemies":"Shell Parasite","floor":20,"turns":8},{"damage":0,"enemies":"Shelled Parasite and Fungi","floor":21,"turns":11},{"damage":32,"enemies":"Book of Stabbing","floor":23,"turns":6},{"damage":32,"enemies":"Gremlin Leader","floor":25,"turns":9},{"damage":6,"enemies":"Centurion and Healer","floor":28,"turns":6},{"damage":0,"enemies":"Snecko","floor":29,"turns":6},{"damage":0,"enemies":"Sentry and Sphere","floor":30,"turns":9},{"damage":10,"enemies":"Cultist and Chosen","floor":31,"turns":7},{"damage":0,"enemies":"Automaton","floor":33,"turns":13},{"damage":0,"enemies":"3 Darklings","floor":35,"turns":6},{"damage":0,"enemies":"3 Shapes","floor":36,"turns":5},{"damage":0,"enemies":"Nemesis","floor":41,"turns":9},{"damage":0,"enemies":"Reptomancer","floor":44,"turns":4},{"damage":0,"enemies":"Spire Growth","floor":46,"turns":5},{"damage":1,"enemies":"Awakened One","floor":50,"turns":10},{"damage":12,"enemies":"Shield and Spear","floor":54,"turns":9},{"damage":43,"enemies":"The Heart","floor":55,"turns":13}],"seed_played":"6901073118163143863","potions_obtained":[{"floor":1,"key":"SkillPotion"},{"floor":3,"key":"Strength Potion"},{"floor":5,"key":"EssenceOfSteel"},{"floor":18,"key":"FocusPotion"},{"floor":21,"key":"SkillPotion"},{"floor":23,"key":"Energy Potion"},{"floor":25,"key":"Block Potion"},{"floor":29,"key":"SmokeBomb"},{"floor":41,"key":"Swift Potion"},{"floor":46,"key":"Energy Potion"}],"is_trial":false,"path_per_floor":["M","M","M","?","M","E","R","$","T","$","R","M","R","M","R","B",null,"M","T","M","M","?","E","R","E","T","R","M","M","M","M","R","B",null,"M","M","?","?","?","R","E","R","T","E","$","M","$","T","R","B",null,"R","$","E","B",null],"character_chosen":"DEFECT","items_purchased":["Creative AI","Happy Flower","Conserve Battery","Defragment","Capacitor","LiquidBronze"],"campfire_rested":0,"item_purchase_floors":[8,8,8,10,53,53],"current_hp_per_floor":[75,74,69,69,48,21,21,21,21,21,21,21,21,21,21,28,63,70,70,75,75,75,50,50,28,28,28,32,42,52,52,52,62,72,75,75,71,61,61,61,71,71,71,71,71,71,71,71,71,71,71,71,71,69,48],"gold":56,"neow_bonus":"TRANSFORM_CARD","is_prod":false,"is_daily":false,"chose_seed":false,"campfire_upgraded":10,"win_rate":0,"timestamp":1547885317,"path_taken":["M","M","M","?","M","E","R","?","T","$","R","M","R","?","R","BOSS","M","?","M","?","?","E","R","E","T","R","M","M","M","?","R","BOSS","M","M","?","?","?","R","E","R","T","E","?","M","$","?","R","BOSS","R","$","E","BOSS"],"build_version":"2019-01-17v2","purchased_purges":3,"victory":true,"max_hp_per_floor":[75,75,75,75,75,75,75,75,75,75,75,75,75,75,75,75,75,75,75,75,75,75,75,75,75,75,75,75,75,75,75,75,75,75,75,75,71,71,71,71,71,71,71,71,71,71,71,71,71,71,71,71,71,71,71],"card_choices":[{"not_picked":["Undo","Barrage","Skim"],"picked":"SKIP","floor":1},{"not_picked":["Beam Cell","Storm"],"picked":"Cold Snap","floor":2},{"not_picked":["Rebound","Ball Lightning","Barrage"],"picked":"SKIP","floor":3},{"not_picked":["Barrage","Stack"],"picked":"Conserve Battery","floor":5},{"not_picked":["Go for the Eyes","Recycle"],"picked":"Sunder","floor":6},{"not_picked":["Cold Snap","Fusion"],"picked":"Self Repair","floor":12},{"not_picked":["Loop","Conserve Battery"],"picked":"Electrodynamics","floor":14},{"not_picked":["Reboot","Hyperbeam"],"picked":"Seek","floor":16},{"not_picked":["Ball Lightning","Chill"],"picked":"Reinforced Body+1","floor":18},{"not_picked":["Barrage","Stack"],"picked":"Coolheaded","floor":20},{"not_picked":["Streamline","Sweeping Beam"],"picked":"Go for the Eyes","floor":21},{"not_picked":["Barrage","Force Field+1"],"picked":"Cold Snap","floor":23},{"not_picked":["Redo+1","Barrage"],"picked":"Loop","floor":25},{"not_picked":["Gash","Steam+1","Cold Snap"],"picked":"SKIP","floor":28},{"not_picked":["Aggregate+1","Conserve Battery+1"],"picked":"Defragment","floor":29},{"not_picked":["Heatsinks","Turbo+1","Thunder Strike"],"picked":"SKIP","floor":30},{"not_picked":["Steam+1","Go for the Eyes","Turbo+1"],"picked":"SKIP","floor":31},{"not_picked":["Multi-Cast+1","Creative AI"],"picked":"Seek+1","floor":33},{"not_picked":["Go for the Eyes+1","Consume+1","Turbo+1"],"picked":"SKIP","floor":35},{"not_picked":["Turbo+1","Sweeping Beam","Redo+1"],"picked":"SKIP","floor":36},{"not_picked":["Master of Strategy+1","The Bomb+1"],"picked":"Panacea+1","floor":38},{"not_picked":["Impatience+1","Good Instincts+1"],"picked":"Deep Breath+1","floor":38},{"not_picked":["Sweeping Beam+1","Lockon+1","Darkness+1"],"picked":"SKIP","floor":41},{"not_picked":["Rip and Tear","Steam+1","Sweeping Beam+1"],"picked":"SKIP","floor":44},{"not_picked":["Sweeping Beam+1","Steam Power+1","Leap+1"],"picked":"SKIP","floor":46},{"not_picked":["Hologram+1","Force Field+1","Streamline+1"],"picked":"SKIP","floor":54}],"player_experience":391658,"relics_obtained":[{"floor":6,"key":"Cables"},{"floor":9,"key":"FossilizedHelix"},{"floor":19,"key":"Sundial"},{"floor":23,"key":"Ice Cream"},{"floor":25,"key":"Toxic Egg 2"},{"floor":26,"key":"Letter Opener"},{"floor":41,"key":"Lantern"},{"floor":44,"key":"Meat on the Bone"},{"floor":48,"key":"Torii"},{"floor":54,"key":"Dodecahedron"}],"event_choices":[{"damage_healed":0,"gold_gain":275,"player_choice":"Desecrate","damage_taken":0,"max_hp_gain":0,"max_hp_loss":0,"event_name":"Golden Shrine","floor":4,"gold_loss":0,"cards_obtained":["Regret"]},{"cards_removed":["Strike_B"],"damage_healed":0,"gold_gain":0,"player_choice":"Upgrade and Remove","damage_taken":0,"max_hp_gain":0,"max_hp_loss":0,"event_name":"Designer","floor":22,"gold_loss":90,"cards_upgraded":["Zap"]},{"damage_healed":0,"gold_gain":0,"player_choice":"Max HP","damage_taken":0,"max_hp_gain":0,"max_hp_loss":4,"event_name":"Winding Halls","floor":37,"gold_loss":0},{"damage_healed":0,"gold_gain":0,"player_choice":"Memory 3","damage_taken":10,"max_hp_gain":0,"max_hp_loss":0,"event_name":"SensoryStone","floor":38,"gold_loss":0},{"damage_healed":0,"gold_gain":0,"player_choice":"Ignored","damage_taken":0,"max_hp_gain":0,"max_hp_loss":0,"event_name":"Tomb of Lord Red Mask","floor":39,"gold_loss":0}],"is_beta":false,"boss_relics":[{"not_picked":["Eternal Feather","Snecko Eye"],"picked":"FrozenCore"},{"not_picked":["Black Star","Lizard Tail"],"picked":"Inserter"}],"items_purged_floors":[8,45,47],"is_endless":false,"potions_floor_spawned":[1,3,5,18,21,23,25,29,41,46],"ascension_level":5}