{"gold_per_floor":[118,135,112,123,138,164,177,177,177,177,177,177,177,191,146,111,212,212,226,151,151,151],"floor_reached":22,"playtime":959,"items_purged":[],"score":209,"play_id":"309a37f5-6da4-4779-a0cc-a338cdee0f2d","local_time":"20190201001849","is_ascension_mode":false,"campfire_choices":[{"data":"theScribe:Focused","floor":8,"key":"SMITH"},{"data":"theScribe:SacrificeRitual","floor":10,"key":"SMITH"},{"data":"theScribe:Lightning","floor":13,"key":"SMITH"}],"neow_cost":"NONE","seed_source_timestamp":391160129565900,"circlet_count":0,"master_deck":["theScribe:StarterAttack","theScribe:StarterAttack","theScribe:StarterAttack","theScribe:StarterAttack","theScribe:StarterDefend","theScribe:StarterDefend","theScribe:StarterDefend","theScribe:StarterDefend","theScribe:Spark+1","theScribe:Lightning","theScribe:SacrificeRitual","theScribe:Lightning+1","theScribe:SacrificeRitual+1","theScribe:Focused+1","theScribe:AirPrison","theScribe:MirrorImage","theScribe:Lightning","theScribe:OpenMind","theScribe:MirrorImage"],"relics":["theScribe:StarterRelic","Torii","SnailShell","Runesmith:Nanobots","Honey Jar"],"potions_floor_usage":[22,22],"damage_taken":[{"damage":0,"enemies":"Cultist","floor":1,"turns":4},{"damage":1,"enemies":"Jaw Worm","floor":2,"turns":4},{"damage":0,"enemies":"Small Slimes","floor":4,"turns":3},{"damage":8,"enemies":"Gremlin Gang","floor":5,"turns":6},{"damage":49,"enemies":"Lagavulin","floor":6,"turns":9},{"damage":6,"enemies":"2 Fungi Beasts","floor":7,"turns":3},{"damage":1,"enemies":"Blue Slaver","floor":14,"turns":4},{"damage":47,"enemies":"Slime Boss","floor":17,"turns":9},{"damage":59,"enemies":"Chosen","floor":19,"turns":9},{"damage":9,"enemies":"3 Byrds","floor":22,"turns":4}],"seed_played":"-5539888747918471876","potions_obtained":[{"floor":5,"key":"Languid Potion"},{"floor":6,"key":"Swift Potion"},{"floor":17,"key":"AttackPotion"},{"floor":19,"key":"Fire Potion"}],"is_trial":false,"path_per_floor":["M","M","$","M","M","E","M","R","T","R","?","PTL","R","M","$","R","B",null,"M","?","?","M"],"character_chosen":"THE_SCRIBE","items_purchased":["theScribe:Lightning","theScribe:Lightning"],"campfire_rested":0,"item_purchase_floors":[3,15],"current_hp_per_floor":[75,74,74,74,70,21,22,22,22,22,47,47,47,46,46,64,17,75,23,23,9,0],"gold":151,"neow_bonus":"UPGRADE_CARD","is_prod":false,"is_daily":false,"chose_seed":false,"campfire_upgraded":3,"win_rate":0.0,"timestamp":1548998329,"path_taken":["M","?","$","?","M","E","M","R","T","R","?","PTL","R","M","$","R","BOSS","M","?","?","M"],"build_version":"2019-01-23","purchased_purges":0,"victory":false,"max_hp_per_floor":[75,75,75,75,75,75,75,75,75,75,75,75,75,75,75,75,75,75,75,75,80,80],"card_choices":[{"not_picked":["theScribe:BarrierOfLight","theScribe:Manablast"],"picked":"theScribe:Lightning","floor":1},{"not_picked":["theScribe:MagicMissiles","theScribe:Dark"],"picked":"theScribe:SacrificeRitual","floor":2},{"not_picked":["theScribe:Thwack","theScribe:BarrierOfLight"],"picked":"theScribe:SacrificeRitual","floor":4},{"not_picked":["theScribe:Clarity","theScribe:MagicMissiles"],"picked":"theScribe:Focused","floor":5},{"not_picked":["theScribe:Ghost_Realm","theScribe:PriceOfKnowledge","theScribe:BarrierOfLight"],"picked":"SKIP","floor":6},{"not_picked":["theScribe:Manablast","theScribe:Lightning"],"picked":"theScribe:AirPrison","floor":7},{"not_picked":["theScribe:Lightning","theScribe:Clarity"],"picked":"theScribe:MirrorImage","floor":14},{"not_picked":["theScribe:Ghost_Realm","theScribe:BloodMagicks"],"picked":"theScribe:OpenMind","floor":17},{"not_picked":["theScribe:BarrierOfLight","theScribe:PriceOfKnowledge","theScribe:Split"],"picked":"theScribe:MirrorImage","floor":19}],"player_experience":1181001,"relics_obtained":[{"floor":6,"key":"Torii"},{"floor":9,"key":"Runesmith:Nanobots"}],"event_choices":[{"damage_healed":25,"gold_gain":0,"player_choice":"Banana","damage_taken":0,"max_hp_gain":0,"max_hp_loss":0,"event_name":"Big Fish","floor":11,"gold_loss":0},{"damage_healed":18,"gold_gain":0,"player_choice":"Healed","damage_taken":0,"max_hp_gain":0,"max_hp_loss":0,"event_name":"The Cleric","floor":16,"gold_loss":35},{"cards_removed":["theScribe:StarterAttack"],"damage_healed":0,"gold_gain":0,"player_choice":"Gave Gold","damage_taken":0,"max_hp_gain":0,"max_hp_loss":0,"event_name":"Beggar","floor":20,"gold_loss":75},{"damage_healed":0,"gold_gain":0,"player_choice":"Shed Blood","damage_taken":19,"max_hp_gain":5,"max_hp_loss":0,"event_name":"Forgotten Altar","floor":21,"gold_loss":0}],"is_beta":true,"boss_relics":[{"not_picked":["ChewingGum","Coffee Dripper"],"picked":"Honey Jar"}],"items_purged_floors":[],"is_endless":false,"potions_floor_spawned":[5,6,17,19],"killed_by":"3 Byrds","ascension_level":0}