{"gold_per_floor":[110,22,22,22,0,17,17,17,17,17,37,37,37,47,47,118,118,138,0,0,0,10,10,10,37,37,37,37,37,37,53,53,132,132,143,143,68,88,103,103,0,34,34,52,52,67,67,67,67,67],"floor_reached":51,"playtime":1934,"items_purged":["Strike_G"],"score":1113,"play_id":"ee4364ce-9b62-40ba-966c-978a2ba5e78d","local_time":"20181224114445","is_ascension_mode":true,"campfire_choices":[{"data":"Poisoned Stab","floor":8,"key":"SMITH"},{"data":"Crippling Poison","floor":13,"key":"SMITH"},{"floor":15,"key":"REST"},{"data":"Malaise","floor":23,"key":"SMITH"},{"data":"Bouncing Flask","floor":27,"key":"SMITH"},{"data":"Noxious Fumes","floor":30,"key":"SMITH"},{"data":"Well Laid Plans","floor":32,"key":"SMITH"},{"floor":40,"key":"REST"},{"floor":45,"key":"REST"},{"floor":47,"key":"REST"},{"data":"Escape Plan","floor":49,"key":"SMITH"}],"neow_cost":"PERCENT_DAMAGE","seed_source_timestamp":2087710449070,"circlet_count":0,"master_deck":["AscendersBane","Defend_G","Defend_G","Defend_G","Defend_G","Defend_G","Strike_G+1","Strike_G","Survivor","Neutralize","Footwork+1","Poisoned Stab+1","Dash","Deflect","Crippling Poison+1","Noxious Fumes+1","Malaise+1","Well Laid Plans+1","Escape Plan+1","Calculated Gamble","Bouncing Flask+1","Panacea","Parasite","Escape Plan"],"relics":["Ring of the Snake","Ginger","Regal Pillow","Busted Crown","Gremlin Horn","Bottled Flame","Runic Dome","Red Mask","Bag of Preparation","Shuriken"],"potions_floor_usage":[16,50,50],"damage_taken":[{"damage":3,"enemies":"Jaw Worm","floor":1,"turns":7},{"damage":0,"enemies":"2 Louse","floor":6,"turns":3},{"damage":0,"enemies":"Small Slimes","floor":11,"turns":4},{"damage":1,"enemies":"3 Louse","floor":14,"turns":2},{"damage":48,"enemies":"Hexaghost","floor":16,"turns":10},{"damage":2,"enemies":"2 Thieves","floor":18,"turns":5},{"damage":0,"enemies":"Spheric Guardian","floor":22,"turns":6},{"damage":2,"enemies":"Book of Stabbing","floor":25,"turns":7},{"damage":4,"enemies":"Snake Plant","floor":31,"turns":7},{"damage":35,"enemies":"Collector","floor":33,"turns":9},{"damage":17,"enemies":"3 Darklings","floor":35,"turns":5},{"damage":0,"enemies":"3 Shapes","floor":38,"turns":4},{"damage":17,"enemies":"Writhing Mass","floor":39,"turns":6},{"damage":45,"enemies":"Reptomancer","floor":42,"turns":11},{"damage":3,"enemies":"4 Shapes","floor":44,"turns":6},{"damage":22,"enemies":"Maw","floor":46,"turns":7},{"damage":58,"enemies":"Awakened One","floor":50,"turns":19}],"seed_played":"8108583871441479147","potions_obtained":[{"floor":1,"key":"Weak Potion"},{"floor":14,"key":"Dexterity Potion"},{"floor":22,"key":"SteroidPotion"},{"floor":38,"key":"LiquidBronze"},{"floor":39,"key":"PowerPotion"}],"is_trial":false,"path_per_floor":["M","$","?","?","?","M","$","R","T","?","M","?","R","M","R","B",null,"M","?","$","?","M","R","?","E","T","R","?","$","R","M","R","B",null,"M","?","$","M","M","R","?","E","T","M","R","M","R","?","R","B",null],"character_chosen":"THE_SILENT","items_purchased":["Poisoned Stab","Dash"],"campfire_rested":4,"item_purchase_floors":[2,2],"current_hp_per_floor":[42,42,42,28,28,28,28,28,28,28,28,28,28,27,63,15,56,54,54,54,54,54,54,54,52,52,52,52,52,52,48,48,13,56,39,39,39,39,22,58,58,13,13,10,46,24,60,60,60,2],"gold":67,"neow_bonus":"ONE_RARE_RELIC","is_prod":false,"is_daily":false,"chose_seed":false,"campfire_upgraded":7,"win_rate":0,"timestamp":1545651885,"path_taken":["M","$","?","?","?","M","$","R","T","?","?","?","R","M","R","BOSS","M","?","$","?","M","R","?","E","T","R","?","?","R","M","R","BOSS","M","?","$","M","?","R","?","E","T","M","R","M","R","?","R","BOSS"],"build_version":"2018-12-20","purchased_purges":1,"victory":true,"max_hp_per_floor":[70,70,70,70,70,70,70,70,70,70,70,70,70,70,70,70,70,70,70,70,70,70,70,70,70,70,70,70,70,70,70,70,70,70,70,70,70,70,70,70,70,70,70,70,70,70,70,70,70,70],"card_choices":[{"not_picked":["Leg Sweep","PiercingWail"],"picked":"Footwork","floor":1},{"not_picked":["Finisher","Choke"],"picked":"Deflect","floor":6},{"not_picked":["Acrobatics","Sucker Punch"],"picked":"Noxious Fumes","floor":11},{"not_picked":["Underhanded Strike","Endless Agony","Eviscerate"],"picked":"SKIP","floor":14},{"not_picked":["After Image","Corpse Explosion"],"picked":"Malaise","floor":16},{"not_picked":[],"picked":"Well Laid Plans","floor":18},{"not_picked":[],"picked":"Bouncing Flask","floor":22},{"not_picked":["Flying Knee"],"picked":"SKIP","floor":25},{"not_picked":["Poisoned Stab"],"picked":"SKIP","floor":31},{"not_picked":["Calculated Gamble"],"picked":"SKIP","floor":35},{"not_picked":["Deadly Poison+1"],"picked":"SKIP","floor":38},{"not_picked":["Dagger Throw"],"picked":"SKIP","floor":39},{"not_picked":[],"picked":"Escape Plan","floor":42},{"not_picked":["Flying Knee"],"picked":"SKIP","floor":44},{"not_picked":["Deadly Poison"],"picked":"SKIP","floor":46}],"player_experience":301486,"relics_obtained":[{"floor":9,"key":"Regal Pillow"},{"floor":25,"key":"Gremlin Horn"},{"floor":26,"key":"Bottled Flame"},{"floor":42,"key":"Bag of Preparation"},{"floor":43,"key":"Shuriken"}],"event_choices":[{"damage_healed":0,"gold_gain":0,"player_choice":"Leave","damage_taken":0,"max_hp_gain":0,"max_hp_loss":0,"event_name":"The Cleric","floor":3,"gold_loss":0},{"damage_healed":0,"gold_gain":0,"player_choice":"Entered Light","damage_taken":14,"max_hp_gain":0,"max_hp_loss":0,"event_name":"Shining Light","floor":4,"gold_loss":0,"cards_upgraded":["Strike_G","Footwork"]},{"damage_healed":0,"gold_gain":0,"player_choice":"Left Gold","damage_taken":0,"max_hp_gain":0,"max_hp_loss":0,"event_name":"World of Goop","floor":5,"gold_loss":22},{"damage_healed":0,"gold_gain":0,"player_choice":"1 cards matched","damage_taken":0,"max_hp_gain":0,"max_hp_loss":0,"event_name":"Match and Keep!","floor":10,"gold_loss":0,"cards_obtained":["Crippling Poison"]},{"damage_healed":0,"gold_gain":0,"player_choice":"Fled","damage_taken":0,"max_hp_gain":0,"max_hp_loss":0,"event_name":"Scrap Ooze","floor":12,"gold_loss":0},{"damage_healed":0,"gold_gain":0,"player_choice":"Paid Fearfully","damage_taken":0,"max_hp_gain":0,"max_hp_loss":0,"event_name":"Masked Bandits","floor":19,"gold_loss":138},{"damage_healed":0,"gold_gain":0,"cards_transformed":["Strike_G","Strike_G"],"player_choice":"Became Test Subject","damage_taken":0,"max_hp_gain":0,"max_hp_loss":0,"event_name":"Drug Dealer","floor":21,"gold_loss":0,"cards_obtained":["Escape Plan","Calculated Gamble"]},{"damage_healed":0,"gold_gain":0,"player_choice":"Ignored","damage_taken":0,"max_hp_gain":0,"max_hp_loss":0,"event_name":"Ghosts","floor":28,"gold_loss":0},{"damage_healed":0,"gold_gain":0,"player_choice":"1 cards matched","damage_taken":0,"max_hp_gain":0,"max_hp_loss":0,"event_name":"Match and Keep!","floor":36,"gold_loss":0,"cards_obtained":["Panacea"]},{"damage_healed":0,"gold_gain":0,"player_choice":"Paid","damage_taken":0,"relics_obtained":["Red Mask"],"max_hp_gain":0,"max_hp_loss":0,"event_name":"Tomb of Lord Red Mask","floor":41,"gold_loss":103},{"damage_healed":0,"gold_gain":0,"player_choice":"Ignored","damage_taken":0,"max_hp_gain":0,"max_hp_loss":0,"event_name":"SecretPortal","floor":48,"gold_loss":0}],"is_beta":false,"boss_relics":[{"not_picked":["Tiny House","HoveringKite"],"picked":"Busted Crown"},{"not_picked":["Philosopher\u0027s Stone","Coffee Dripper"],"picked":"Runic Dome"}],"items_purged_floors":[37],"is_endless":false,"potions_floor_spawned":[1,14,22,31,38,39,42,44],"ascension_level":13}