{"gold_per_floor":[116,191,203,216,231,259,259,278,327,347,347,347,297,332,332,461,461,430,430,430],"floor_reached":20,"playtime":1929,"items_purged":[],"score":221,"play_id":"7eec60b3-0571-44ea-8a79-0ec54e318229","local_time":"20190102201716","is_ascension_mode":true,"campfire_choices":[{"data":"Berserk","floor":7,"key":"SMITH"},{"data":"Evolve","floor":11,"key":"SMITH"},{"data":"Bash","floor":15,"key":"SMITH"}],"neow_cost":"NONE","seed_source_timestamp":3212507606769626,"circlet_count":0,"master_deck":["Strike_R","Strike_R","Strike_R","Strike_R","Defend_R","Defend_R","Defend_R","Defend_R","Bash+1","Evolve+1","Seeing Red","Berserk+1","Cleave","Ghostly Armor","Brutality","Anger+1","Writhe"],"relics":["Burning Blood","Centennial Puzzle","Oddly Smooth Stone","Golden Idol","Toxic Egg 2","Philosopher\u0027s Stone","Blood Vial"],"potions_floor_usage":[6,14,16,20],"damage_taken":[{"damage":1,"enemies":"Cultist","floor":1,"turns":3},{"damage":8,"enemies":"Jaw Worm","floor":3,"turns":4},{"damage":2,"enemies":"2 Louse","floor":4,"turns":3},{"damage":7,"enemies":"2 Fungi Beasts","floor":5,"turns":3},{"damage":43,"enemies":"Gremlin Nob","floor":6,"turns":4},{"damage":14,"enemies":"Blue Slaver","floor":8,"turns":4},{"damage":19,"enemies":"Exordium Wildlife","floor":10,"turns":5},{"damage":7,"enemies":"3 Sentries","floor":14,"turns":6},{"damage":26,"enemies":"Slime Boss","floor":16,"turns":12},{"damage":42,"enemies":"2 Thieves","floor":18,"turns":5},{"damage":46,"enemies":"Colosseum Slavers","floor":20,"turns":4}],"seed_played":"2264560526848153348","potions_obtained":[{"floor":4,"key":"BloodPotion"},{"floor":5,"key":"SkillPotion"},{"floor":14,"key":"BloodPotion"},{"floor":16,"key":"Dexterity Potion"}],"is_trial":false,"path_per_floor":["M","?","M","M","M","E","R","M","T","M","R","?","?","E","R","B",null,"M","?","?"],"character_chosen":"IRONCLAD","items_purchased":[],"campfire_rested":0,"item_purchase_floors":[],"current_hp_per_floor":[80,72,70,74,73,36,36,28,28,15,15,15,15,21,21,8,74,38,38,0],"gold":430,"neow_bonus":"THREE_CARDS","is_prod":false,"is_daily":false,"chose_seed":false,"campfire_upgraded":3,"win_rate":0,"timestamp":1546489036,"path_taken":["M","?","M","M","M","E","R","M","T","?","R","?","?","E","R","BOSS","M","?","?"],"build_version":"2018-12-20","purchased_purges":0,"victory":false,"max_hp_per_floor":[80,80,80,80,80,80,80,80,80,80,80,74,74,74,74,74,74,74,74,74],"card_choices":[{"not_picked":["Twin Strike","Thunderclap"],"picked":"Evolve","floor":0},{"not_picked":["Havoc","Cleave"],"picked":"Seeing Red","floor":1},{"not_picked":["Twin Strike","Clothesline","Headbutt"],"picked":"SKIP","floor":3},{"not_picked":["Combust","True Grit","Dark Embrace"],"picked":"SKIP","floor":4},{"not_picked":["Flex","Headbutt","Twin Strike"],"picked":"SKIP","floor":5},{"not_picked":["Twin Strike","Havoc"],"picked":"Berserk","floor":6},{"not_picked":["Anger","Clothesline"],"picked":"Cleave","floor":8},{"not_picked":["Heavy Blade","Flex"],"picked":"Ghostly Armor","floor":10},{"not_picked":["Rampage","Evolve","Second Wind"],"picked":"SKIP","floor":14},{"not_picked":["Immolate","Bludgeon"],"picked":"Brutality","floor":16},{"not_picked":["Clash","Perfected Strike"],"picked":"Anger+1","floor":18}],"player_experience":196548,"relics_obtained":[{"floor":6,"key":"Centennial Puzzle"},{"floor":9,"key":"Oddly Smooth Stone"},{"floor":14,"key":"Toxic Egg 2"}],"event_choices":[{"damage_healed":0,"gold_gain":75,"player_choice":"Touch","damage_taken":8,"max_hp_gain":0,"max_hp_loss":0,"event_name":"FaceTrader","floor":2,"gold_loss":0},{"damage_healed":0,"gold_gain":0,"player_choice":"Lose Max HP","damage_taken":0,"relics_obtained":["Golden Idol"],"max_hp_gain":0,"max_hp_loss":6,"event_name":"Golden Idol","floor":12,"gold_loss":0},{"cards_removed":["Strike_R"],"damage_healed":0,"gold_gain":0,"player_choice":"Card Removal","damage_taken":0,"max_hp_gain":0,"max_hp_loss":0,"event_name":"The Cleric","floor":13,"gold_loss":50},{"damage_healed":0,"gold_gain":0,"player_choice":"Opened","damage_taken":0,"relics_obtained":["Blood Vial"],"max_hp_gain":0,"max_hp_loss":0,"event_name":"The Mausoleum","floor":19,"gold_loss":0,"cards_obtained":["Writhe"]},{"damage_healed":0,"gold_gain":0,"player_choice":"Fight","damage_taken":0,"max_hp_gain":0,"max_hp_loss":0,"event_name":"Colosseum","floor":20,"gold_loss":0}],"is_beta":false,"boss_relics":[{"not_picked":["Eternal Feather","Black Blood"],"picked":"Philosopher\u0027s Stone"}],"items_purged_floors":[],"is_endless":false,"potions_floor_spawned":[4,5,14,16],"killed_by":"Colosseum Slavers","ascension_level":4}