{"gold_per_floor":[112,132,145,159,169,201,201,11,61,61,61,75,75,0,0,131,131,144,165,186,186,186,186],"floor_reached":23,"playtime":3365,"items_purged":["Injury"],"score":193,"play_id":"4f0b4047-7ce2-474e-a87d-4dfa0761f8b6","local_time":"20190115232918","is_ascension_mode":false,"campfire_choices":[{"data":"Predator","floor":7.0,"key":"SMITH"},{"data":"Apotheosis","floor":11.0,"key":"SMITH"},{"floor":15.0,"key":"REST"}],"neow_cost":"NONE","seed_source_timestamp":0,"circlet_count":0,"master_deck":["Defend_G","Defend_G","Defend_G","Defend_G","Defend_G","Strike_G","Strike_G","Strike_G","Strike_G","Strike_G","Survivor","Neutralize","Flying Knee","Blade Dance","Backflip","Predator+1","Deflect","Outmaneuver","Apotheosis+1","Caltrops","Corpse Explosion","Die Die Die","Blur"],"special_seed":0,"relics":["Ring of the Serpent","Dream Catcher","Pen Nib","Golden Idol","Pantograph"],"potions_floor_usage":[19],"damage_taken":[{"damage":0.0,"enemies":"Small Slimes","floor":1.0,"turns":4.0},{"damage":0.0,"enemies":"2 Louse","floor":2.0,"turns":3.0},{"damage":6.0,"enemies":"Cultist","floor":3.0,"turns":3.0},{"damage":2.0,"enemies":"3 Louse","floor":4.0,"turns":6.0},{"damage":17.0,"enemies":"Exordium Wildlife","floor":5.0,"turns":4.0},{"damage":9.0,"enemies":"3 Sentries","floor":6.0,"turns":11.0},{"damage":13.0,"enemies":"Lots of Slimes","floor":12.0,"turns":4.0},{"damage":27.0,"enemies":"Slime Boss","floor":16.0,"turns":9.0},{"damage":14,"enemies":"Shell Parasite","floor":18,"turns":6},{"damage":26,"enemies":"2 Thieves","floor":19,"turns":3},{"damage":16,"enemies":"Centurion and Healer","floor":20,"turns":8},{"damage":19,"enemies":"Colosseum Slavers","floor":21,"turns":3},{"damage":2,"enemies":"Book of Stabbing","floor":23,"turns":2}],"seed_played":"-4512811977218550776","potions_obtained":[{"floor":1.0,"key":"Ancient Potion"},{"floor":3.0,"key":"GamblersBrew"},{"floor":4.0,"key":"Swift Potion"},{"floor":6.0,"key":"PowerPotion"},{"floor":18,"key":"LiquidBronze"},{"floor":20,"key":"Swift Potion"}],"is_trial":false,"path_per_floor":["M","M","M","M","M","E","R","$","T","?","R","M","?","$","R","B",null,"M","M","M","?","T","E"],"character_chosen":"THE_SILENT","items_purchased":["Apotheosis"],"campfire_rested":1,"item_purchase_floors":[8],"current_hp_per_floor":[77,77,71,69,52,43,43,43,43,43,43,30,30,30,53,26,77,63,37,21,2,2,0],"gold":186,"neow_bonus":"TEN_PERCENT_HP_BONUS","is_prod":false,"is_daily":false,"chose_seed":false,"campfire_upgraded":2,"win_rate":0.0,"timestamp":1547612958,"path_taken":["M","M","M","M","M","E","R","$","T","?","R","M","?","$","R","BOSS","M","M","?","?","?","E"],"build_version":"2019-01-10","purchased_purges":1,"victory":false,"max_hp_per_floor":[77,77,77,77,77,77,77,77,77,77,77,77,77,77,77,77,77,77,77,77,77,77,77],"card_choices":[{"not_picked":["Calculated Gamble","Bouncing Flask"],"picked":"Flying Knee","floor":1.0},{"not_picked":["Acrobatics","Terror"],"picked":"Blade Dance","floor":2.0},{"not_picked":["Acrobatics","Tactician"],"picked":"Backflip","floor":3.0},{"not_picked":["Dagger Spray","Adrenaline"],"picked":"Predator","floor":4.0},{"not_picked":["Underhanded Strike","Quick Slash"],"picked":"Deflect","floor":5.0},{"not_picked":["Catalyst","Underhanded Strike"],"picked":"Outmaneuver","floor":6.0},{"not_picked":["Predator","PiercingWail"],"picked":"Caltrops","floor":12.0},{"not_picked":["Riddle With Holes","Crippling Poison"],"picked":"Corpse Explosion","floor":15.0},{"not_picked":["Tools of the Trade","Phantasmal Killer"],"picked":"Die Die Die","floor":16.0},{"not_picked":["Crippling Poison","Underhanded Strike"],"picked":"Blur","floor":18},{"not_picked":["Masterful Stab","Deflect","Heel Hook"],"picked":"SKIP","floor":19},{"not_picked":["Calculated Gamble+1","Skewer","Flechettes"],"picked":"SKIP","floor":20}],"player_experience":24479,"relics_obtained":[{"floor":6.0,"key":"Dream Catcher"},{"floor":9.0,"key":"Pen Nib"},{"floor":22,"key":"Pantograph"}],"event_choices":[{"damage_healed":0.0,"max_hp_gain":0.0,"max_hp_loss":0.0,"gold_gain":0.0,"event_name":"Golden Idol","player_choice":"Take Wound","floor":10.0,"gold_loss":0.0,"damage_taken":0.0,"relics_obtained":["Golden Idol"],"cards_obtained":["Injury"]},{"damage_healed":0.0,"max_hp_gain":0.0,"max_hp_loss":0.0,"gold_gain":0.0,"event_name":"The Woman in Blue","player_choice":"Bought 0 Potions","floor":13.0,"gold_loss":0.0,"damage_taken":0.0},{"damage_healed":0,"gold_gain":0,"player_choice":"Fight","damage_taken":0,"max_hp_gain":0,"max_hp_loss":0,"event_name":"Colosseum","floor":21,"gold_loss":0},{"damage_healed":0,"gold_gain":0,"player_choice":"Fled From Nobs","damage_taken":0,"max_hp_gain":0,"max_hp_loss":0,"event_name":"Colosseum","floor":21,"gold_loss":0}],"is_beta":false,"boss_relics":[{"not_picked":["Runic Dome","Black Star"],"picked":"Ring of the Serpent"}],"items_purged_floors":[14],"is_endless":false,"potions_floor_spawned":[1,3,4,6,18,20],"killed_by":"Book of Stabbing","ascension_level":0}