{"gold_per_floor":[14,189,199,52,52,88,88,88,88,123,139,139,157,57,57,183,183,153,153,153,153,153,153,153,153,153,28,28,28,28,28,28,28,28,28,28,28,28,28,28,28,28,28,28,28,28,28,28,28,28],"floor_reached":51,"playtime":1182,"items_purged":["Doubt","Strike_R","Strike_R"],"score":708,"play_id":"e03085a7-1c0f-4e90-bb44-50fe4238f8e8","local_time":"20180915153328","is_ascension_mode":false,"campfire_choices":[{"data":"Body Slam","floor":7,"key":"SMITH"},{"data":"Body Slam","floor":12,"key":"SMITH"},{"data":"Juggernaut","floor":15,"key":"SMITH"},{"data":"True Grit","floor":23,"key":"SMITH"},{"data":"Metallicize","floor":25,"key":"SMITH"},{"data":"Shrug It Off","floor":28,"key":"SMITH"},{"data":"Offering","floor":32,"key":"SMITH"},{"floor":40,"key":"REST"},{"data":"Shrug It Off","floor":42,"key":"SMITH"},{"data":"Burning Pact","floor":47,"key":"SMITH"},{"floor":49,"key":"REST"}],"neow_cost":"NO_GOLD","seed_source_timestamp":0,"circlet_count":0,"master_deck":["Strike_R","Defend_R","Defend_R","Defend_R","Bash","Metallicize+1","Body Slam+1","Shrug It Off+1","Shrug It Off+1","Juggernaut+1","Body Slam+1","Offering+1","True Grit+1","Dual Wield+1","Feel No Pain+1","Madness","Shrug It Off+1","Burning Pact+1"],"special_seed":0,"relics":["Burning Blood","Bloody Idol","Bottled Flame","Bronze Scales","Mummified Hand","Darkstone Periapt","Ectoplasm","Bottled Lightning","Matryoshka","Runic Dome","Centennial Puzzle","Pantograph","Bag of Preparation","Bag of Marbles","Bottled Tornado"],"potions_floor_usage":[3,6,20,33,50,50],"damage_taken":[{"damage":2,"enemies":"Small Slimes","floor":1,"turns":4},{"damage":6,"enemies":"Jaw Worm","floor":3,"turns":3},{"damage":30,"enemies":"3 Sentries","floor":6,"turns":13},{"damage":8,"enemies":"Lagavulin","floor":10,"turns":8},{"damage":0,"enemies":"Cultist","floor":11,"turns":3},{"damage":0,"enemies":"Looter","floor":13,"turns":2},{"damage":17,"enemies":"Hexaghost","floor":16,"turns":5},{"damage":6,"enemies":"2 Thieves","floor":18,"turns":3},{"damage":13,"enemies":"3 Byrds","floor":19,"turns":2},{"damage":16,"enemies":"Snake Plant","floor":20,"turns":2},{"damage":6,"enemies":"Shelled Parasite and Fungi","floor":22,"turns":2},{"damage":6,"enemies":"Chosen and Byrds","floor":29,"turns":3},{"damage":53,"enemies":"Collector","floor":33,"turns":6},{"damage":6,"enemies":"3 Darklings","floor":35,"turns":2},{"damage":6,"enemies":"Orb Walker","floor":38,"turns":2},{"damage":18,"enemies":"Transient","floor":41,"turns":5},{"damage":15,"enemies":"Nemesis","floor":44,"turns":3},{"damage":6,"enemies":"4 Shapes","floor":46,"turns":2},{"damage":6,"enemies":"Reptomancer","floor":48,"turns":3},{"damage":11,"enemies":"Time Eater","floor":50,"turns":3}],"seed_played":"3742537552205345696","potions_obtained":[{"floor":1,"key":"Fire Potion"},{"floor":3,"key":"LiquidBronze"},{"floor":11,"key":"SmokeBomb"},{"floor":16,"key":"BloodPotion"},{"floor":19,"key":"PowerPotion"},{"floor":29,"key":"Strength Potion"},{"floor":38,"key":"LiquidBronze"}],"is_trial":false,"path_per_floor":["M","?","M","$","?","E","R","?","T","E","M","R","M","$","R","B",null,"M","M","M","?","M","R","?","R","T","$","R","M","T","?","R","B",null,"M","?","?","M","$","R","M","R","T","E","T","M","R","M","R","B"],"character_chosen":"IRONCLAD","items_purchased":["Body Slam","Shrug It Off"],"campfire_rested":2,"item_purchase_floors":[4,4],"current_hp_per_floor":[80,80,80,80,74,50,50,38,38,36,42,42,48,48,48,37,74,74,67,57,57,57,57,57,57,57,57,57,57,57,57,57,17,74,74,64,64,64,64,74,62,62,62,53,53,53,53,53,74,69],"gold":28,"neow_bonus":"REMOVE_TWO","is_prod":false,"is_daily":false,"chose_seed":false,"campfire_upgraded":9,"win_rate":0,"timestamp":1537022008,"path_taken":["M","?","?","$","?","E","R","?","T","E","?","R","?","$","R","BOSS","M","M","M","?","M","R","?","R","T","$","R","?","?","?","R","BOSS","M","?","?","M","$","R","M","R","T","E","?","M","R","?","R","BOSS"],"build_version":"2018-09-06","purchased_purges":3,"victory":true,"max_hp_per_floor":[80,80,80,80,74,74,74,74,74,74,74,74,74,74,74,74,74,74,74,74,74,74,74,74,74,74,74,74,74,74,74,74,74,74,74,74,74,74,74,74,74,74,74,74,74,74,74,74,74,74],"card_choices":[{"not_picked":["Battle Trance","Blood for Blood","Havoc"],"picked":"SKIP","floor":1},{"not_picked":["True Grit","Warcry"],"picked":"Metallicize","floor":3},{"not_picked":["Fiend Fire","Flex"],"picked":"Shrug It Off","floor":6},{"not_picked":["Headbutt","Demon Form"],"picked":"Juggernaut","floor":10},{"not_picked":["Blood for Blood","Flex"],"picked":"Body Slam","floor":11},{"not_picked":["Havoc","Warcry"],"picked":"Offering","floor":13},{"not_picked":["Carnage","Armaments"],"picked":"True Grit","floor":18},{"not_picked":["Iron Wave","Clothesline"],"picked":"Dual Wield+1","floor":19},{"not_picked":["Infernal Blade","Warcry","Rupture"],"picked":"SKIP","floor":20},{"not_picked":["Flex","Clothesline+1"],"picked":"Feel No Pain+1","floor":22},{"not_picked":["Sword Boomerang","Sentinel","Perfected Strike"],"picked":"SKIP","floor":29},{"not_picked":["Body Slam","Pommel Strike+1","Wild Strike"],"picked":"SKIP","floor":35},{"not_picked":["Impatience","Secret Technique"],"picked":"Madness","floor":36},{"not_picked":["Hemokinesis+1","Headbutt+1","Twin Strike"],"picked":"SKIP","floor":38},{"not_picked":["Rupture+1","Sever Soul"],"picked":"Shrug It Off+1","floor":41},{"not_picked":["Clash","Rupture+1"],"picked":"Burning Pact","floor":44},{"not_picked":["Heavy Blade+1","Clash","Thunderclap+1"],"picked":"SKIP","floor":46},{"not_picked":["Shrug It Off+1","Carnage","Warcry"],"picked":"SKIP","floor":48}],"player_experience":32530,"relics_obtained":[{"floor":6,"key":"Bottled Flame"},{"floor":9,"key":"Mummified Hand"},{"floor":10,"key":"Darkstone Periapt"},{"floor":26,"key":"Bottled Lightning"},{"floor":30,"key":"Matryoshka"},{"floor":43,"key":"Centennial Puzzle"},{"floor":43,"key":"Pantograph"},{"floor":44,"key":"Bag of Preparation"},{"floor":45,"key":"Bag of Marbles"},{"floor":45,"key":"Bottled Tornado"}],"event_choices":[{"event_name":"Liars Game","player_choice":"agreed","floor":2,"damage_taken":0},{"event_name":"Golden Idol","player_choice":"Lose Max HP","floor":5,"damage_taken":0},{"event_name":"Scrap Ooze","player_choice":"success","floor":8,"damage_taken":12},{"event_name":"Forgotten Altar","player_choice":"Gave Idol","floor":24,"damage_taken":0},{"event_name":"Nest","player_choice":"Stole From Cult","floor":31,"damage_taken":0},{"event_name":"SensoryStone","player_choice":"Memory 3","floor":36,"damage_taken":0},{"event_name":"Falling","player_choice":"Removed Skill","floor":37,"damage_taken":0}],"is_beta":false,"boss_relics":[{"not_picked":["Runic Cube","Lizard Tail"],"picked":"Ectoplasm"},{"not_picked":["Cursed Key","Coffee Dripper"],"picked":"Runic Dome"}],"items_purged_floors":[4,14,27],"is_endless":false,"potions_floor_spawned":[1,3,11,16,19,29,38,44,46],"ascension_level":0}