{"gold_per_floor":[116,291,291,316,328,373,385,407,446,458,495,507,530,556,568,681,693,715,80,97,107,107,139,139,156,156,156,168,193,206,232,232,336,336,347,364,148,167,185,185,185,87,141,151,186,206,219,229,229,229,229,229,48,79,79],"floor_reached":56,"playtime":6740,"items_purged":["Strike_G","Strike_G","Strike_G"],"score":1328,"play_id":"eceed980-913d-4cf9-8d48-a26e6255e3bc","local_time":"20190126232954","is_ascension_mode":false,"campfire_choices":[{"data":"Crippling Poison","floor":7,"key":"SMITH"},{"data":"Corpse Explosion","floor":12,"key":"SMITH"},{"data":"Noxious Fumes","floor":15,"key":"SMITH"},{"floor":24,"key":"REST"},{"floor":32,"key":"REST"},{"floor":40,"key":"RECALL"},{"data":"Master of Strategy","floor":49,"key":"SMITH"},{"data":"Blur","floor":52,"key":"SMITH"}],"neow_cost":"NONE","seed_source_timestamp":16223526696942,"circlet_count":0,"master_deck":["Defend_G","Defend_G","Defend_G","Defend_G","Defend_G","Strike_G","Survivor","Neutralize","Concentrate","Crippling Poison+1","Corpse Explosion+1","Backflip+1","Cloak And Dagger","Noxious Fumes+1","After Image","Leg Sweep+1","Mayhem","Noxious Fumes+1","Cloak And Dagger+1","Dash+1","Deflect","Leg Sweep","Master of Strategy+1","Acrobatics","Prepared","Blur+1","Tools of the Trade","Thinking Ahead","Footwork"],"relics":["Ring of the Snake","NeowsBlessing","MawBank","Centennial Puzzle","Snake Skull","Smiling Mask","White Beast Statue","Lantern","Singing Bowl","Regal Pillow","Pen Nib","Omamori","Coffee Dripper","Bronze Scales","Mango","Letter Opener"],"potions_floor_usage":[11,16,16,18,23,29,29,31,33,35,39,45,47,48,50,55,55,55],"damage_taken":[{"damage":0,"enemies":"Cultist","floor":1,"turns":1},{"damage":0,"enemies":"Small Slimes","floor":4,"turns":1},{"damage":0,"enemies":"Gremlin Nob","floor":6,"turns":1},{"damage":0,"enemies":"2 Louse","floor":8,"turns":3},{"damage":11,"enemies":"3 Sentries","floor":11,"turns":3},{"damage":3,"enemies":"Exordium Thugs","floor":13,"turns":4},{"damage":1,"enemies":"Large Slime","floor":14,"turns":8},{"damage":18,"enemies":"Slime Boss","floor":16,"turns":9},{"damage":11,"enemies":"2 Thieves","floor":18,"turns":3},{"damage":3,"enemies":"Chosen","floor":20,"turns":6},{"damage":2,"enemies":"Shelled Parasite and Fungi","floor":21,"turns":5},{"damage":13,"enemies":"Slavers","floor":23,"turns":4},{"damage":0,"enemies":"Cultist and Chosen","floor":25,"turns":4},{"damage":8,"enemies":"Centurion and Healer","floor":28,"turns":4},{"damage":0,"enemies":"Gremlin Leader","floor":29,"turns":6},{"damage":24,"enemies":"Sentry and Sphere","floor":30,"turns":6},{"damage":1,"enemies":"Slavers","floor":31,"turns":2},{"damage":48,"enemies":"Champ","floor":33,"turns":11},{"damage":0,"enemies":"Orb Walker","floor":35,"turns":4},{"damage":0,"enemies":"3 Shapes","floor":36,"turns":4},{"damage":11,"enemies":"Sphere and 2 Shapes","floor":38,"turns":5},{"damage":11,"enemies":"Jaw Worm Horde","floor":39,"turns":2},{"damage":8,"enemies":"Spire Growth","floor":44,"turns":6},{"damage":1,"enemies":"Giant Head","floor":45,"turns":9},{"damage":1,"enemies":"3 Darklings","floor":46,"turns":3},{"damage":0,"enemies":"Jaw Worm Horde","floor":47,"turns":3},{"damage":0,"enemies":"Writhing Mass","floor":48,"turns":8},{"damage":20,"enemies":"Donu and Deca","floor":50,"turns":8},{"damage":13,"enemies":"Shield and Spear","floor":54,"turns":6},{"damage":52,"enemies":"The Heart","floor":55,"turns":11}],"seed_played":"-1018435423592728340","potions_obtained":[{"floor":1,"key":"SneckoOil"},{"floor":4,"key":"Strength Potion"},{"floor":5,"key":"Fruit Juice"},{"floor":5,"key":"GamblersBrew"},{"floor":11,"key":"EssenceOfSteel"},{"floor":18,"key":"GhostInAJar"},{"floor":20,"key":"Poison Potion"},{"floor":21,"key":"Swift Potion"},{"floor":23,"key":"Fire Potion"},{"floor":25,"key":"LiquidBronze"},{"floor":28,"key":"GhostInAJar"},{"floor":29,"key":"Fire Potion"},{"floor":30,"key":"Weak Potion"},{"floor":31,"key":"Block Potion"},{"floor":33,"key":"Energy Potion"},{"floor":35,"key":"GamblersBrew"},{"floor":36,"key":"Regen Potion"},{"floor":39,"key":"Block Potion"},{"floor":45,"key":"SkillPotion"},{"floor":47,"key":"GhostInAJar"},{"floor":48,"key":"Dexterity Potion"},{"floor":54,"key":"LiquidBronze"}],"is_trial":false,"path_per_floor":["M","?","?","M","?","E","R","M","T","?","E","R","M","M","R","B",null,"M","$","M","M","?","E","R","M","T","?","M","E","M","E","R","B",null,"M","M","$","M","M","R","?","$","T","M","E","M","M","M","R","B",null,"R","$","E","B",null],"character_chosen":"THE_SILENT","items_purchased":["Lantern","Singing Bowl","Mayhem","Master of Strategy","Acrobatics","Thinking Ahead"],"campfire_rested":2,"item_purchase_floors":[19,19,19,37,42,53],"current_hp_per_floor":[70,70,52,52,52,52,52,52,52,52,41,41,38,37,37,24,75,64,64,61,61,47,34,73,73,73,73,65,67,45,46,87,41,90,92,92,92,83,79,79,79,79,79,73,86,85,85,87,87,67,114,114,114,101,49],"gold":79,"neow_bonus":"THREE_ENEMY_KILL","is_prod":false,"is_daily":false,"chose_seed":false,"campfire_upgraded":5,"win_rate":0,"timestamp":1548574194,"path_taken":["M","?","?","M","?","E","R","?","T","?","E","R","?","M","R","BOSS","M","$","M","M","?","E","R","M","T","?","M","E","M","E","R","BOSS","M","M","$","M","M","R","?","$","T","M","E","M","M","M","R","BOSS","R","$","E","BOSS"],"build_version":"2019-01-23","purchased_purges":3,"victory":true,"max_hp_per_floor":[70,70,70,70,70,70,70,70,70,70,70,70,70,70,70,75,75,75,75,75,77,82,82,82,82,82,82,82,84,86,88,88,90,90,92,92,92,94,96,96,96,96,96,98,112,112,112,114,114,114,114,114,114,114,114],"card_choices":[{"not_picked":["Acrobatics","Heel Hook"],"picked":"Concentrate","floor":1},{"not_picked":["PiercingWail","Bane"],"picked":"Crippling Poison","floor":4},{"not_picked":["Sucker Punch","Blade Dance"],"picked":"Corpse Explosion","floor":6},{"not_picked":["Dodge and Roll","Skewer"],"picked":"Backflip","floor":8},{"not_picked":["Distraction","Endless Agony","Poisoned Stab"],"picked":"SKIP","floor":11},{"not_picked":["Infinite Blades","Quick Slash"],"picked":"Cloak And Dagger","floor":13},{"not_picked":["Underhanded Strike","Dodge and Roll"],"picked":"Noxious Fumes","floor":14},{"not_picked":["Glass Knife","Corpse Explosion"],"picked":"After Image","floor":16},{"not_picked":["All Out Attack","Acrobatics"],"picked":"Leg Sweep+1","floor":18},{"not_picked":["Deflect","Flying Knee"],"picked":"Noxious Fumes+1","floor":20},{"not_picked":["Concentrate","Dagger Spray","Blade Dance"],"picked":"Singing Bowl","floor":21},{"not_picked":["Poisoned Stab+1","Backflip+1"],"picked":"Cloak And Dagger+1","floor":23},{"not_picked":["Backflip","Slice"],"picked":"Dash+1","floor":25},{"not_picked":["Cloak And Dagger","Dodge and Roll"],"picked":"Deflect","floor":28},{"not_picked":["Accuracy+1","Cloak And Dagger+1","Infinite Blades"],"picked":"Singing Bowl","floor":29},{"not_picked":["Bullet Time","Prepared","Bouncing Flask"],"picked":"Singing Bowl","floor":30},{"not_picked":["Bane+1","Dagger Spray+1","Accuracy+1"],"picked":"Singing Bowl","floor":31},{"not_picked":["Unload","Night Terror","A Thousand Cuts"],"picked":"Singing Bowl","floor":33},{"not_picked":["Dash","PiercingWail+1","Slice"],"picked":"Singing Bowl","floor":35},{"not_picked":["Backflip","Terror+1"],"picked":"Leg Sweep","floor":36},{"not_picked":["Cloak And Dagger","Choke+1","Dodge and Roll+1"],"picked":"Singing Bowl","floor":38},{"not_picked":["Distraction","Calculated Gamble+1","Endless Agony+1"],"picked":"Singing Bowl","floor":39},{"not_picked":["Dagger Throw+1","Leg Sweep+1","Dodge and Roll+1"],"picked":"Singing Bowl","floor":44},{"not_picked":["Flying Knee+1","Finisher"],"picked":"Prepared","floor":45},{"not_picked":["PiercingWail+1","Catalyst"],"picked":"Blur","floor":46},{"not_picked":["Setup","Blur"],"picked":"Tools of the Trade","floor":47},{"not_picked":["Sucker Punch+1","Poisoned Stab+1","Deadly Poison"],"picked":"Singing Bowl","floor":48},{"not_picked":["Noxious Fumes+1","All Out Attack"],"picked":"Footwork","floor":54}],"player_experience":166549,"relics_obtained":[{"floor":6,"key":"Centennial Puzzle"},{"floor":9,"key":"Snake Skull"},{"floor":11,"key":"Smiling Mask"},{"floor":23,"key":"Regal Pillow"},{"floor":29,"key":"Pen Nib"},{"floor":31,"key":"Omamori"},{"floor":43,"key":"Bronze Scales"},{"floor":45,"key":"Mango"},{"floor":54,"key":"Letter Opener"}],"event_choices":[{"damage_healed":0,"gold_gain":175,"player_choice":"AGREE","damage_taken":0,"max_hp_gain":0,"max_hp_loss":0,"event_name":"Liars Game","floor":2,"gold_loss":0,"cards_obtained":["Doubt"]},{"damage_healed":0,"gold_gain":0,"player_choice":"Success","damage_taken":18,"relics_obtained":["MawBank"],"max_hp_gain":0,"max_hp_loss":0,"event_name":"Scrap Ooze","floor":3,"gold_loss":0},{"damage_healed":0,"gold_gain":0,"player_choice":"Got Potions","damage_taken":0,"max_hp_gain":0,"max_hp_loss":0,"event_name":"Lab","floor":5,"gold_loss":0},{"damage_healed":0,"gold_gain":0,"player_choice":"Forge","damage_taken":0,"max_hp_gain":0,"max_hp_loss":0,"event_name":"Accursed Blacksmith","floor":10,"gold_loss":0,"cards_upgraded":["Backflip"]},{"damage_healed":0,"gold_gain":0,"player_choice":"Shed Blood","damage_taken":19,"max_hp_gain":5,"max_hp_loss":0,"event_name":"Forgotten Altar","floor":22,"gold_loss":0},{"cards_removed":["Doubt"],"damage_healed":0,"gold_gain":0,"player_choice":"Removed Curses","damage_taken":0,"max_hp_gain":0,"max_hp_loss":0,"event_name":"Fountain of Cleansing","floor":27,"gold_loss":0},{"cards_removed":["Strike_G"],"damage_healed":0,"gold_gain":0,"player_choice":"Removed Attack","damage_taken":0,"max_hp_gain":0,"max_hp_loss":0,"event_name":"Falling","floor":41,"gold_loss":0}],"is_beta":false,"boss_relics":[{"not_picked":["Runic Dome","WristBlade"],"picked":"White Beast Statue"},{"not_picked":["Empty Cage","Busted Crown"],"picked":"Coffee Dripper"}],"items_purged_floors":[19,37,42],"is_endless":false,"potions_floor_spawned":[1,4,11,13,18,20,21,23,25,28,29,30,31,33,35,36,38,39,44,45,46,47,48,54],"ascension_level":0}