{"gold_per_floor":[11,27,27,41,41,41,58,58,112,147,26,45,57,107,107,205,205,218,268,318],"floor_reached":20,"playtime":457,"items_purged":["Strike_B"],"score":200,"play_id":"16ac27df-fe64-4b00-80a3-fbd62a47b9bb","local_time":"20180922000125","is_ascension_mode":true,"campfire_choices":[{"data":"Lockon","floor":6,"key":"SMITH"},{"data":"Gash","floor":8,"key":"SMITH"},{"floor":15,"key":"REST"}],"neow_cost":"NO_GOLD","seed_source_timestamp":22424318977237,"circlet_count":0,"master_deck":["Strike_B","Defend_B","Defend_B","Defend_B","Defend_B","Zap+1","Dualcast","Lockon+1","Gash+1","Genetic Algorithm","Conserve Battery","Gash","Fission"],"relics":["Cracked Core","SsserpentHead","Juzu Bracelet","Potion Belt","Mummified Hand","Fusion Hammer"],"potions_floor_usage":[10],"damage_taken":[{"damage":6,"enemies":"2 Louse","floor":1,"turns":4},{"damage":0,"enemies":"Cultist","floor":2,"turns":3},{"damage":5,"enemies":"Small Slimes","floor":4,"turns":4},{"damage":1,"enemies":"Blue Slaver","floor":7,"turns":3},{"damage":13,"enemies":"Lagavulin","floor":10,"turns":6},{"damage":12,"enemies":"Exordium Wildlife","floor":12,"turns":3},{"damage":1,"enemies":"Large Slime","floor":13,"turns":5},{"damage":50,"enemies":"Hexaghost","floor":16,"turns":10},{"damage":40,"enemies":"Chosen","floor":18,"turns":7},{"damage":32,"enemies":"Colosseum Slavers","floor":20,"turns":3}],"seed_played":"-4389586727708640722","potions_obtained":[{"floor":2,"key":"SteroidPotion"},{"floor":7,"key":"AttackPotion"},{"floor":10,"key":"FocusPotion"},{"floor":13,"key":"Strength Potion"}],"is_trial":false,"path_per_floor":["M","M","?","M","?","R","M","R","T","E","$","M","M","T","R","B",null,"M","?"],"character_chosen":"DEFECT","items_purchased":["Gash"],"campfire_rested":1,"item_purchase_floors":[11],"current_hp_per_floor":[69,69,69,64,64,64,63,63,63,50,50,38,37,37,59,9,75,35,21,0],"gold":318,"neow_bonus":"TRANSFORM_TWO_CARDS","is_prod":false,"is_daily":false,"chose_seed":false,"campfire_upgraded":2,"win_rate":0,"timestamp":1537570885,"path_taken":["M","M","?","?","?","R","M","R","T","E","$","M","M","?","R","BOSS","M","?","?"],"build_version":"2018-09-20","purchased_purges":1,"victory":false,"max_hp_per_floor":[75,75,75,75,75,75,75,75,75,75,75,75,75,75,75,75,75,75,80,80],"card_choices":[{"not_picked":["Stack","Turbo","Barrage"],"picked":"SKIP","floor":1},{"not_picked":["Turbo","Redo"],"picked":"Genetic Algorithm","floor":2},{"not_picked":["Lockon","Steam"],"picked":"Conserve Battery","floor":4},{"not_picked":["Consume","Turbo","Streamline"],"picked":"SKIP","floor":7},{"not_picked":["Consume","Barrage","Stack"],"picked":"SKIP","floor":10},{"not_picked":["Barrage","Leap","Lockon"],"picked":"SKIP","floor":12},{"not_picked":["Steam Power","Hello World"],"picked":"Fission","floor":13},{"not_picked":["Conserve Battery","Darkness","Compile Driver"],"picked":"SKIP","floor":18}],"player_experience":38104,"relics_obtained":[{"floor":9,"key":"Juzu Bracelet"},{"floor":10,"key":"Potion Belt"},{"floor":14,"key":"Mummified Hand"}],"event_choices":[{"event_name":"Upgrade Shrine","player_choice":"Upgraded","floor":3,"damage_taken":0},{"event_name":"FaceTrader","player_choice":"Trade","floor":5,"damage_taken":0},{"event_name":"Forgotten Altar","player_choice":"Shed Blood","floor":19,"damage_taken":0},{"event_name":"Colosseum","player_choice":"Fight","floor":20,"damage_taken":0}],"is_beta":false,"boss_relics":[{"not_picked":["Busted Crown","Snecko Eye"],"picked":"Fusion Hammer"}],"items_purged_floors":[11],"is_endless":false,"potions_floor_spawned":[2,7,10,13],"killed_by":"Colosseum Slavers","ascension_level":3}