{"gold_per_floor":[111,286,286,46,46,81,81,106,130,142,154,166,213,280,292,400,412,434,465,487,518,530,542,554,600,659,705,717,331,331,331,331,331],"floor_reached":33,"playtime":1896,"items_purged":["Strike_B"],"score":398,"play_id":"f2250cc0-ca6e-4ecc-b630-30568bb85f7e","local_time":"20190121161539","is_ascension_mode":true,"campfire_choices":[{"floor":7,"key":"REST"},{"floor":12,"key":"REST"},{"data":"Coolheaded","floor":15,"key":"SMITH"},{"floor":23,"key":"REST"},{"floor":28,"key":"REST"},{"data":"Defragment","floor":30,"key":"SMITH"},{"floor":32,"key":"RECALL"}],"neow_cost":"NONE","seed_source_timestamp":143060518735462,"circlet_count":0,"master_deck":["Strike_B+1","Strike_B+1","Strike_B+1","Defend_B+1","Defend_B+1","Defend_B+1","Defend_B+1","Zap+1","Dualcast+1","Coolheaded+1","Melter","Chaos+1","Coolheaded+1","Redo+1","Multi-Cast+1","Glacier+1","Double Energy+1","Defragment+1","Coolheaded+1"],"relics":["Cracked Core","Toxic Egg 2","PreservedInsect","Juzu Bracelet","MawBank","Strawberry","Bird Faced Urn","Sozu","Letter Opener","Orichalcum","Potion Belt","Bronze Scales","OrangePellets"],"potions_floor_usage":[13,16,16,22],"damage_taken":[{"damage":0,"enemies":"2 Louse","floor":1,"turns":3},{"damage":38,"enemies":"Lagavulin","floor":6,"turns":8},{"damage":24,"enemies":"3 Sentries","floor":8,"turns":6},{"damage":3,"enemies":"Lagavulin","floor":13,"turns":6},{"damage":11,"enemies":"3 Sentries","floor":14,"turns":5},{"damage":16,"enemies":"Hexaghost","floor":16,"turns":15},{"damage":0,"enemies":"Spheric Guardian","floor":18,"turns":1},{"damage":2,"enemies":"Shell Parasite","floor":19,"turns":5},{"damage":23,"enemies":"Snake Plant","floor":20,"turns":5},{"damage":5,"enemies":"Cultist and Chosen","floor":21,"turns":6},{"damage":13,"enemies":"Colosseum Slavers","floor":22,"turns":3},{"damage":4,"enemies":"Book of Stabbing","floor":25,"turns":2},{"damage":10,"enemies":"Gremlin Leader","floor":27,"turns":6},{"damage":85,"enemies":"Automaton","floor":33,"turns":12}],"seed_played":"-3072533863245455539","potions_obtained":[{"floor":8,"key":"Ancient Potion"},{"floor":10,"key":"SpeedPotion"},{"floor":10,"key":"Weak Potion"},{"floor":10,"key":"Dexterity Potion"},{"floor":16,"key":"EssenceOfSteel"}],"is_trial":false,"path_per_floor":["M","?","?","$","$","E","R","E","T","?","?","R","E","?","R","B",null,"M","M","M","M","?","R","?","E","T","E","R","$","R","?","R","B"],"character_chosen":"DEFECT","items_purchased":["Toxic Egg 2","OrangePellets","Defragment","Coolheaded+1"],"campfire_rested":4,"item_purchase_floors":[4,29,29,29],"current_hp_per_floor":[68,68,61,61,61,23,45,21,21,21,6,28,32,21,21,5,63,63,61,47,51,38,62,62,58,58,48,72,72,72,72,72,0],"gold":331,"neow_bonus":"UPGRADE_CARD","is_prod":false,"is_daily":false,"chose_seed":false,"campfire_upgraded":2,"win_rate":0,"timestamp":1548108939,"path_taken":["M","?","?","?","$","E","R","E","T","?","?","R","E","?","R","BOSS","M","M","M","M","?","R","?","E","T","E","R","$","R","?","R","BOSS"],"build_version":"2019-01-17v2","purchased_purges":1,"victory":false,"max_hp_per_floor":[75,75,75,75,75,75,75,75,75,75,75,75,82,82,82,82,82,82,82,82,82,82,82,82,82,82,82,82,82,82,82,82,82],"card_choices":[{"not_picked":["Ball Lightning","FTL"],"picked":"Coolheaded","floor":1},{"not_picked":["Ball Lightning","Steam+1"],"picked":"Melter","floor":6},{"not_picked":["Stack+1","Core Surge"],"picked":"Chaos+1","floor":8},{"not_picked":["Ball Lightning","Turbo+1"],"picked":"Coolheaded+1","floor":13},{"not_picked":["Skim+1","Go for the Eyes"],"picked":"Redo+1","floor":14},{"not_picked":["Thunder Strike","Core Surge"],"picked":"Multi-Cast+1","floor":16},{"not_picked":["Barrage","Rebound","Conserve Battery+1"],"picked":"SKIP","floor":18},{"not_picked":["Ball Lightning","Go for the Eyes+1"],"picked":"Self Repair","floor":19},{"not_picked":["Cold Snap","Leap+1","FTL"],"picked":"SKIP","floor":20},{"not_picked":["Compile Driver","Conserve Battery+1"],"picked":"Glacier+1","floor":21},{"not_picked":["Steam+1","Meteor Strike"],"picked":"Double Energy+1","floor":25},{"not_picked":["FTL+1","Force Field+1","Beam Cell"],"picked":"SKIP","floor":27}],"player_experience":515828,"relics_obtained":[{"floor":6,"key":"PreservedInsect"},{"floor":8,"key":"Juzu Bracelet"},{"floor":9,"key":"MawBank"},{"floor":13,"key":"Strawberry"},{"floor":14,"key":"Bird Faced Urn"},{"floor":25,"key":"Orichalcum"},{"floor":26,"key":"Potion Belt"},{"floor":27,"key":"Bronze Scales"}],"event_choices":[{"damage_healed":0,"gold_gain":175,"player_choice":"AGREE","damage_taken":0,"max_hp_gain":0,"max_hp_loss":0,"event_name":"Liars Game","floor":2,"gold_loss":0,"cards_obtained":["Doubt"]},{"cards_removed":["Doubt"],"damage_healed":0,"gold_gain":0,"player_choice":"Card Removal","damage_taken":7,"max_hp_gain":0,"max_hp_loss":0,"event_name":"Golden Wing","floor":3,"gold_loss":0},{"damage_healed":0,"gold_gain":0,"player_choice":"Got Potions","damage_taken":0,"max_hp_gain":0,"max_hp_loss":0,"event_name":"Lab","floor":10,"gold_loss":0},{"damage_healed":0,"gold_gain":0,"player_choice":"Entered Light","damage_taken":15,"max_hp_gain":0,"max_hp_loss":0,"event_name":"Shining Light","floor":11,"gold_loss":0,"cards_upgraded":["Defend_B","Dualcast"]},{"damage_healed":0,"gold_gain":30,"player_choice":"Searched \u00272\u0027 times","damage_taken":0,"max_hp_gain":0,"max_hp_loss":0,"event_name":"Dead Adventurer","floor":14,"gold_loss":0},{"damage_healed":0,"gold_gain":0,"player_choice":"Fight","damage_taken":0,"max_hp_gain":0,"max_hp_loss":0,"event_name":"Colosseum","floor":22,"gold_loss":0},{"damage_healed":0,"gold_gain":0,"player_choice":"Fled From Nobs","damage_taken":0,"max_hp_gain":0,"max_hp_loss":0,"event_name":"Colosseum","floor":22,"gold_loss":0},{"cards_removed":["Self Repair"],"damage_healed":0,"gold_gain":0,"player_choice":"Gave Card","damage_taken":0,"relics_obtained":["Letter Opener"],"max_hp_gain":0,"max_hp_loss":0,"event_name":"WeMeetAgain","floor":24,"gold_loss":0},{"damage_healed":0,"gold_gain":0,"player_choice":"Simplicity","damage_taken":0,"max_hp_gain":0,"max_hp_loss":0,"event_name":"Back to Basics","floor":31,"gold_loss":0,"cards_upgraded":["Strike_B","Strike_B","Strike_B","Defend_B","Defend_B","Defend_B"]}],"is_beta":false,"boss_relics":[{"not_picked":["Empty Cage","Velvet Choker"],"picked":"Sozu"}],"items_purged_floors":[29],"is_endless":false,"potions_floor_spawned":[8,16,18,27],"killed_by":"Automaton","ascension_level":7}