{"gold_per_floor":[116,41,41,41,59,59,70,70,70,70,96,109,126,145,145,224,224,224,37,37,37,37,37,37,37,37,37,37,37,37,37,37,37],"floor_reached":33,"playtime":1008,"items_purged":["Strike_R","Strike_R"],"score":531,"play_id":"9d79a252-b4a9-4ef8-a6a5-9d75fd792345","local_time":"20190113003419","is_ascension_mode":true,"campfire_choices":[{"data":"Anger","floor":6,"key":"SMITH"},{"data":"Inflame","floor":8,"key":"SMITH"},{"data":"Armaments","floor":15,"key":"SMITH"},{"data":"Metallicize","floor":23,"key":"SMITH"},{"data":"Shockwave","floor":28,"key":"SMITH"},{"floor":32,"key":"REST"}],"neow_cost":"NONE","seed_source_timestamp":89031103726788,"circlet_count":0,"master_deck":["AscendersBane","Strike_R","Strike_R","Strike_R","Defend_R","Defend_R","Defend_R","Defend_R","Bash","Clothesline","Anger+1","Inflame+1","Dropkick","Headbutt","Armaments+1","Reaper","Metallicize+1","Shockwave+1","Feel No Pain+1","Power Through+1","Reckless Charge+1","Impervious","Twin Strike+1"],"relics":["Burning Blood","Oddly Smooth Stone","Self Forming Clay","Strawberry","Bag of Preparation","Ectoplasm","Darkstone Periapt","Pear","Du-Vu Doll"],"potions_floor_usage":[11,29,29],"damage_taken":[{"damage":0,"enemies":"Cultist","floor":1,"turns":4},{"damage":1,"enemies":"2 Louse","floor":5,"turns":3},{"damage":9,"enemies":"Jaw Worm","floor":7,"turns":4},{"damage":24,"enemies":"3 Sentries","floor":11,"turns":8},{"damage":14,"enemies":"3 Louse","floor":12,"turns":5},{"damage":11,"enemies":"Lots of Slimes","floor":13,"turns":4},{"damage":6,"enemies":"Blue Slaver","floor":14,"turns":4},{"damage":21,"enemies":"Hexaghost","floor":16,"turns":7},{"damage":6,"enemies":"Chosen","floor":18,"turns":5},{"damage":8,"enemies":"Spheric Guardian","floor":21,"turns":5},{"damage":20,"enemies":"Centurion and Healer","floor":22,"turns":6},{"damage":15,"enemies":"Book of Stabbing","floor":24,"turns":7},{"damage":16,"enemies":"Sentry and Sphere","floor":27,"turns":10},{"damage":77,"enemies":"Gremlin Leader","floor":29,"turns":7},{"damage":14,"enemies":"Snake Plant","floor":31,"turns":8},{"damage":73,"enemies":"Automaton","floor":33,"turns":8}],"seed_played":"5914167890229976597","potions_obtained":[{"floor":1,"key":"GamblersBrew"},{"floor":13,"key":"SteroidPotion"},{"floor":18,"key":"GamblersBrew"},{"floor":29,"key":"Energy Potion"},{"floor":31,"key":"EssenceOfSteel"}],"is_trial":false,"path_per_floor":["M","$","T","?","M","R","M","R","T","?","E","M","M","M","R","B",null,"M","$","?","M","M","R","E","?","T","M","R","E","$","M","R","B"],"character_chosen":"IRONCLAD","items_purchased":["Shockwave"],"campfire_rested":1,"item_purchase_floors":[19],"current_hp_per_floor":[74,74,74,74,75,75,72,72,79,79,61,53,48,48,48,33,70,80,80,80,78,72,72,70,70,80,74,74,35,35,37,64,0],"gold":37,"neow_bonus":"RANDOM_COMMON_RELIC","is_prod":false,"is_daily":false,"chose_seed":false,"campfire_upgraded":5,"win_rate":0,"timestamp":1547339659,"path_taken":["M","$","?","?","M","R","M","R","T","?","E","M","M","?","R","BOSS","M","$","?","M","?","R","E","?","T","M","R","E","?","?","R","BOSS"],"build_version":"2019-01-10","purchased_purges":2,"victory":false,"max_hp_per_floor":[75,75,75,75,75,75,75,75,82,82,82,82,82,82,82,82,82,82,82,82,82,82,82,82,82,92,92,92,92,92,92,92,92],"card_choices":[{"not_picked":["Rupture","Thunderclap"],"picked":"Clothesline","floor":1},{"not_picked":["Body Slam","Wild Strike"],"picked":"Anger","floor":5},{"not_picked":["Havoc","Shrug It Off"],"picked":"Inflame","floor":7},{"not_picked":["Warcry","Rupture"],"picked":"Dropkick","floor":11},{"not_picked":["Headbutt","Perfected Strike","Clash"],"picked":"SKIP","floor":12},{"not_picked":["Perfected Strike","Clash"],"picked":"Headbutt","floor":12},{"not_picked":["Sword Boomerang","Body Slam"],"picked":"Armaments","floor":13},{"not_picked":["Cleave","Rampage","Clash"],"picked":"SKIP","floor":14},{"not_picked":["Feed","Brutality"],"picked":"Reaper","floor":16},{"not_picked":["Havoc","Clash"],"picked":"Metallicize","floor":18},{"not_picked":["Shrug It Off+1","Seeing Red"],"picked":"Feel No Pain+1","floor":21},{"not_picked":["Pommel Strike","Shockwave+1"],"picked":"Power Through+1","floor":22},{"not_picked":["Corruption","Infernal Blade"],"picked":"Reckless Charge","floor":24},{"not_picked":["Burning Pact+1","Shrug It Off"],"picked":"Impervious","floor":27},{"not_picked":["Armaments","Double Tap"],"picked":"Twin Strike+1","floor":29},{"not_picked":["Clash","Shockwave","Cleave"],"picked":"SKIP","floor":31}],"player_experience":373815,"relics_obtained":[{"floor":3,"key":"Self Forming Clay"},{"floor":9,"key":"Strawberry"},{"floor":11,"key":"Bag of Preparation"},{"floor":24,"key":"Darkstone Periapt"},{"floor":26,"key":"Pear"},{"floor":29,"key":"Du-Vu Doll"}],"event_choices":[{"damage_healed":0,"gold_gain":0,"player_choice":"Leave","damage_taken":0,"max_hp_gain":0,"max_hp_loss":0,"event_name":"The Cleric","floor":4,"gold_loss":0},{"damage_healed":0,"gold_gain":0,"player_choice":"Ignored","damage_taken":0,"max_hp_gain":0,"max_hp_loss":0,"event_name":"Golden Idol","floor":10,"gold_loss":0},{"damage_healed":0,"gold_gain":50,"player_choice":"Pray","damage_taken":0,"max_hp_gain":0,"max_hp_loss":0,"event_name":"Golden Shrine","floor":20,"gold_loss":0},{"damage_healed":0,"gold_gain":0,"player_choice":"Upgraded","damage_taken":0,"max_hp_gain":0,"max_hp_loss":0,"event_name":"Upgrade Shrine","floor":25,"gold_loss":0,"cards_upgraded":["Reckless Charge"]}],"is_beta":false,"boss_relics":[{"not_picked":["Runic Cube","Fusion Hammer"],"picked":"Ectoplasm"}],"items_purged_floors":[2,19],"is_endless":false,"potions_floor_spawned":[1,13,18,29,31],"killed_by":"Automaton","ascension_level":17}