{"gold_per_floor":[116,191,202,277,294,294,321,321,394,80,96,96,96,115,115,211,211,226,0,0,11,25,25,25],"floor_reached":24,"playtime":2065,"items_purged":["Strike_B"],"score":196,"play_id":"90f40992-b9b3-4f1a-aa94-03c6f860908c","local_time":"20180729041958","is_ascension_mode":false,"campfire_choices":[{"floor":6,"key":"REST"},{"floor":8,"key":"REST"},{"data":"Zap","floor":13,"key":"SMITH"},{"floor":15,"key":"REST"},{"floor":23,"key":"REST"}],"neow_cost":"TEN_PERCENT_HP_LOSS","seed_source_timestamp":953401562901007,"circlet_count":0,"master_deck":["Strike_B","Strike_B","Strike_B","Defend_B","Defend_B","Defend_B","Defend_B","Zap+1","Dualcast","Echo Form","Reinforced Body","Ball Lightning","Capacitor","Double Energy","Coolheaded","Electrodynamics"],"relics":["Cracked Core","Blood Vial","Pear","MealTicket","Fusion Hammer","Mummified Hand"],"potions_floor_usage":[16,16,22],"damage_taken":[{"damage":7,"enemies":"2 Louse","floor":1,"turns":2},{"damage":0,"enemies":"Cultist","floor":3,"turns":4},{"damage":4,"enemies":"Jaw Worm","floor":5,"turns":4},{"damage":13,"enemies":"Lagavulin","floor":7,"turns":6},{"damage":10,"enemies":"Looter","floor":11,"turns":4},{"damage":17,"enemies":"Blue Slaver","floor":14,"turns":4},{"damage":55,"enemies":"Hexaghost","floor":16,"turns":12},{"damage":18,"enemies":"Spheric Guardian","floor":18,"turns":5},{"damage":36,"enemies":"3 Byrds","floor":21,"turns":5},{"damage":26,"enemies":"Snake Plant","floor":22,"turns":5},{"damage":29,"enemies":"Book of Stabbing","floor":24,"turns":3}],"seed_played":"-1492518523430313958","potions_obtained":[{"floor":1,"key":"Poison Potion"},{"floor":7,"key":"Block Potion"},{"floor":11,"key":"Regen Potion"}],"is_trial":false,"path_per_floor":["M","?","M","?","M","R","E","R","T","$","M","?","R","M","R","B",null,"M","?","?","M","M","R"],"character_chosen":"DEFECT","items_purchased":["Double Energy","MealTicket"],"campfire_rested":4,"item_purchase_floors":[10,10],"current_hp_per_floor":[61,55,55,44,40,60,47,67,77,77,68,61,61,46,69,31,78,60,60,60,26,2,25,0],"gold":25,"neow_bonus":"THREE_RARE_CARDS","is_prod":false,"is_daily":false,"chose_seed":false,"campfire_upgraded":1,"win_rate":0.0,"timestamp":1532855998,"path_taken":["M","?","M","?","M","R","E","R","T","$","?","?","R","M","R","BOSS","M","?","?","M","M","R","E"],"build_version":"2018-07-26","purchased_purges":1,"victory":false,"max_hp_per_floor":[68,68,68,68,68,68,68,68,78,78,78,78,78,78,78,78,78,78,78,78,78,78,78,78],"card_choices":[{"not_picked":["Fission","Amplify"],"picked":"Echo Form","floor":0},{"not_picked":["Scrape","Reprogram","Go for the Eyes"],"picked":"SKIP","floor":1},{"not_picked":["Sweeping Beam","Chaos"],"picked":"Reinforced Body","floor":3},{"not_picked":["Sweeping Beam","Go for the Eyes"],"picked":"Ball Lightning","floor":5},{"not_picked":["Hello World","Loop"],"picked":"Capacitor","floor":7},{"not_picked":["Genetic Algorithm","Hologram"],"picked":"Coolheaded","floor":11},{"not_picked":["Leap","Barrage","Go for the Eyes"],"picked":"SKIP","floor":14},{"not_picked":["Thunder Strike","Amplify"],"picked":"Electrodynamics","floor":16},{"not_picked":["Stack","Streamline+1","Compile Driver+1"],"picked":"SKIP","floor":18},{"not_picked":["Blizzard","Compile Driver","Coolheaded+1"],"picked":"SKIP","floor":21},{"not_picked":["White Noise","Chaos","Loop+1"],"picked":"SKIP","floor":22}],"player_experience":37346,"relics_obtained":[{"floor":7,"key":"Blood Vial"},{"floor":9,"key":"Pear"}],"event_choices":[{"event_name":"FaceTrader","player_choice":"Touch","floor":2,"damage_taken":0},{"event_name":"World of Goop","player_choice":"Gather Gold","floor":4,"damage_taken":0},{"event_name":"Wheel of Change","player_choice":"Damage","floor":12,"damage_taken":0},{"event_name":"Masked Bandits","player_choice":"Paid Bandits 226 gold","floor":19,"damage_taken":0},{"event_name":"The Mausoleum","player_choice":"Yes","floor":20,"damage_taken":0}],"is_beta":false,"boss_relics":[{"not_picked":["Snecko Eye","Velvet Choker"],"picked":"Fusion Hammer"}],"items_purged_floors":[10],"is_endless":false,"potions_floor_spawned":[1,7,11],"killed_by":"Book of Stabbing","ascension_level":0}