{"gold_per_floor":[113,113,9,9,9,339,339,354,354,368,379,154,154,172,172,277,277,217,142,142,154,10,10,29,29,29,29,54,74,74,86,86,182,182,197,197,122,142,160,160,188,188],"floor_reached":42,"playtime":2459,"items_purged":["Decay"],"score":519,"play_id":"02b5350f-53fc-412b-9e8d-0240a5afaa1f","local_time":"20190204045731","is_ascension_mode":true,"campfire_choices":[{"data":"Zap","floor":7.0,"key":"SMITH"},{"data":"Redo","floor":15.0,"key":"SMITH"},{"data":"Tempest","floor":23,"key":"SMITH"},{"data":"Buffer","floor":25,"key":"SMITH"},{"data":"Loop","floor":27,"key":"SMITH"},{"floor":32,"key":"REST"},{"floor":40,"key":"REST"}],"neow_cost":"NONE","seed_source_timestamp":313717825900386,"circlet_count":0,"master_deck":["Strike_B","Defend_B","Defend_B","Defend_B","Defend_B","Zap+1","Dualcast","Beam Cell","Loop+1","Reinforced Body","Tempest+1","Buffer+1","Leap","Self Repair","Conserve Battery","Bandage Up","Redo+1","Amplify","Genetic Algorithm","Ghostly","Ghostly","Ghostly","Ghostly","Ghostly","Tempest+1","Capacitor","Creative AI","Double Energy+1","Conserve Battery+1","Storm+1"],"special_seed":0,"relics":["Cracked Core","NeowsBlessing","Old Coin","Singing Bowl","Cursed Key","Juzu Bracelet","Bottled Lightning","Oddly Smooth Stone","Empty Cage","StoneCalendar","Art of War"],"potions_floor_usage":[24,33,33,33,41],"damage_taken":[{"damage":0.0,"enemies":"2 Louse","floor":1.0,"turns":1.0},{"damage":0.0,"enemies":"Gremlin Nob","floor":6.0,"turns":1.0},{"damage":0.0,"enemies":"Jaw Worm","floor":8.0,"turns":1.0},{"damage":0.0,"enemies":"Cultist","floor":10.0,"turns":3.0},{"damage":13.0,"enemies":"Gremlin Gang","floor":11.0,"turns":5.0},{"damage":2.0,"enemies":"Red Slaver","floor":14.0,"turns":4.0},{"damage":30.0,"enemies":"Hexaghost","floor":16.0,"turns":8.0},{"damage":14,"enemies":"2 Thieves","floor":18,"turns":4},{"damage":29,"enemies":"Shell Parasite","floor":21,"turns":11},{"damage":27,"enemies":"Snake Plant","floor":24,"turns":5},{"damage":14,"enemies":"Snecko","floor":29,"turns":5},{"damage":15,"enemies":"Centurion and Healer","floor":31,"turns":15},{"damage":32,"enemies":"Collector","floor":33,"turns":12},{"damage":43,"enemies":"3 Darklings","floor":35,"turns":8},{"damage":1,"enemies":"Orb Walker","floor":38,"turns":6},{"damage":20,"enemies":"Writhing Mass","floor":39,"turns":6},{"damage":29,"enemies":"Reptomancer","floor":41,"turns":8},{"damage":1,"enemies":"Transient","floor":42,"turns":2}],"seed_played":"7113732443560731004","potions_obtained":[{"floor":1.0,"key":"Poison Potion"},{"floor":8.0,"key":"Poison Potion"},{"floor":13.0,"key":"AttackPotion"},{"floor":13.0,"key":"Regen Potion"},{"floor":13.0,"key":"SkillPotion"},{"floor":16.0,"key":"Block Potion"},{"floor":24,"key":"Dexterity Potion"},{"floor":29,"key":"Weak Potion"},{"floor":31,"key":"FocusPotion"},{"floor":39,"key":"Fire Potion"},{"floor":41,"key":"GamblersBrew"}],"is_trial":false,"path_per_floor":["?","?","M","M","$","?","M","?","?","T","?","T"],"character_chosen":"DEFECT","items_purchased":["Loop","Reinforced Body","Self Repair","Conserve Battery","Bandage Up","Juzu Bracelet"],"campfire_rested":2,"item_purchase_floors":[3,3,12,12,12,22],"current_hp_per_floor":[75,80,80,80,80,80,80,80,80,80,69,69,69,78,78,52,82,79,79,41,32,32,32,21,21,21,21,21,18,18,16,29,8,42,10,10,10,22,13,26,1,0],"gold":188,"neow_bonus":"THREE_ENEMY_KILL","is_prod":false,"is_daily":false,"chose_seed":false,"campfire_upgraded":5,"win_rate":0,"timestamp":1549252651,"path_taken":["M","?","$","?","$","E","R","?","T","?","M","?","?","?","R","BOSS","M","?","?","M","$","R","M","R","T","R","?","M","?","M","R","BOSS","M","?","$","M","M","R","E","M"],"build_version":"2019-01-23","purchased_purges":1,"victory":false,"max_hp_per_floor":[75,80,80,80,80,80,80,80,80,80,82,82,82,82,82,82,82,82,82,41,43,43,43,43,43,43,43,43,43,43,45,45,45,42,42,42,42,44,44,44,44,44],"card_choices":[{"not_picked":["Storm","Go for the Eyes"],"picked":"Beam Cell","floor":1.0},{"not_picked":["Gash","Sweeping Beam"],"picked":"Tempest","floor":6.0},{"not_picked":["Streamline","Turbo"],"picked":"Buffer","floor":8.0},{"not_picked":["Barrage","Ball Lightning"],"picked":"Leap","floor":10.0},{"not_picked":["Darkness","Recycle","Streamline"],"picked":"Singing Bowl","floor":11.0},{"not_picked":["Skim","Reinforced Body"],"picked":"Redo","floor":14.0},{"not_picked":["Buffer","All For One"],"picked":"Amplify","floor":16.0},{"not_picked":["Redo","Go for the Eyes"],"picked":"Genetic Algorithm","floor":18},{"not_picked":["Compile Driver","Leap","Rebound+1"],"picked":"Singing Bowl","floor":21},{"not_picked":["Rebound","Rainbow"],"picked":"Tempest+1","floor":24},{"not_picked":["Chaos","Scrape"],"picked":"Capacitor","floor":29},{"not_picked":["Rebound+1","Sweeping Beam","Ball Lightning"],"picked":"Singing Bowl","floor":31},{"not_picked":["Seek","Echo Form"],"picked":"Creative AI","floor":33},{"not_picked":["Leap+1","Ball Lightning+1"],"picked":"Double Energy+1","floor":35},{"not_picked":["Sweeping Beam+1","Ball Lightning","Glacier"],"picked":"Singing Bowl","floor":38},{"not_picked":["Self Repair","Stack"],"picked":"Conserve Battery+1","floor":39},{"not_picked":["Rip and Tear","White Noise+1"],"picked":"Storm+1","floor":41}],"player_experience":186338,"relics_obtained":[{"floor":6.0,"key":"Old Coin"},{"floor":9.0,"key":"Singing Bowl"},{"floor":26,"key":"Bottled Lightning"},{"floor":28,"key":"Oddly Smooth Stone"},{"floor":36,"key":"StoneCalendar"},{"floor":41,"key":"Art of War"}],"event_choices":[{"damage_healed":0.0,"max_hp_gain":5.0,"max_hp_loss":0.0,"gold_gain":0.0,"event_name":"Big Fish","player_choice":"Donut","floor":2.0,"gold_loss":0.0,"damage_taken":0.0},{"cards_removed":["Strike_B"],"damage_healed":0.0,"max_hp_gain":0.0,"max_hp_loss":0.0,"gold_gain":0.0,"event_name":"Bonfire Elementals","player_choice":"Offered Basic","floor":4.0,"gold_loss":0.0,"damage_taken":0.0},{"damage_healed":0.0,"max_hp_gain":0.0,"max_hp_loss":0.0,"gold_gain":0.0,"event_name":"Lab","player_choice":"Got Potions","floor":13.0,"gold_loss":0.0,"damage_taken":0.0},{"cards_removed":["Strike_B"],"damage_healed":0,"gold_gain":0,"player_choice":"Gave Gold","damage_taken":0,"max_hp_gain":0,"max_hp_loss":0,"event_name":"Beggar","floor":19,"gold_loss":75},{"damage_healed":0,"gold_gain":0,"player_choice":"Became a Ghost","damage_taken":0,"max_hp_gain":0,"max_hp_loss":41,"event_name":"Ghosts","floor":20,"gold_loss":0,"cards_obtained":["Ghostly","Ghostly","Ghostly","Ghostly","Ghostly"]},{"cards_removed":["Pain"],"damage_healed":0,"gold_gain":0,"player_choice":"Purged","damage_taken":0,"max_hp_gain":0,"max_hp_loss":0,"event_name":"Purifier","floor":30,"gold_loss":0}],"is_beta":false,"boss_relics":[{"not_picked":["Coffee Dripper","FrozenCore"],"picked":"Cursed Key"},{"not_picked":["Eternal Feather","Tiny House"],"picked":"Empty Cage"}],"items_purged_floors":[37],"is_endless":false,"potions_floor_spawned":[1,8,16,24,29,31,39,41],"killed_by":"Transient","ascension_level":2}