{"gold_per_floor":[117,217,217,232,232,271,271,291,314,314,314,338,145,145,145,266,266,235,235,235],"floor_reached":20,"playtime":1447,"items_purged":[],"score":204,"play_id":"b9299313-ce66-4cab-be30-2ba1a89a3834","local_time":"20180824214022","is_ascension_mode":true,"campfire_choices":[{"floor":7,"key":"REST"},{"data":"Cloak And Dagger","floor":11,"key":"SMITH"},{"floor":15,"key":"REST"}],"neow_cost":"NONE","seed_source_timestamp":244367606300602,"circlet_count":0,"master_deck":["Defend_G","Defend_G","Defend_G","Defend_G","Defend_G","Strike_G","Strike_G","Strike_G","Strike_G","Strike_G","Survivor","Neutralize","Backstab","Cloak And Dagger+1","Blade Dance","Well Laid Plans","Slice","Cloak And Dagger","Accuracy+1","Slice","Swift Strike","Burst","Footwork"],"relics":["Ring of the Snake","Golden Idol","Snake Skull","Orichalcum","Potion Belt","Gremlin Horn","HoveringKite"],"potions_floor_usage":[6,16],"damage_taken":[{"damage":0,"enemies":"Cultist","floor":1,"turns":4},{"damage":0,"enemies":"2 Louse","floor":4,"turns":3},{"damage":24,"enemies":"3 Sentries","floor":6,"turns":14},{"damage":1,"enemies":"Jaw Worm","floor":8,"turns":3},{"damage":0,"enemies":"Gremlin Gang","floor":12,"turns":4},{"damage":47,"enemies":"Hexaghost","floor":16,"turns":11},{"damage":50,"enemies":"2 Thieves","floor":18,"turns":5},{"damage":20,"enemies":"Shell Parasite","floor":20,"turns":5}],"seed_played":"-4363382124556484704","potions_obtained":[{"floor":4,"key":"Ancient Potion"},{"floor":8,"key":"PowerPotion"},{"floor":16,"key":"FearPotion"}],"is_trial":false,"path_per_floor":["M","?","?","M","?","E","R","M","T","T","R","M","$","?","R","B",null,"M","?"],"character_chosen":"THE_SILENT","items_purchased":["Accuracy","Slice","Swift Strike"],"campfire_rested":2,"item_purchase_floors":[13,13,13],"current_hp_per_floor":[70,70,53,53,35,11,32,31,31,31,31,31,31,31,52,5,70,20,20,0],"gold":235,"neow_bonus":"THREE_CARDS","is_prod":false,"is_daily":false,"chose_seed":false,"campfire_upgraded":1,"win_rate":0,"timestamp":1535164822,"path_taken":["M","?","?","?","?","E","R","M","T","?","R","?","$","?","R","BOSS","M","?","M"],"build_version":"2018-08-23v2","purchased_purges":0,"victory":false,"max_hp_per_floor":[70,70,70,70,70,70,70,70,70,70,70,70,70,70,70,70,70,70,70,70],"card_choices":[{"not_picked":["Sucker Punch","Poisoned Stab"],"picked":"Backstab","floor":0},{"not_picked":["Deadly Poison","Flying Knee"],"picked":"Cloak And Dagger","floor":1},{"not_picked":["Quick Slash","Prepared"],"picked":"Blade Dance","floor":4},{"not_picked":["Dagger Spray","Quick Slash"],"picked":"Well Laid Plans","floor":6},{"not_picked":["Riddle With Holes","All Out Attack"],"picked":"Slice","floor":8},{"not_picked":["Predator","Reflex"],"picked":"Cloak And Dagger","floor":12},{"not_picked":["Bullet Time","Tools of the Trade"],"picked":"Burst","floor":16},{"not_picked":["Blade Dance","Underhanded Strike"],"picked":"Footwork","floor":18}],"player_experience":216941,"relics_obtained":[{"floor":6,"key":"Orichalcum"},{"floor":9,"key":"Potion Belt"},{"floor":10,"key":"Gremlin Horn"}],"event_choices":[{"event_name":"Golden Shrine","player_choice":"Pray","floor":2,"damage_taken":0},{"event_name":"Golden Idol","player_choice":"Take Damage","floor":3,"damage_taken":0},{"event_name":"Scrap Ooze","player_choice":"success","floor":5,"damage_taken":18},{"event_name":"Living Wall","player_choice":"Grow","floor":14,"damage_taken":0},{"event_name":"Cursed Tome","player_choice":"Ignored","floor":19,"damage_taken":0}],"is_beta":false,"boss_relics":[{"not_picked":["Eternal Feather","Velvet Choker"],"picked":"HoveringKite"}],"items_purged_floors":[],"is_endless":false,"potions_floor_spawned":[4,8,16],"killed_by":"Shell Parasite","ascension_level":4}