{"gold_per_floor":[119,44,9,28,40,71,71,91,117,117,117,148,47,47],"floor_reached":14,"playtime":285,"items_purged":["Strike_B"],"score":172,"play_id":"6a1a20ec-559b-4a60-a626-0fa84a73fa36","local_time":"20190113005156","is_ascension_mode":true,"campfire_choices":[{"data":"Zap","floor":7,"key":"SMITH"}],"neow_cost":"NONE","seed_source_timestamp":90811100269833,"circlet_count":0,"master_deck":["AscendersBane","Strike_B","Strike_B","Defend_B","Defend_B","Defend_B","Defend_B","Zap+1","Dualcast","Reboot","Tempest","Turbo","Ball Lightning","Hologram","Conserve Battery","Cold Snap","Coolheaded"],"relics":["Cracked Core","Orichalcum","Pen Nib","PreservedInsect"],"potions_floor_usage":[6],"damage_taken":[{"damage":9,"enemies":"2 Louse","floor":1,"turns":4},{"damage":2,"enemies":"Jaw Worm","floor":4,"turns":3},{"damage":6,"enemies":"Small Slimes","floor":5,"turns":4},{"damage":40,"enemies":"3 Sentries","floor":6,"turns":6},{"damage":5,"enemies":"Blue Slaver","floor":8,"turns":2},{"damage":30,"enemies":"Lagavulin","floor":12,"turns":6},{"damage":7,"enemies":"3 Louse","floor":14,"turns":1}],"seed_played":"-8165020907677788978","potions_obtained":[{"floor":1,"key":"PowerPotion"},{"floor":4,"key":"LiquidBronze"},{"floor":12,"key":"Strength Potion"}],"is_trial":false,"path_per_floor":["M","$","?","M","M","E","R","M","T","?","?","E","$","M"],"character_chosen":"DEFECT","items_purchased":["Cold Snap","Coolheaded"],"campfire_rested":0,"item_purchase_floors":[13,13],"current_hp_per_floor":[55,55,71,69,63,23,23,18,18,11,34,4,4,0],"gold":47,"neow_bonus":"ONE_RANDOM_RARE_CARD","is_prod":false,"is_daily":false,"chose_seed":false,"campfire_upgraded":1,"win_rate":0,"timestamp":1547340716,"path_taken":["M","$","?","M","M","E","R","M","T","?","?","E","?","M"],"build_version":"2019-01-10","purchased_purges":1,"victory":false,"max_hp_per_floor":[71,71,71,71,71,71,71,71,71,71,71,71,71,71],"card_choices":[{"not_picked":["Rebound","Barrage"],"picked":"Tempest","floor":1},{"not_picked":["Stack","Beam Cell"],"picked":"Turbo","floor":4},{"not_picked":["Compile Driver","Streamline"],"picked":"Ball Lightning","floor":5},{"not_picked":["Compile Driver","Leap"],"picked":"Hologram","floor":6},{"not_picked":["Compile Driver","Aggregate","Gash"],"picked":"SKIP","floor":8},{"not_picked":["Hologram","Redo"],"picked":"Conserve Battery","floor":12}],"player_experience":375317,"relics_obtained":[{"floor":6,"key":"Orichalcum"},{"floor":9,"key":"Pen Nib"},{"floor":12,"key":"PreservedInsect"}],"event_choices":[{"damage_healed":17,"gold_gain":0,"player_choice":"Healed","damage_taken":0,"max_hp_gain":0,"max_hp_loss":0,"event_name":"The Cleric","floor":3,"gold_loss":35},{"cards_removed":["Strike_B"],"damage_healed":0,"gold_gain":0,"player_choice":"Card Removal","damage_taken":7,"max_hp_gain":0,"max_hp_loss":0,"event_name":"Golden Wing","floor":10,"gold_loss":0},{"damage_healed":23,"gold_gain":0,"player_choice":"Banana","damage_taken":0,"max_hp_gain":0,"max_hp_loss":0,"event_name":"Big Fish","floor":11,"gold_loss":0}],"is_beta":false,"boss_relics":[],"items_purged_floors":[2],"is_endless":false,"potions_floor_spawned":[1,4,5,12],"killed_by":"3 Louse","ascension_level":15}