{"gold_per_floor":[109,122,134,134,154,154,167,167,213,213,224,254,311,342,342,444,444,460,370,386,399,80,98,98,98,122,122,152,152,162,162,162,162],"floor_reached":33,"playtime":2663,"items_purged":["Strike_R"],"score":507,"play_id":"2722b88f-ccfa-49b3-a5bc-7df8986f3e44","local_time":"20190114165426","is_ascension_mode":true,"campfire_choices":[{"data":"Bash","floor":6,"key":"SMITH"},{"data":"Spot Weakness","floor":8,"key":"SMITH"},{"data":"Iron Wave","floor":10,"key":"SMITH"},{"data":"Flame Barrier","floor":15,"key":"SMITH"},{"data":"Bandage Up","floor":24,"key":"SMITH"},{"data":"Shrug It Off","floor":27,"key":"SMITH"},{"data":"Flame Barrier","floor":32,"key":"SMITH"}],"neow_cost":"NONE","seed_source_timestamp":341248531113399,"circlet_count":0,"master_deck":["AscendersBane","Strike_R+1","Strike_R+1","Strike_R+1","Defend_R+1","Defend_R+1","Defend_R+1","Defend_R+1","Bash+1","Iron Wave+1","Spot Weakness+1","Iron Wave+1","Shrug It Off+1","Clothesline+1","Juggernaut","Flame Barrier+1","Sword Boomerang+1","Demon Form+1","Flame Barrier+1","Shrug It Off+1","Iron Wave+1","Bandage Up+1","Headbutt+1","Impervious","Warcry+1","Shrug It Off+1"],"relics":["Burning Blood","Red Skull","Molten Egg 2","Juzu Bracelet","Paper Frog","Philosopher\u0027s Stone","Lantern","Whetstone","Sundial"],"potions_floor_usage":[12,12,14,16,18,20,21,33],"damage_taken":[{"damage":6,"enemies":"Cultist","floor":1,"turns":4},{"damage":7,"enemies":"Small Slimes","floor":2,"turns":4},{"damage":0,"enemies":"2 Louse","floor":3,"turns":5},{"damage":16,"enemies":"Lots of Slimes","floor":5,"turns":7},{"damage":16,"enemies":"Blue Slaver","floor":7,"turns":3},{"damage":5,"enemies":"Red Slaver","floor":11,"turns":3},{"damage":28,"enemies":"Lagavulin","floor":12,"turns":4},{"damage":19,"enemies":"Gremlin Nob","floor":13,"turns":5},{"damage":13,"enemies":"Gremlin Nob","floor":14,"turns":3},{"damage":0,"enemies":"Slime Boss","floor":16,"turns":4},{"damage":11,"enemies":"Shell Parasite","floor":18,"turns":4},{"damage":11,"enemies":"3 Byrds","floor":20,"turns":4},{"damage":30,"enemies":"Shelled Parasite and Fungi","floor":21,"turns":3},{"damage":8,"enemies":"Snake Plant","floor":23,"turns":4},{"damage":11,"enemies":"Book of Stabbing","floor":28,"turns":5},{"damage":0,"enemies":"Chosen and Byrds","floor":30,"turns":4},{"damage":60,"enemies":"Collector","floor":33,"turns":7}],"seed_played":"8497067577004668276","potions_obtained":[{"floor":7,"key":"SteroidPotion"},{"floor":11,"key":"Strength Potion"},{"floor":12,"key":"Explosive Potion"},{"floor":13,"key":"SkillPotion"},{"floor":14,"key":"AttackPotion"},{"floor":16,"key":"LiquidBronze"},{"floor":20,"key":"Fire Potion"},{"floor":30,"key":"FearPotion"}],"is_trial":false,"path_per_floor":["M","M","M","?","M","R","M","R","T","R","M","E","?","E","R","B",null,"M","?","M","M","$","M","R","?","T","R","E","?","M","?","R","B"],"character_chosen":"IRONCLAD","items_purchased":["Lantern","Bandage Up"],"campfire_rested":0,"item_purchase_floors":[22,22],"current_hp_per_floor":[72,71,77,77,67,67,57,57,57,57,58,36,23,16,16,22,66,61,61,56,32,32,34,34,34,34,34,35,35,47,47,47,0],"gold":162,"neow_bonus":"THREE_CARDS","is_prod":false,"is_daily":false,"chose_seed":false,"campfire_upgraded":7,"win_rate":0,"timestamp":1547513666,"path_taken":["M","M","?","?","M","R","M","R","T","R","M","E","?","E","R","BOSS","M","?","M","M","$","M","R","?","T","R","E","?","M","?","R","BOSS"],"build_version":"2019-01-10","purchased_purges":1,"victory":false,"max_hp_per_floor":[80,80,80,80,80,80,80,80,80,80,80,80,80,80,80,80,80,80,80,80,80,80,80,80,80,80,80,80,80,80,80,80,80],"card_choices":[{"not_picked":["Infernal Blade","Armaments"],"picked":"Iron Wave","floor":0},{"not_picked":["Pommel Strike","Sword Boomerang","Sentinel"],"picked":"SKIP","floor":1},{"not_picked":["Armaments","Headbutt"],"picked":"Spot Weakness","floor":2},{"not_picked":["Rupture","Reckless Charge"],"picked":"Iron Wave","floor":3},{"not_picked":["Sword Boomerang","Dual Wield","Anger"],"picked":"SKIP","floor":5},{"not_picked":["Headbutt","Perfected Strike"],"picked":"Shrug It Off","floor":7},{"not_picked":["Headbutt","Twin Strike"],"picked":"Clothesline","floor":11},{"not_picked":["Perfected Strike","Iron Wave"],"picked":"Juggernaut","floor":12},{"not_picked":["Shockwave","Disarm"],"picked":"Flame Barrier","floor":13},{"not_picked":["Cleave+1","Anger+1"],"picked":"Sword Boomerang+1","floor":14},{"not_picked":["Dark Embrace","Limit Break"],"picked":"Demon Form","floor":16},{"not_picked":["Wild Strike+1","Heavy Blade+1"],"picked":"Flame Barrier","floor":18},{"not_picked":["Clash+1","Cleave+1"],"picked":"Shrug It Off+1","floor":20},{"not_picked":["Anger+1","Havoc"],"picked":"Iron Wave+1","floor":21},{"not_picked":["True Grit","Dropkick+1"],"picked":"Headbutt+1","floor":23},{"not_picked":["Anger+1","Flex"],"picked":"Impervious","floor":28},{"not_picked":["Feel No Pain+1","Ghostly Armor"],"picked":"Warcry+1","floor":30}],"player_experience":309946,"relics_obtained":[{"floor":9,"key":"Red Skull"},{"floor":12,"key":"Molten Egg 2"},{"floor":13,"key":"Juzu Bracelet"},{"floor":14,"key":"Paper Frog"},{"floor":26,"key":"Whetstone"},{"floor":28,"key":"Sundial"}],"event_choices":[{"damage_healed":0,"gold_gain":0,"player_choice":"Ignored","damage_taken":0,"max_hp_gain":0,"max_hp_loss":0,"event_name":"Liars Game","floor":4,"gold_loss":0},{"damage_healed":0,"gold_gain":0,"player_choice":"Searched \u00271\u0027 times","damage_taken":0,"max_hp_gain":0,"max_hp_loss":0,"event_name":"Dead Adventurer","floor":13,"gold_loss":0},{"cards_removed":["Strike_R"],"damage_healed":0,"gold_gain":0,"player_choice":"Upgrade and Remove","damage_taken":0,"max_hp_gain":0,"max_hp_loss":0,"event_name":"Designer","floor":19,"gold_loss":90,"cards_upgraded":["Demon Form"]},{"damage_healed":0,"gold_gain":0,"player_choice":"Simplicity","damage_taken":0,"max_hp_gain":0,"max_hp_loss":0,"event_name":"Back to Basics","floor":25,"gold_loss":0,"cards_upgraded":["Strike_R","Strike_R","Strike_R","Defend_R","Defend_R","Defend_R","Defend_R"]},{"damage_healed":0,"gold_gain":0,"player_choice":"Ignored","damage_taken":0,"max_hp_gain":0,"max_hp_loss":0,"event_name":"Vampires","floor":29,"gold_loss":0},{"damage_healed":0,"gold_gain":0,"player_choice":"Copied","damage_taken":0,"max_hp_gain":0,"max_hp_loss":0,"event_name":"Duplicator","floor":31,"gold_loss":0,"cards_obtained":["Shrug It Off"]}],"is_beta":false,"boss_relics":[{"not_picked":["Fusion Hammer","Lizard Tail"],"picked":"Philosopher\u0027s Stone"}],"items_purged_floors":[22],"is_endless":false,"potions_floor_spawned":[7,11,12,13,14,16,20,30],"killed_by":"Collector","ascension_level":11}