{"gold_per_floor":[12,26,41,54,54,54,81,81,106,106],"floor_reached":10,"playtime":608,"items_purged":[],"score":126,"play_id":"0105b728-d26b-402f-8b5d-fbe7a4cdee2c","local_time":"20190119224003","is_ascension_mode":true,"campfire_choices":[{"data":"Trip","floor":6,"key":"SMITH"},{"data":"Anger","floor":8,"key":"SMITH"}],"neow_cost":"NO_GOLD","seed_source_timestamp":796041089630112,"circlet_count":0,"master_deck":["AscendersBane","Strike_R","Strike_R","Strike_R","Strike_R","Defend_R","Defend_R","Defend_R","Defend_R","Bash","Panache","Trip+1","Iron Wave","Disarm","Wild Strike","Anger+1"],"relics":["Burning Blood","Orichalcum","Dream Catcher"],"potions_floor_usage":[],"damage_taken":[{"damage":1,"enemies":"Cultist","floor":1,"turns":3},{"damage":6,"enemies":"Small Slimes","floor":2,"turns":5},{"damage":7,"enemies":"2 Louse","floor":3,"turns":3},{"damage":23,"enemies":"Lots of Slimes","floor":4,"turns":6},{"damage":38,"enemies":"Lagavulin","floor":7,"turns":6},{"damage":23,"enemies":"Exordium Thugs","floor":10,"turns":2}],"seed_played":"-6464598874033253010","potions_obtained":[{"floor":4,"key":"FearPotion"},{"floor":7,"key":"Ancient Potion"}],"is_trial":false,"path_per_floor":["M","M","M","M","?","R","E","R","T","M"],"character_chosen":"IRONCLAD","items_purchased":[],"campfire_rested":0,"item_purchase_floors":[],"current_hp_per_floor":[73,73,72,55,55,55,23,23,23,0],"gold":106,"neow_bonus":"RANDOM_COLORLESS_2","is_prod":false,"is_daily":false,"chose_seed":false,"campfire_upgraded":2,"win_rate":0,"timestamp":1547966403,"path_taken":["M","?","M","M","?","R","E","R","T","M"],"build_version":"2019-01-17v2","purchased_purges":0,"victory":false,"max_hp_per_floor":[75,75,75,75,75,75,75,75,75,75],"card_choices":[{"not_picked":["Perfected Strike","Sentinel","Wild Strike"],"picked":"SKIP","floor":1},{"not_picked":["Clothesline","Searing Blow"],"picked":"Iron Wave","floor":2},{"not_picked":["Second Wind","Headbutt"],"picked":"Disarm","floor":3},{"not_picked":["Disarm","Burning Pact","Corruption"],"picked":"SKIP","floor":4},{"not_picked":["Perfected Strike","Pummel"],"picked":"Anger","floor":7}],"player_experience":404648,"relics_obtained":[{"floor":7,"key":"Orichalcum"},{"floor":9,"key":"Dream Catcher"}],"event_choices":[{"damage_healed":0,"gold_gain":0,"cards_transformed":["Strike_R"],"player_choice":"Change","damage_taken":0,"max_hp_gain":0,"max_hp_loss":0,"event_name":"Living Wall","floor":5,"gold_loss":0,"cards_obtained":["Wild Strike"]}],"is_beta":false,"boss_relics":[],"items_purged_floors":[],"is_endless":false,"potions_floor_spawned":[4,7],"killed_by":"Exordium Thugs","ascension_level":17}