{"gold_per_floor":[111,211,230,4,4,4,34,34,58,81,23,39,69,87,87,190,190,208,185,185,185,210,210,220,237,263,275,308,325,325,355,355,452,452,467,567,567,586,599,599,633,633,685,484,497,527,137,149,149,149,149,149,12,40,40],"floor_reached":56,"playtime":5134,"items_purged":["Strike_R","Combust+1"],"score":1255,"play_id":"7aad1e64-5095-466e-9c61-8d7fc2d8b75b","local_time":"20190203022703","is_ascension_mode":false,"campfire_choices":[{"data":"Combust","floor":6,"key":"SMITH"},{"floor":8,"key":"REST"},{"floor":15,"key":"REST"},{"data":"Corruption","floor":23,"key":"SMITH"},{"floor":32,"key":"REST"},{"floor":40,"key":"RECALL"},{"floor":42,"key":"REST"},{"floor":49,"key":"REST"},{"floor":52,"key":"REST"}],"neow_cost":"NONE","seed_source_timestamp":457911191283668,"circlet_count":0,"master_deck":["Bash","Disarm","Entrench","Body Slam","Corruption+1","Fiend Fire","Shockwave","Entrench","Immolate","Perfected Strike","Clothesline","Shrug It Off","Pummel","Clothesline","Disarm","Dark Embrace","Blood for Blood","Feel No Pain","Shrug It Off","Pummel","Offering","Metallicize","Immolate","Armaments","Demon Form","Armaments+1","Hemokinesis+1","Inflame+1","Blood for Blood+1","Shrug It Off","Anger+1","Barricade","True Grit+1"],"relics":["Burning Blood","Happy Flower","Bag of Marbles","Smiling Mask","MawBank","PreservedInsect","Pandora\u0027s Box","Vajra","Darkstone Periapt","Letter Opener","Fusion Hammer","Torii","Molten Egg 2","Oddly Smooth Stone","Anchor","Pantograph","DollysMirror","Centennial Puzzle","Art of War"],"potions_floor_usage":[16,16,28,33,33,50,50,55],"damage_taken":[{"damage":5,"enemies":"Jaw Worm","floor":1,"turns":4},{"damage":5,"enemies":"Cultist","floor":3,"turns":4},{"damage":33,"enemies":"Gremlin Nob","floor":7,"turns":5},{"damage":7,"enemies":"Small Slimes","floor":10,"turns":2},{"damage":6,"enemies":"Exordium Thugs","floor":12,"turns":5},{"damage":17,"enemies":"3 Sentries","floor":13,"turns":6},{"damage":19,"enemies":"Large Slime","floor":14,"turns":4},{"damage":51,"enemies":"The Guardian","floor":16,"turns":15},{"damage":10,"enemies":"Chosen","floor":18,"turns":4},{"damage":24,"enemies":"2 Thieves","floor":24,"turns":3},{"damage":0,"enemies":"Snecko","floor":25,"turns":3},{"damage":18,"enemies":"3 Cultists","floor":27,"turns":4},{"damage":4,"enemies":"Gremlin Leader","floor":28,"turns":5},{"damage":20,"enemies":"Cultist and Chosen","floor":29,"turns":6},{"damage":26,"enemies":"Book of Stabbing","floor":31,"turns":5},{"damage":44,"enemies":"Automaton","floor":33,"turns":9},{"damage":16,"enemies":"Orb Walker","floor":35,"turns":3},{"damage":23,"enemies":"Mind Bloom Boss Battle","floor":36,"turns":9},{"damage":9,"enemies":"3 Darklings","floor":38,"turns":4},{"damage":32,"enemies":"Jaw Worm Horde","floor":39,"turns":3},{"damage":38,"enemies":"Reptomancer","floor":41,"turns":5},{"damage":6,"enemies":"Sphere and 2 Shapes","floor":45,"turns":4},{"damage":9,"enemies":"Giant Head","floor":46,"turns":6},{"damage":16,"enemies":"4 Shapes","floor":48,"turns":2},{"damage":32,"enemies":"Donu and Deca","floor":50,"turns":6},{"damage":10,"enemies":"Shield and Spear","floor":54,"turns":5},{"damage":63,"enemies":"The Heart","floor":55,"turns":8}],"seed_played":"-7828766511548547520","potions_obtained":[{"floor":1,"key":"Block Potion"},{"floor":10,"key":"GamblersBrew"},{"floor":13,"key":"PowerPotion"},{"floor":14,"key":"Regen Potion"},{"floor":16,"key":"Fire Potion"},{"floor":25,"key":"Ancient Potion"},{"floor":28,"key":"Energy Potion"},{"floor":41,"key":"Energy Potion"},{"floor":46,"key":"SneckoOil"}],"is_trial":false,"path_per_floor":["M","?","M","$","?","R","E","R","T","M","$","M","E","M","R","B",null,"M","$","?","$","T","R","M","M","T","M","E","M","$","E","R","B",null,"M","?","?","M","M","R","E","R","T","$","M","E","$","M","R","B",null,"R","$","E","B",null],"character_chosen":"IRONCLAD","items_purchased":["Bag of Marbles","Corruption","Shrug It Off","Anchor","DollysMirror","Shrug It Off","Centennial Puzzle","Barricade"],"campfire_rested":6,"item_purchase_floors":[4,11,19,44,47,47,47,53],"current_hp_per_floor":[80,80,80,80,64,64,37,61,61,60,60,60,49,36,60,15,80,76,76,68,68,68,68,50,56,56,44,60,46,46,26,50,12,80,70,58,90,87,61,61,29,56,56,56,56,53,53,43,70,64,90,90,90,86,33],"gold":40,"neow_bonus":"RANDOM_COMMON_RELIC","is_prod":false,"is_daily":false,"chose_seed":false,"campfire_upgraded":2,"win_rate":0,"timestamp":1549189623,"path_taken":["M","?","?","$","?","R","E","R","T","M","?","M","E","M","R","BOSS","M","$","?","?","?","R","M","M","T","M","E","M","$","E","R","BOSS","M","?","?","M","M","R","E","R","T","$","?","E","$","M","R","BOSS","R","$","E","BOSS"],"build_version":"2019-01-23","purchased_purges":2,"victory":true,"max_hp_per_floor":[80,80,80,80,80,80,80,80,80,80,80,80,80,80,80,80,80,80,80,80,80,80,80,80,80,80,80,80,80,80,80,80,80,80,80,80,90,90,90,90,90,90,90,90,90,90,90,90,90,90,90,90,90,90,90],"card_choices":[{"not_picked":["Sever Soul","Burning Pact"],"picked":"Combust","floor":1},{"not_picked":["Perfected Strike","Sword Boomerang"],"picked":"Disarm","floor":3},{"not_picked":["Flex","Clothesline"],"picked":"Entrench","floor":7},{"not_picked":["Sever Soul","Wild Strike"],"picked":"Body Slam","floor":10},{"not_picked":["Cleave","True Grit"],"picked":"Fiend Fire","floor":12},{"not_picked":["Headbutt","Body Slam"],"picked":"Shockwave","floor":13},{"not_picked":["Shockwave","Warcry"],"picked":"Entrench","floor":14},{"not_picked":["Demon Form","Fiend Fire"],"picked":"Immolate","floor":16},{"not_picked":["Havoc","Cleave"],"picked":"Feel No Pain","floor":18},{"not_picked":["Corruption","Pommel Strike","Body Slam"],"picked":"SKIP","floor":24},{"not_picked":["Second Wind+1","Hemokinesis"],"picked":"Pummel","floor":25},{"not_picked":["Headbutt","Cleave+1","Pommel Strike"],"picked":"SKIP","floor":27},{"not_picked":["Twin Strike","Second Wind"],"picked":"Offering","floor":28},{"not_picked":["Sword Boomerang+1","Pommel Strike+1"],"picked":"Metallicize","floor":29},{"not_picked":["Power Through","Perfected Strike"],"picked":"Immolate","floor":31},{"not_picked":["Dark Embrace","Impervious"],"picked":"Reaper","floor":33},{"not_picked":["Headbutt","Searing Blow+1","Twin Strike"],"picked":"SKIP","floor":35},{"not_picked":["Carnage","Clothesline"],"picked":"Armaments","floor":36},{"not_picked":["Rampage","Shockwave"],"picked":"Demon Form","floor":38},{"not_picked":["Sword Boomerang+1","Clothesline"],"picked":"Armaments+1","floor":39},{"not_picked":["Bloodletting","Entrench"],"picked":"Hemokinesis+1","floor":41},{"not_picked":["Cleave+1","Perfected Strike+1","Pommel Strike+1"],"picked":"SKIP","floor":45},{"not_picked":["Flame Barrier","Anger+1"],"picked":"Inflame+1","floor":46},{"not_picked":["Spot Weakness","Perfected Strike+1"],"picked":"Anger+1","floor":48},{"not_picked":["Twin Strike+1","Searing Blow+1"],"picked":"True Grit+1","floor":54}],"player_experience":417124,"relics_obtained":[{"floor":7,"key":"Smiling Mask"},{"floor":9,"key":"MawBank"},{"floor":13,"key":"PreservedInsect"},{"floor":22,"key":"Vajra"},{"floor":28,"key":"Darkstone Periapt"},{"floor":31,"key":"Letter Opener"},{"floor":36,"key":"Torii"},{"floor":41,"key":"Molten Egg 2"},{"floor":43,"key":"Oddly Smooth Stone"},{"floor":46,"key":"Pantograph"},{"floor":54,"key":"Art of War"}],"event_choices":[{"damage_healed":0,"gold_gain":100,"player_choice":"Pray","damage_taken":0,"max_hp_gain":0,"max_hp_loss":0,"event_name":"Golden Shrine","floor":2,"gold_loss":0},{"damage_healed":0,"gold_gain":0,"player_choice":"Entered Light","damage_taken":16,"max_hp_gain":0,"max_hp_loss":0,"event_name":"Shining Light","floor":5,"gold_loss":0,"cards_upgraded":["Strike_R","Strike_R"]},{"damage_healed":0,"gold_gain":0,"player_choice":"","damage_taken":8,"max_hp_gain":0,"max_hp_loss":0,"event_name":"Knowing Skull","floor":20,"potions_obtained":[],"gold_loss":0,"cards_obtained":[]},{"damage_healed":0,"gold_gain":0,"player_choice":"Fight","damage_taken":0,"max_hp_gain":0,"max_hp_loss":0,"event_name":"MindBloom","floor":36,"gold_loss":0},{"cards_removed":["Reaper"],"damage_healed":22,"gold_gain":0,"player_choice":"Offered Rare","damage_taken":0,"max_hp_gain":10,"max_hp_loss":0,"event_name":"Bonfire Elementals","floor":37,"gold_loss":0}],"is_beta":false,"boss_relics":[{"not_picked":["White Beast Statue","Eternal Feather"],"picked":"Pandora\u0027s Box"},{"not_picked":["Astrolabe","Tiny House"],"picked":"Fusion Hammer"}],"items_purged_floors":[4,44],"is_endless":false,"potions_floor_spawned":[1,10,13,14,16,25,28,29,31,41,46,48],"ascension_level":0}