{"gold_per_floor":[112,128,139,59,59,59,69,69,69,100,100,113,113,88,88,88],"floor_reached":16,"playtime":546,"items_purged":[],"score":125,"play_id":"a30e92c6-645b-4597-9e11-b37a645ac0a8","local_time":"20190201000237","is_ascension_mode":false,"campfire_choices":[{"data":"theScribe:PoisonGas","floor":6,"key":"SMITH"},{"data":"theScribe:AirPrison","floor":8,"key":"SMITH"},{"data":"theScribe:MagicMissiles","floor":15,"key":"SMITH"}],"neow_cost":"NONE","seed_source_timestamp":390602396922700,"circlet_count":0,"master_deck":["theScribe:StarterAttack","theScribe:StarterAttack","theScribe:StarterAttack","theScribe:StarterAttack","theScribe:StarterDefend","theScribe:StarterDefend","theScribe:StarterDefend","theScribe:StarterDefend","theScribe:Spark","theScribe:Lightning","theScribe:PoisonGas+1","theScribe:Lightning","theScribe:Thwack","theScribe:Lightning","theScribe:AirPrison+1","theScribe:BluntWeapons","infinitespire:Gouge","theScribe:MagicMissiles+1","theScribe:Lightning"],"relics":["theScribe:StarterRelic","NeowsBlessing","RoseTintedShades","GiantMaggot","infinitespire:Bottled Soul"],"potions_floor_usage":[10],"damage_taken":[{"damage":0,"enemies":"2 Louse","floor":1,"turns":1},{"damage":0,"enemies":"Jaw Worm","floor":2,"turns":1},{"damage":0,"enemies":"Cultist","floor":3,"turns":1},{"damage":6,"enemies":"Exordium Wildlife","floor":7,"turns":5},{"damage":45,"enemies":"Lagavulin","floor":10,"turns":8},{"damage":5,"enemies":"Large Slime","floor":12,"turns":6},{"damage":28,"enemies":"The Guardian","floor":16,"turns":5}],"seed_played":"-873707449577732932","potions_obtained":[{"floor":1,"key":"PowerPotion"},{"floor":3,"key":"Languid Potion"},{"floor":10,"key":"FearPotion"}],"is_trial":false,"path_per_floor":["M","M","M","$","?","R","M","R","T","E","?","M","?","$","R","B"],"character_chosen":"THE_SCRIBE","items_purchased":["theScribe:Thwack","theScribe:Lightning","theScribe:Lightning"],"campfire_rested":0,"item_purchase_floors":[4,4,14],"current_hp_per_floor":[75,75,75,75,75,75,69,69,69,24,7,2,27,27,27,0],"gold":88,"neow_bonus":"THREE_ENEMY_KILL","is_prod":false,"is_daily":false,"chose_seed":false,"campfire_upgraded":3,"win_rate":0.0,"timestamp":1548997357,"path_taken":["M","M","M","$","?","R","M","R","T","E","?","?","?","?","R","BOSS"],"build_version":"2019-01-23","purchased_purges":0,"victory":false,"max_hp_per_floor":[75,75,75,75,75,75,75,75,75,75,75,75,75,75,75,75],"card_choices":[{"not_picked":["theScribe:MirrorImage","theScribe:LightningBolt"],"picked":"theScribe:Lightning","floor":1},{"not_picked":["theScribe:AirPrison","theScribe:BarrierOfLight"],"picked":"theScribe:PoisonGas","floor":2},{"not_picked":["theScribe:Meditate","theScribe:BarrierOfLight"],"picked":"theScribe:Lightning","floor":3},{"not_picked":["theScribe:MirrorImage","theScribe:BloodMagicks"],"picked":"theScribe:AirPrison","floor":7},{"not_picked":["theScribe:MirrorImage","theScribe:LightningBolt"],"picked":"theScribe:BluntWeapons","floor":10},{"not_picked":["infinitespire:DeathsTouch","infinitespire:Punishment"],"picked":"infinitespire:Gouge","floor":11},{"not_picked":["theScribe:LightningBolt","theScribe:Clarity"],"picked":"theScribe:MagicMissiles","floor":12}],"player_experience":1180455,"relics_obtained":[{"floor":9,"key":"RoseTintedShades"},{"floor":10,"key":"infinitespire:Bottled Soul"}],"event_choices":[{"damage_healed":25,"gold_gain":0,"player_choice":"Banana","damage_taken":0,"max_hp_gain":0,"max_hp_loss":0,"event_name":"Big Fish","floor":13,"gold_loss":0}],"is_beta":true,"boss_relics":[],"items_purged_floors":[],"is_endless":false,"potions_floor_spawned":[1,3,10],"killed_by":"The Guardian","ascension_level":0}