{"gold_per_floor":[116,134,134,134,2,2,29,29,52,71,104,118,148,167,167,244,244,259,278,8,8,22,50,50,80,80,80,80,80,106,6,6,82,82,100,100,16,16,16],"floor_reached":40,"playtime":1326,"items_purged":["Strike_B","Decay"],"score":1292,"play_id":"f041534c-83fc-4580-857b-d0a60b7af1e8","local_time":"20181110001100","is_ascension_mode":true,"campfire_choices":[{"data":"FTL","floor":6,"key":"SMITH"},{"data":"Blizzard","floor":8,"key":"SMITH"},{"data":"Coolheaded","floor":15,"key":"SMITH"},{"data":"Coolheaded","floor":24,"key":"SMITH"},{"data":"FTL","floor":27,"key":"SMITH"},{"floor":32,"key":"REST"}],"neow_cost":"NONE","seed_source_timestamp":21276833287059,"circlet_count":0,"master_deck":["AscendersBane","Defend_B","Defend_B+1","Defend_B","Zap+1","Glacier","FTL+1","Coolheaded+1","Blizzard+1","Ball Lightning","FTL","Machine Learning","BootSequence+1","Chill+1","FTL+1","Meteor Strike","Ball Lightning","Coolheaded+1","Creative AI","Core Surge","Cold Snap","Consume+1","Capacitor"],"relics":["Cracked Core","War Paint","Darkstone Periapt","DataDisk","Whetstone","Bag of Preparation","Anchor","Astrolabe","Bottled Lightning","Ornamental Fan","Happy Flower","Pear","Art of War","Orrery"],"potions_floor_usage":[11,11,13,23,33,33,35,39],"damage_taken":[{"damage":0,"enemies":"Cultist","floor":1,"turns":3},{"damage":2,"enemies":"Jaw Worm","floor":2,"turns":3},{"damage":6,"enemies":"Lagavulin","floor":7,"turns":10},{"damage":7,"enemies":"Small Slimes","floor":10,"turns":3},{"damage":0,"enemies":"Gremlin Nob","floor":11,"turns":3},{"damage":0,"enemies":"2 Fungi Beasts","floor":12,"turns":3},{"damage":1,"enemies":"Lagavulin","floor":13,"turns":5},{"damage":0,"enemies":"Exordium Thugs","floor":14,"turns":3},{"damage":11,"enemies":"The Guardian","floor":16,"turns":12},{"damage":2,"enemies":"Shell Parasite","floor":18,"turns":6},{"damage":0,"enemies":"Spheric Guardian","floor":19,"turns":4},{"damage":0,"enemies":"Snake Plant","floor":22,"turns":5},{"damage":10,"enemies":"Book of Stabbing","floor":23,"turns":6},{"damage":11,"enemies":"Gremlin Leader","floor":25,"turns":6},{"damage":25,"enemies":"Book of Stabbing","floor":30,"turns":6},{"damage":57,"enemies":"Collector","floor":33,"turns":12},{"damage":10,"enemies":"Orb Walker","floor":35,"turns":4},{"damage":38,"enemies":"Awakened One","floor":39,"turns":17}],"seed_played":"-4537027484807766415","potions_obtained":[{"floor":7,"key":"AttackPotion"},{"floor":10,"key":"Fire Potion"},{"floor":11,"key":"Regen Potion"},{"floor":16,"key":"Dexterity Potion"},{"floor":23,"key":"FearPotion"},{"floor":25,"key":"Energy Potion"},{"floor":33,"key":"Swift Potion"},{"floor":35,"key":"Block Potion"}],"is_trial":false,"path_per_floor":["M","M","T","?","$","R","E","R","T","M","E","M","E","M","R","B",null,"M","M","$","?","M","E","R","E","T","R","?","?","E","$","R","B",null,"M","?","$","?","B",null],"character_chosen":"DEFECT","items_purchased":["Coolheaded","Bottled Lightning","Capacitor"],"campfire_rested":1,"item_purchase_floors":[5,20,37],"current_hp_per_floor":[64,62,62,67,67,67,61,61,61,54,54,54,65,65,65,54,71,69,69,69,69,69,59,59,48,58,58,64,64,39,39,66,9,71,61,61,61,61,23],"gold":16,"neow_bonus":"RANDOM_COMMON_RELIC","is_prod":false,"is_daily":false,"chose_seed":false,"campfire_upgraded":5,"win_rate":0,"timestamp":1541808660,"path_taken":["M","M","?","?","$","R","E","R","T","M","E","M","E","M","R","BOSS","M","M","$","?","M","E","R","E","T","R","?","?","E","$","R","BOSS","M","?","$","?","BOSS"],"build_version":"2018-11-08","purchased_purges":2,"victory":true,"max_hp_per_floor":[71,71,71,76,76,76,76,76,76,76,76,76,76,76,76,76,76,76,76,76,76,76,76,76,76,86,86,92,92,92,92,92,92,92,92,92,92,92,92],"card_choices":[{"not_picked":["Go for the Eyes","Reprogram"],"picked":"Glacier","floor":1},{"not_picked":["Recycle","Gash"],"picked":"FTL","floor":2},{"not_picked":["Stack","Echo Form"],"picked":"Blizzard","floor":7},{"not_picked":["Streamline","Turbo"],"picked":"Ball Lightning","floor":10},{"not_picked":["Aggregate","Doom and Gloom","BootSequence"],"picked":"SKIP","floor":11},{"not_picked":["Darkness","Gash","Steam Power"],"picked":"SKIP","floor":12},{"not_picked":["Skim","Aggregate","Steam"],"picked":"SKIP","floor":13},{"not_picked":["Go for the Eyes","Melter"],"picked":"FTL","floor":14},{"not_picked":["Multi-Cast","Creative AI"],"picked":"Machine Learning","floor":16},{"not_picked":["Turbo","Redo"],"picked":"FTL","floor":18},{"not_picked":["Chaos+1","Loop","Scrape"],"picked":"SKIP","floor":19},{"not_picked":["Go for the Eyes","BootSequence"],"picked":"Coolheaded","floor":22},{"not_picked":["Redo","Ball Lightning","Echo Form"],"picked":"SKIP","floor":23},{"not_picked":["Doom and Gloom","Reprogram+1","Undo"],"picked":"SKIP","floor":25},{"not_picked":["Go for the Eyes","Leap","Static Discharge"],"picked":"SKIP","floor":30},{"not_picked":["Multi-Cast","Buffer"],"picked":"Core Surge","floor":33},{"not_picked":["Capacitor","Consume"],"picked":"Cold Snap","floor":34},{"not_picked":["Ball Lightning","Compile Driver"],"picked":"Consume+1","floor":34},{"not_picked":["Go for the Eyes","FTL","BootSequence"],"picked":"SKIP","floor":35}],"player_experience":135299,"relics_obtained":[{"floor":3,"key":"Darkstone Periapt"},{"floor":7,"key":"DataDisk"},{"floor":9,"key":"Whetstone"},{"floor":11,"key":"Bag of Preparation"},{"floor":13,"key":"Anchor"},{"floor":23,"key":"Ornamental Fan"},{"floor":25,"key":"Happy Flower"},{"floor":26,"key":"Pear"},{"floor":30,"key":"Art of War"}],"event_choices":[{"damage_healed":0,"gold_gain":0,"player_choice":"Donut","damage_taken":0,"max_hp_gain":5,"max_hp_loss":0,"event_name":"Big Fish","floor":4,"gold_loss":0},{"damage_healed":0,"gold_gain":0,"cards_transformed":["Dualcast","Defend_B"],"player_choice":"Became Test Subject","damage_taken":0,"max_hp_gain":0,"max_hp_loss":0,"event_name":"Drug Dealer","floor":21,"gold_loss":0,"cards_obtained":["Meteor Strike","Ball Lightning"]},{"damage_healed":0,"gold_gain":0,"player_choice":"Smashed Altar","damage_taken":0,"max_hp_gain":0,"max_hp_loss":0,"event_name":"Forgotten Altar","floor":28,"gold_loss":0,"cards_obtained":["Decay"]},{"damage_healed":0,"gold_gain":0,"player_choice":"1 cards matched","damage_taken":0,"max_hp_gain":0,"max_hp_loss":0,"event_name":"Match and Keep!","floor":29,"gold_loss":0,"cards_obtained":["Creative AI"]},{"cards_removed":["Machine Learning"],"damage_healed":0,"gold_gain":0,"player_choice":"Removed Power","damage_taken":0,"max_hp_gain":0,"max_hp_loss":0,"event_name":"Falling","floor":36,"gold_loss":0},{"damage_healed":0,"gold_gain":0,"player_choice":"Took Portal","damage_taken":0,"max_hp_gain":0,"max_hp_loss":0,"event_name":"SecretPortal","floor":38,"gold_loss":0}],"is_beta":false,"boss_relics":[{"not_picked":["Sozu","Ectoplasm"],"picked":"Astrolabe"},{"not_picked":["Lizard Tail","Pandora\u0027s Box"],"picked":"Orrery"}],"items_purged_floors":[5,31],"is_endless":false,"potions_floor_spawned":[7,10,11,16,23,25,33,35],"ascension_level":17}