{"gold_per_floor":[119,133,133,153,110,110,121,154,154,154,56,74,74,85,85,181,181,196,196,213,126,126,126,146,161,229,229,247,247],"floor_reached":29,"playtime":3223,"items_purged":["Defend_B"],"score":250,"play_id":"5259643e-a37f-4e55-a749-eb11fb452a15","local_time":"20190201213229","is_ascension_mode":true,"campfire_choices":[{"floor":6,"key":"REST"},{"data":"Zap","floor":10,"key":"SMITH"},{"data":"Coolheaded","floor":13,"key":"SMITH"},{"data":"Genetic Algorithm","floor":15,"key":"SMITH"},{"floor":23,"key":"REST"}],"neow_cost":"NONE","seed_source_timestamp":355799530642092,"circlet_count":0,"master_deck":["Zap+1","Dualcast+1","Go for the Eyes","Coolheaded+1","Ball Lightning","Cold Snap","Scrape","Leap","Echo Form","Genetic Algorithm+1","Creative AI","Hyperbeam","Reinforced Body","Auto Shields","Blizzard","Aggregate","Auto Shields","Force Field","Cold Snap+1","Ball Lightning+1","Barrage","Storm","Hologram+1","Coolheaded"],"relics":["Inserter","Letter Opener","Pantograph","Pandora\u0027s Box","The Courier"],"potions_floor_usage":[8,20,25,25,25,25,25,25,29],"damage_taken":[{"damage":10,"enemies":"Small Slimes","floor":1,"turns":3},{"damage":9,"enemies":"Jaw Worm","floor":2,"turns":4},{"damage":7,"enemies":"2 Louse","floor":4,"turns":3},{"damage":2,"enemies":"Looter","floor":7,"turns":4},{"damage":22,"enemies":"Lagavulin","floor":8,"turns":7},{"damage":5,"enemies":"Large Slime","floor":12,"turns":6},{"damage":1,"enemies":"3 Louse","floor":14,"turns":2},{"damage":23,"enemies":"Hexaghost","floor":16,"turns":10},{"damage":11,"enemies":"2 Thieves","floor":18,"turns":3},{"damage":33,"enemies":"3 Byrds","floor":20,"turns":5},{"damage":37,"enemies":"Centurion and Healer","floor":24,"turns":10},{"damage":0,"enemies":"Snecko","floor":25,"turns":18},{"damage":22,"enemies":"Snake Plant","floor":28,"turns":6},{"damage":17,"enemies":"Cultist and Chosen","floor":29,"turns":4}],"seed_played":"-8938738916687821582","potions_obtained":[{"floor":1,"key":"EssenceOfSteel"},{"floor":7,"key":"Regen Potion"},{"floor":16,"key":"SteroidPotion"},{"floor":20,"key":"FearPotion"},{"floor":24,"key":"EntropicBrew"},{"floor":28,"key":"AttackPotion"}],"is_trial":false,"path_per_floor":["M","M","?","M","?","R","M","E","T","R","$","M","R","M","R","B",null,"M","?","M","$","?","R","M","M","T","?","M","M"],"character_chosen":"DEFECT","items_purchased":["Leap","Barrage","Storm"],"campfire_rested":2,"item_purchase_floors":[11,21,21],"current_hp_per_floor":[65,56,41,34,34,56,54,47,47,47,47,42,42,41,41,43,75,64,64,31,31,17,41,4,4,4,30,8,0],"gold":247,"neow_bonus":"BOSS_RELIC","is_prod":false,"is_daily":false,"chose_seed":false,"campfire_upgraded":3,"win_rate":0,"timestamp":1549085549,"path_taken":["M","M","?","M","?","R","?","E","T","R","$","M","R","M","R","BOSS","M","?","M","$","?","R","M","M","T","?","M","M"],"build_version":"2019-01-23","purchased_purges":1,"victory":false,"max_hp_per_floor":[75,75,75,75,75,75,75,75,75,75,75,75,75,75,75,75,75,75,75,75,75,80,80,80,80,80,80,80,80],"card_choices":[{"not_picked":["Loop","Hologram"],"picked":"Go for the Eyes","floor":1},{"not_picked":["Storm","Stack"],"picked":"Coolheaded","floor":2},{"not_picked":["Conserve Battery","Hologram"],"picked":"Ball Lightning","floor":4},{"not_picked":["Redo","Streamline"],"picked":"Cold Snap","floor":7},{"not_picked":["Streamline","Redo"],"picked":"Scrape","floor":8},{"not_picked":["Cold Snap","Conserve Battery"],"picked":"Echo Form","floor":12},{"not_picked":["Cold Snap","Hologram"],"picked":"Genetic Algorithm","floor":14},{"not_picked":["Meteor Strike","Machine Learning"],"picked":"Creative AI","floor":16},{"not_picked":["Streamline+1","Beam Cell"],"picked":"Cold Snap+1","floor":18},{"not_picked":["Barrage","Auto Shields+1"],"picked":"Ball Lightning+1","floor":20},{"not_picked":["Rebound+1","Cold Snap+1"],"picked":"Hologram+1","floor":24},{"not_picked":["Hyperbeam","Reprogram","Redo+1"],"picked":"SKIP","floor":25},{"not_picked":["Recycle","Hologram"],"picked":"Coolheaded","floor":28}],"player_experience":396576,"relics_obtained":[{"floor":8,"key":"Letter Opener"},{"floor":9,"key":"Pantograph"},{"floor":26,"key":"The Courier"}],"event_choices":[{"damage_healed":0,"gold_gain":0,"player_choice":"Entered Light","damage_taken":15,"max_hp_gain":0,"max_hp_loss":0,"event_name":"Shining Light","floor":3,"gold_loss":0,"cards_upgraded":["Strike_B","Dualcast"]},{"damage_healed":0,"gold_gain":0,"player_choice":"Left Gold","damage_taken":0,"max_hp_gain":0,"max_hp_loss":0,"event_name":"World of Goop","floor":5,"gold_loss":43},{"damage_healed":0,"gold_gain":0,"player_choice":"Ignored","damage_taken":0,"max_hp_gain":0,"max_hp_loss":0,"event_name":"Ghosts","floor":19,"gold_loss":0},{"damage_healed":0,"gold_gain":0,"player_choice":"Shed Blood","damage_taken":19,"max_hp_gain":5,"max_hp_loss":0,"event_name":"Forgotten Altar","floor":22,"gold_loss":0},{"damage_healed":26,"gold_gain":0,"player_choice":"Heal","damage_taken":0,"max_hp_gain":0,"max_hp_loss":0,"event_name":"The Library","floor":27,"gold_loss":0}],"is_beta":false,"boss_relics":[{"not_picked":["Runic Dome","Orrery"],"picked":"Pandora\u0027s Box"}],"items_purged_floors":[11],"is_endless":false,"potions_floor_spawned":[1,7,16,20,24,28],"killed_by":"Cultist and Chosen","ascension_level":2}