{"gold_per_floor":[118,135,23,73,84,84,94,94,94,94,94,122,139,3,3,3],"floor_reached":16,"playtime":268,"items_purged":[],"score":190,"play_id":"d0592189-a189-4c40-b02b-c6c9e77f4640","local_time":"20190130210406","is_ascension_mode":true,"campfire_choices":[{"data":"Backstab","floor":6,"key":"SMITH"},{"data":"Catalyst","floor":8,"key":"SMITH"},{"data":"Deadly Poison","floor":10,"key":"SMITH"},{"data":"Cloak And Dagger","floor":15,"key":"SMITH"}],"neow_cost":"NONE","seed_source_timestamp":1131133238170,"circlet_count":0,"master_deck":["AscendersBane","Defend_G","Defend_G","Defend_G","Defend_G","Defend_G","Strike_G","Strike_G","Strike_G","Strike_G","Survivor","Neutralize","Catalyst+1","Dagger Throw","Deflect","Dagger Spray","Backstab+1","Deadly Poison+1","Escape Plan","Slice","Cloak And Dagger+1","Footwork"],"relics":["Ring of the Snake","NeowsBlessing","Kunai","Shuriken"],"potions_floor_usage":[16],"damage_taken":[{"damage":0,"enemies":"Jaw Worm","floor":1,"turns":1},{"damage":0,"enemies":"Cultist","floor":2,"turns":1},{"damage":0,"enemies":"Small Slimes","floor":5,"turns":1},{"damage":6,"enemies":"Exordium Wildlife","floor":7,"turns":4},{"damage":21,"enemies":"Gremlin Nob","floor":12,"turns":4},{"damage":4,"enemies":"2 Fungi Beasts","floor":13,"turns":3},{"damage":33,"enemies":"Slime Boss","floor":16,"turns":7}],"seed_played":"181238370696944898","potions_obtained":[{"floor":1,"key":"LiquidBronze"},{"floor":12,"key":"Swift Potion"}],"is_trial":false,"path_per_floor":["M","M","$","?","M","R","M","R","T","R","?","E","M","$","R","B"],"character_chosen":"THE_SILENT","items_purchased":["Deflect","Dagger Spray","Cloak And Dagger","Footwork"],"campfire_rested":0,"item_purchase_floors":[3,3,14,14],"current_hp_per_floor":[59,59,59,59,59,59,53,53,53,53,53,32,28,28,28,0],"gold":3,"neow_bonus":"THREE_ENEMY_KILL","is_prod":false,"is_daily":false,"chose_seed":false,"campfire_upgraded":4,"win_rate":0,"timestamp":1548882246,"path_taken":["M","M","$","?","M","R","?","R","T","R","?","E","M","$","R","BOSS"],"build_version":"2019-01-23","purchased_purges":0,"victory":false,"max_hp_per_floor":[66,66,66,66,66,66,66,66,66,66,66,66,66,66,66,66],"card_choices":[{"not_picked":["Noxious Fumes","Crippling Poison"],"picked":"Catalyst","floor":1},{"not_picked":["Backflip","Eviscerate"],"picked":"Dagger Throw","floor":2},{"not_picked":["Expertise","Backflip"],"picked":"Backstab","floor":5},{"not_picked":["Outmaneuver","Choke"],"picked":"Deadly Poison","floor":7},{"not_picked":["Acrobatics","Blur"],"picked":"Escape Plan","floor":12},{"not_picked":["Noxious Fumes","Eviscerate"],"picked":"Slice","floor":13}],"player_experience":413576,"relics_obtained":[{"floor":9,"key":"Kunai"},{"floor":12,"key":"Shuriken"}],"event_choices":[{"damage_healed":0,"gold_gain":50,"player_choice":"Pray","damage_taken":0,"max_hp_gain":0,"max_hp_loss":0,"event_name":"Golden Shrine","floor":4,"gold_loss":0},{"cards_removed":["Strike_G"],"damage_healed":0,"gold_gain":0,"player_choice":"Forget","damage_taken":0,"max_hp_gain":0,"max_hp_loss":0,"event_name":"Living Wall","floor":11,"gold_loss":0}],"is_beta":false,"boss_relics":[],"items_purged_floors":[],"is_endless":false,"potions_floor_spawned":[1,12],"killed_by":"Slime Boss","ascension_level":18}