{"gold_per_floor":[119,119,134,134,150,150,181,181,181,181,205,224,224,224,224,352,352,368,384,384,398,398,398,431,431],"floor_reached":25,"playtime":1905,"items_purged":[],"score":243,"play_id":"67e7c5dc-6998-4cb7-acca-1b8e9d346b34","local_time":"20180821212538","is_ascension_mode":true,"campfire_choices":[{"floor":6.0,"key":"REST"},{"data":"Strike_B","floor":8.0,"key":"PURGE"},{"data":"Dualcast","floor":10.0,"key":"SMITH"},{"floor":13.0,"key":"REST"},{"data":"White Noise","floor":15.0,"key":"SMITH"},{"data":"Strike_B+1","floor":23,"key":"PURGE"}],"neow_cost":"","seed_source_timestamp":0,"circlet_count":0,"master_deck":["Strike_B+1","Strike_B+1","Defend_B+1","Defend_B+1","Defend_B+1","Defend_B+1","Zap+1","Dualcast+1","Consume","Cold Snap","White Noise+1","Cold Snap","Glacier","Melter+1","Core Surge+1","Genetic Algorithm","Defragment+1","Ball Lightning","Conserve Battery+1"],"special_seed":0,"relics":["Cracked Core","Golden Idol","Peace Pipe","Girya","Runic Dome","Whetstone"],"potions_floor_usage":[],"damage_taken":[{"damage":2.0,"enemies":"Jaw Worm","floor":1.0,"turns":3.0},{"damage":6.0,"enemies":"Cultist","floor":3.0,"turns":3.0},{"damage":8.0,"enemies":"2 Louse","floor":5.0,"turns":2.0},{"damage":29.0,"enemies":"Lagavulin","floor":7.0,"turns":7.0},{"damage":7.0,"enemies":"Large Slime","floor":11.0,"turns":5.0},{"damage":13.0,"enemies":"Looter","floor":12.0,"turns":3.0},{"damage":35.0,"enemies":"The Guardian","floor":16.0,"turns":13.0},{"damage":7,"enemies":"Chosen","floor":18,"turns":4},{"damage":0,"enemies":"Spheric Guardian","floor":19,"turns":2},{"damage":24,"enemies":"Snake Plant","floor":21,"turns":5},{"damage":41,"enemies":"Gremlin Leader","floor":24,"turns":7},{"damage":11,"enemies":"Sentry and Sphere","floor":25,"turns":2}],"seed_played":"-8995625621271284222","potions_obtained":[{"floor":1.0,"key":"LiquidBronze"},{"floor":16.0,"key":"SneckoOil"},{"floor":19,"key":"SneckoOil"},{"floor":21,"key":"Explosive Potion"}],"is_trial":false,"path_per_floor":["M","?","M","?","M","R","E","R","T","R","M","M","R","?","R","B",null,"M","M","?","M","?","R","E"],"character_chosen":"DEFECT","items_purchased":[],"campfire_rested":2,"item_purchase_floors":[],"current_hp_per_floor":[73,73,67,49,41,63,34,34,34,34,27,14,36,61,61,26,75,68,75,75,51,51,51,10,0],"gold":431,"neow_bonus":"","is_prod":false,"is_daily":false,"chose_seed":false,"campfire_upgraded":2,"win_rate":0,"timestamp":1534904738,"path_taken":["M","?","?","?","M","R","E","R","T","R","M","M","R","?","R","BOSS","M","M","?","M","?","R","E","M"],"build_version":"2018-08-16","purchased_purges":0,"victory":false,"max_hp_per_floor":[75,75,75,75,75,75,75,75,75,75,75,75,75,75,75,75,75,75,75,75,75,75,75,75,75],"card_choices":[{"not_picked":["Compile Driver","Sweeping Beam"],"picked":"Consume","floor":1.0},{"not_picked":["Rebound","Sweeping Beam"],"picked":"Cold Snap","floor":3.0},{"not_picked":["Static Discharge","Gash"],"picked":"White Noise","floor":5.0},{"not_picked":["Turbo","Steam"],"picked":"Cold Snap","floor":7.0},{"not_picked":["Coolheaded","Leap"],"picked":"Glacier","floor":11.0},{"not_picked":["Turbo","Self Repair"],"picked":"Melter","floor":12.0},{"not_picked":["Thunder Strike","Reboot"],"picked":"Core Surge","floor":16.0},{"not_picked":["Rip and Tear+1","Conserve Battery"],"picked":"Genetic Algorithm","floor":18},{"not_picked":["Reinforced Body+1","Streamline"],"picked":"Defragment+1","floor":19},{"not_picked":["Sweeping Beam","Conserve Battery"],"picked":"Ball Lightning","floor":21},{"not_picked":["Stack","Steam"],"picked":"Conserve Battery+1","floor":24}],"player_experience":183735,"relics_obtained":[{"floor":7.0,"key":"Peace Pipe"},{"floor":9.0,"key":"Girya"},{"floor":24,"key":"Whetstone"}],"event_choices":[{"event_name":"Upgrade Shrine","player_choice":"Upgraded","floor":2.0,"damage_taken":0.0},{"event_name":"Golden Idol","player_choice":"Take Damage","floor":4.0,"damage_taken":0.0},{"event_name":"Big Fish","player_choice":"Banana","floor":14.0,"damage_taken":0.0},{"event_name":"Drug Dealer","player_choice":"Ignored","floor":20,"damage_taken":0},{"event_name":"Back to Basics","player_choice":"Simplicity","floor":22,"damage_taken":0}],"is_beta":false,"boss_relics":[{"not_picked":["Coffee Dripper","Tiny House"],"picked":"Runic Dome"}],"items_purged_floors":[],"is_endless":false,"potions_floor_spawned":[1,16,19,21],"killed_by":"Sentry and Sphere","ascension_level":2}