{"gold_per_floor":[112,112,132,132,18,18,47,47,73,73,85,85,85,113,113,209,209,221,491,509,315,331,331,364,379,404,404,404,404,70,70,70,174,174,184,184,184,184,198,198],"floor_reached":40,"playtime":2121,"items_purged":["Regret","Defend_R"],"score":657,"play_id":"3a5f1c0f-dd68-4ffc-b17b-9d064e5aeee9","local_time":"20180914122448","is_ascension_mode":true,"campfire_choices":[{"data":"Inflame","floor":6.0,"key":"SMITH"},{"floor":8.0,"key":"REST"},{"data":"Disarm","floor":13.0,"key":"SMITH"},{"data":"Iron Wave","floor":15.0,"key":"SMITH"},{"floor":23.0,"key":"REST"},{"data":"Spot Weakness","floor":28.0,"key":"SMITH"},{"data":"Flex","floor":32.0,"key":"SMITH"}],"neow_cost":"NONE","seed_source_timestamp":0,"circlet_count":0,"master_deck":["Defend_R","Defend_R","Defend_R","Bash","AscendersBane","Reaper","Disarm+1","Iron Wave","Inflame+1","Iron Wave+1","Impervious","Double Tap+1","Spot Weakness+1","Iron Wave","Bite","Bite","Bite","Bite","Bite","Battle Trance","Flex+1"],"special_seed":0,"relics":["Burning Blood","Unceasing Top","Meat on the Bone","Juzu Bracelet","Vajra","Busted Crown","HandDrill","Boot","Smiling Mask","Dodecahedron","Mummified Hand","Cursed Key"],"potions_floor_usage":[],"damage_taken":[{"damage":14.0,"enemies":"Jaw Worm","floor":1.0,"turns":5.0},{"damage":20.0,"enemies":"2 Louse","floor":3.0,"turns":5.0},{"damage":53.0,"enemies":"Lagavulin","floor":7.0,"turns":9.0},{"damage":3.0,"enemies":"Cultist","floor":11.0,"turns":4.0},{"damage":45.0,"enemies":"3 Sentries","floor":14.0,"turns":11.0},{"damage":38.0,"enemies":"The Guardian","floor":16.0,"turns":17.0},{"damage":39.0,"enemies":"2 Thieves","floor":18.0,"turns":4.0},{"damage":11.0,"enemies":"Shell Parasite","floor":20.0,"turns":4.0},{"damage":9.0,"enemies":"Snake Plant","floor":22.0,"turns":5.0},{"damage":24.0,"enemies":"Gremlin Leader","floor":24.0,"turns":8.0},{"damage":7.0,"enemies":"Shelled Parasite and Fungi","floor":25.0,"turns":5.0},{"damage":65.0,"enemies":"Automaton","floor":33.0,"turns":10.0},{"damage":22,"enemies":"Orb Walker","floor":35,"turns":3},{"damage":35,"enemies":"3 Shapes","floor":39,"turns":5},{"damage":82,"enemies":"2 Orb Walkers","floor":40,"turns":4}],"seed_played":"-7366492980206762946","potions_obtained":[{"floor":1.0,"key":"Ancient Potion"},{"floor":7.0,"key":"GamblersBrew"},{"floor":14.0,"key":"AttackPotion"},{"floor":18.0,"key":"Dexterity Potion"},{"floor":20.0,"key":"Weak Potion"},{"floor":22.0,"key":"Strength Potion"},{"floor":33.0,"key":"FearPotion"}],"is_trial":false,"path_per_floor":["M","?","M","?","$","R","E","R","T","$","M","$","R","E","R","B",null,"M","?","M","$","M","R","E","M","T","?","R","?","$","T","R","B",null,"M","?","?","?","M"],"character_chosen":"IRONCLAD","items_purchased":["Inflame","HandDrill","Dodecahedron","Flex"],"campfire_rested":2,"item_purchase_floors":[5,21,30,30],"current_hp_per_floor":[64,64,54,47,47,47,10,34,34,34,56,56,56,50,50,35,69,47,15,22,22,36,60,54,80,80,56,56,56,56,56,56,37,51,48,48,48,48,46,0],"gold":198,"neow_bonus":"ONE_RANDOM_RARE_CARD","is_prod":false,"is_daily":false,"chose_seed":false,"campfire_upgraded":5,"win_rate":0,"timestamp":1536945888,"path_taken":["M","?","?","?","$","R","E","R","T","$","M","?","R","E","R","BOSS","M","?","M","?","M","R","E","M","T","?","R","?","$","?","R","BOSS","M","?","?","?","M","E"],"build_version":"2018-09-06","purchased_purges":2,"victory":false,"max_hp_per_floor":[80,80,80,80,80,80,80,80,80,80,80,80,80,80,80,80,80,80,80,80,80,80,80,80,80,80,56,56,56,56,56,56,56,56,56,56,56,56,56,56],"card_choices":[{"not_picked":["Sword Boomerang","Second Wind"],"picked":"Disarm","floor":1.0},{"not_picked":["Evolve","Clothesline"],"picked":"Iron Wave","floor":3.0},{"not_picked":["Rupture","Headbutt"],"picked":"Iron Wave","floor":7.0},{"not_picked":["Clash","Shrug It Off"],"picked":"Impervious","floor":11.0},{"not_picked":["Corruption","Warcry","Rage"],"picked":"SKIP","floor":14.0},{"not_picked":["Brutality","Bludgeon"],"picked":"Double Tap","floor":16.0},{"not_picked":["Warcry"],"picked":"SKIP","floor":18.0},{"not_picked":[],"picked":"Spot Weakness","floor":20.0},{"not_picked":[],"picked":"Iron Wave","floor":22.0},{"not_picked":["Headbutt"],"picked":"SKIP","floor":24.0},{"not_picked":["Clash"],"picked":"SKIP","floor":25.0},{"not_picked":["Headbutt+1"],"picked":"SKIP","floor":35},{"not_picked":["Warcry+1"],"picked":"SKIP","floor":39}],"player_experience":334390,"relics_obtained":[{"floor":7.0,"key":"Meat on the Bone"},{"floor":9.0,"key":"Juzu Bracelet"},{"floor":14.0,"key":"Vajra"},{"floor":24.0,"key":"Boot"},{"floor":26.0,"key":"Smiling Mask"},{"floor":31.0,"key":"Mummified Hand"}],"event_choices":[{"event_name":"Big Fish","player_choice":"Box","floor":2.0,"damage_taken":0.0},{"event_name":"Golden Wing","player_choice":"Card Removal","floor":4.0,"damage_taken":0.0},{"event_name":"Knowing Skull","player_choice":"GOLD GOLD GOLD ","floor":19.0,"damage_taken":0.0},{"event_name":"Vampires","player_choice":"Became a vampire","floor":27.0,"damage_taken":0.0},{"event_name":"The Library","player_choice":"Read","floor":29.0,"damage_taken":0.0},{"event_name":"Accursed Blacksmith","player_choice":"Forge","floor":36,"damage_taken":0},{"event_name":"Mysterious Sphere","player_choice":"Ignore","floor":37,"damage_taken":0},{"event_name":"SecretPortal","player_choice":"Rejected Portal.","floor":38,"damage_taken":0}],"is_beta":false,"boss_relics":[{"not_picked":["Runic Cube","Orrery"],"picked":"Busted Crown"},{"not_picked":["Eternal Feather","Snecko Eye"],"picked":"Cursed Key"}],"items_purged_floors":[5,30],"is_endless":false,"potions_floor_spawned":[1,7,14,16,18,20,22,33],"killed_by":"2 Orb Walkers","ascension_level":11}