{"gold_per_floor":[19,19,32,32,55,55,94,94,121,142,67,67,83,83,83,204,204,222,137,15,15,34,68,92,110,160,285,285,320,339,360,360,484,484,502,32,45,45,0,43,64,64,137,7,21,21,35,60,60,60],"floor_reached":51,"playtime":1922,"items_purged":["Strike_R","Strike_R"],"score":869,"play_id":"c21e9499-1f5c-4e9f-98e2-15eebaded6e8","local_time":"20181212195430","is_ascension_mode":false,"campfire_choices":[{"data":"Searing Blow+1","floor":6,"key":"SMITH"},{"data":"Searing Blow+2","floor":8,"key":"SMITH"},{"data":"Searing Blow+3","floor":15,"key":"SMITH"},{"data":"Warcry","floor":28,"key":"SMITH"},{"data":"Armaments","floor":32,"key":"SMITH"},{"floor":49,"key":"REST"}],"neow_cost":"NO_GOLD","seed_source_timestamp":0,"circlet_count":0,"master_deck":["Strike_R+1","Strike_R+1","Defend_R+1","Defend_R+1","Defend_R+1","Defend_R+1","Bash+1","Madness+1","Madness+1","Thunderclap+1","Searing Blow+5","Disarm+1","Iron Wave+1","Armaments+1","Offering+1","Armaments+1","Thunderclap+1","Warcry+1","Havoc+1","Burning Pact+1","Carnage+1","Corruption+1","Apotheosis+1","Burning Pact+1","Feel No Pain","Reckless Charge","Dark Shackles","Evolve"],"special_seed":0,"relics":["Burning Blood","Golden Idol","Red Skull","War Paint","Matryoshka","Busted Crown","Dead Branch","Ancient Tea Set","Potion Belt","Anchor","StoneCalendar","Bottled Lightning","Gambling Chip","Ginger","Red Mask","Letter Opener","Mark of the Bloom","Dodecahedron","Question Card"],"potions_floor_usage":[7,7,10,23,23,27,27,27,50],"damage_taken":[{"damage":7,"enemies":"Small Slimes","floor":1,"turns":6},{"damage":7,"enemies":"Jaw Worm","floor":3,"turns":5},{"damage":0,"enemies":"2 Louse","floor":5,"turns":2},{"damage":16,"enemies":"Gremlin Nob","floor":7,"turns":4},{"damage":10,"enemies":"Looter","floor":10,"turns":2},{"damage":2,"enemies":"Exordium Thugs","floor":13,"turns":3},{"damage":38,"enemies":"Hexaghost","floor":16,"turns":8},{"damage":8,"enemies":"Chosen","floor":18,"turns":4},{"damage":19,"enemies":"3 Byrds","floor":22,"turns":4},{"damage":19,"enemies":"Book of Stabbing","floor":23,"turns":3},{"damage":28,"enemies":"Shelled Parasite and Fungi","floor":24,"turns":4},{"damage":9,"enemies":"Centurion and Healer","floor":25,"turns":3},{"damage":5,"enemies":"Colosseum Slavers","floor":27,"turns":2},{"damage":6,"enemies":"Colosseum Nobs","floor":27,"turns":2},{"damage":15,"enemies":"Slavers","floor":29,"turns":5},{"damage":6,"enemies":"3 Cultists","floor":30,"turns":2},{"damage":7,"enemies":"Snecko","floor":31,"turns":3},{"damage":13,"enemies":"Automaton","floor":33,"turns":3},{"damage":3,"enemies":"3 Shapes","floor":35,"turns":1},{"damage":7,"enemies":"Orb Walker","floor":37,"turns":2},{"damage":10,"enemies":"Nemesis","floor":40,"turns":5},{"damage":9,"enemies":"Sphere and 2 Shapes","floor":41,"turns":2},{"damage":6,"enemies":"Transient","floor":45,"turns":5},{"damage":6,"enemies":"3 Darklings","floor":47,"turns":3},{"damage":9,"enemies":"Spire Growth","floor":48,"turns":4},{"damage":6,"enemies":"Time Eater","floor":50,"turns":7}],"seed_played":"4931564927270357448","potions_obtained":[{"floor":3,"key":"PowerPotion"},{"floor":5,"key":"PowerPotion"},{"floor":7,"key":"SneckoOil"},{"floor":22,"key":"EntropicBrew"},{"floor":23,"key":"Strength Potion"},{"floor":25,"key":"BloodPotion"},{"floor":33,"key":"Block Potion"},{"floor":37,"key":"Block Potion"},{"floor":41,"key":"LiquidBronze"}],"is_trial":false,"path_per_floor":["M","?","M","?","M","R","E","R","T","M","$","?","M","T","R","B",null,"M","?","$","?","M","E","M","M","T","?","R","E","M","M","R","B",null,"M","$","M","?","?","E","M","?","T","$","M","?","M","M","R","B",null],"character_chosen":"IRONCLAD","items_purchased":["Armaments","Ginger","Apotheosis","Feel No Pain","Swift Potion"],"campfire_rested":1,"item_purchase_floors":[20,36,36,44,44],"current_hp_per_floor":[79,74,73,73,74,74,64,64,64,60,60,65,69,69,69,37,79,77,77,77,77,64,51,29,26,26,34,34,25,25,24,24,17,79,79,79,78,75,75,71,68,68,68,68,62,62,56,47,47,41],"gold":60,"neow_bonus":"RANDOM_COLORLESS_2","is_prod":false,"is_daily":false,"chose_seed":false,"campfire_upgraded":5,"win_rate":0,"timestamp":1544644470,"path_taken":["M","?","M","?","M","R","E","R","T","M","?","?","M","?","R","BOSS","M","?","$","?","M","E","?","M","T","?","R","E","M","M","R","BOSS","M","$","M","?","?","E","M","?","T","$","M","?","?","M","R","BOSS"],"build_version":"2018-12-06","purchased_purges":2,"victory":true,"max_hp_per_floor":[80,74,74,74,74,74,74,74,74,74,74,79,79,79,79,79,79,79,79,79,79,79,79,79,79,79,79,79,79,79,79,79,79,79,79,79,79,75,75,75,75,75,75,75,75,75,75,75,75,75],"card_choices":[{"not_picked":["Second Wind","Reckless Charge"],"picked":"Thunderclap","floor":1},{"not_picked":["Burning Pact","Anger"],"picked":"Searing Blow","floor":3},{"not_picked":["Seeing Red","Twin Strike"],"picked":"Disarm","floor":5},{"not_picked":["Dual Wield","Flex"],"picked":"Iron Wave","floor":7},{"not_picked":["Sword Boomerang","Twin Strike"],"picked":"Armaments","floor":10},{"not_picked":["Clash","Flame Barrier","Sentinel"],"picked":"SKIP","floor":13},{"not_picked":["Demon Form","Berserk"],"picked":"Offering","floor":16},{"not_picked":["Twin Strike"],"picked":"SKIP","floor":18},{"not_picked":[],"picked":"Warcry","floor":22},{"not_picked":[],"picked":"Havoc+1","floor":23},{"not_picked":[],"picked":"Burning Pact+1","floor":24},{"not_picked":["Headbutt"],"picked":"SKIP","floor":25},{"not_picked":[],"picked":"Carnage","floor":29},{"not_picked":["Carnage"],"picked":"SKIP","floor":30},{"not_picked":[],"picked":"Corruption","floor":31},{"not_picked":["Anger"],"picked":"SKIP","floor":35},{"not_picked":["Armaments"],"picked":"SKIP","floor":37},{"not_picked":["Anger"],"picked":"SKIP","floor":40},{"not_picked":[],"picked":"Burning Pact+1","floor":41},{"not_picked":["Armaments"],"picked":"Reckless Charge","floor":45},{"not_picked":["Flash of Steel"],"picked":"Dark Shackles","floor":46},{"not_picked":["Twin Strike+1"],"picked":"Evolve","floor":47},{"not_picked":["Twin Strike+1","Warcry+1"],"picked":"SKIP","floor":48}],"player_experience":257129,"relics_obtained":[{"floor":7,"key":"Red Skull"},{"floor":9,"key":"War Paint"},{"floor":14,"key":"Matryoshka"},{"floor":23,"key":"Ancient Tea Set"},{"floor":26,"key":"Potion Belt"},{"floor":26,"key":"Anchor"},{"floor":27,"key":"StoneCalendar"},{"floor":27,"key":"Bottled Lightning"},{"floor":29,"key":"Gambling Chip"},{"floor":40,"key":"Letter Opener"},{"floor":43,"key":"Dodecahedron"},{"floor":43,"key":"Question Card"}],"event_choices":[{"damage_healed":0,"gold_gain":0,"player_choice":"Lose Max HP","damage_taken":0,"relics_obtained":["Golden Idol"],"max_hp_gain":0,"max_hp_loss":6,"event_name":"Golden Idol","floor":2,"gold_loss":0},{"damage_healed":0,"gold_gain":0,"player_choice":"Grow","damage_taken":0,"max_hp_gain":0,"max_hp_loss":0,"event_name":"Living Wall","floor":4,"gold_loss":0,"cards_upgraded":["Searing Blow"]},{"damage_healed":0,"gold_gain":0,"player_choice":"Donut","damage_taken":0,"max_hp_gain":5,"max_hp_loss":0,"event_name":"Big Fish","floor":12,"gold_loss":0},{"damage_healed":0,"gold_gain":0,"player_choice":"Obtained Relic","damage_taken":0,"relics_obtained":["Dead Branch"],"max_hp_gain":0,"max_hp_loss":0,"event_name":"Addict","floor":19,"gold_loss":85},{"damage_healed":0,"gold_gain":0,"cards_transformed":["Strike_R"],"player_choice":"Transformed","damage_taken":0,"max_hp_gain":0,"max_hp_loss":0,"event_name":"Transmorgrifier","floor":21,"gold_loss":0,"cards_obtained":["Thunderclap"]},{"damage_healed":0,"gold_gain":0,"player_choice":"Fight","damage_taken":0,"max_hp_gain":0,"max_hp_loss":0,"event_name":"Colosseum","floor":27,"gold_loss":0},{"damage_healed":0,"gold_gain":0,"player_choice":"Fought Nobs","damage_taken":0,"max_hp_gain":0,"max_hp_loss":0,"event_name":"Colosseum","floor":27,"gold_loss":0},{"damage_healed":0,"gold_gain":0,"player_choice":"Max HP","damage_taken":0,"max_hp_gain":0,"max_hp_loss":4,"event_name":"Winding Halls","floor":38,"gold_loss":0},{"damage_healed":0,"gold_gain":0,"player_choice":"Paid","damage_taken":0,"relics_obtained":["Red Mask"],"max_hp_gain":0,"max_hp_loss":0,"event_name":"Tomb of Lord Red Mask","floor":39,"gold_loss":45},{"damage_healed":0,"gold_gain":0,"player_choice":"Upgrade","damage_taken":0,"relics_obtained":["Mark of the Bloom"],"max_hp_gain":0,"max_hp_loss":0,"event_name":"MindBloom","floor":42,"gold_loss":0,"cards_upgraded":["Strike_R","Strike_R","Defend_R","Defend_R","Bash","Madness","Madness","Thunderclap","Searing Blow","Disarm","Iron Wave","Offering","Armaments","Thunderclap","Carnage","Corruption","Apotheosis"]},{"damage_healed":0,"gold_gain":0,"player_choice":"Memory 1","damage_taken":0,"max_hp_gain":0,"max_hp_loss":0,"event_name":"SensoryStone","floor":46,"gold_loss":0}],"is_beta":false,"boss_relics":[{"not_picked":["Runic Pyramid","Orrery"],"picked":"Busted Crown"},{"not_picked":["Runic Cube","Black Star","Black Blood"]}],"items_purged_floors":[11,20],"is_endless":false,"potions_floor_spawned":[3,5,7,22,23,25,27,33,37,41],"ascension_level":0}