{"gold_per_floor":[114,114,114,114,133,171,209,247,272,22,60,60,98,117,117,242,242,261,261,286,36,51,51,51,51,76,76,91,91,121,121,121,221,221,236,251,251,281,161,161,161,191,266,296,11,11,11,11,11,11],"floor_reached":51,"playtime":4825,"items_purged":[],"score":856,"play_id":"224fcb2b-3dbc-4a61-8d10-4f20991fe006","local_time":"20190128192543","daily_mods":["Allstar","Flight","DeadlyEvents"],"is_ascension_mode":false,"campfire_choices":[{"floor":12,"key":"REST"},{"floor":15,"key":"REST"},{"data":"Metamorphosis","floor":23,"key":"SMITH"},{"data":"Corruption","floor":24,"key":"SMITH"},{"data":"True Grit","floor":25,"key":"SMITH"},{"data":"Madness","floor":27,"key":"SMITH"},{"data":"Infernal Blade","floor":29,"key":"SMITH"},{"data":"Infernal Blade","floor":32,"key":"SMITH"},{"floor":40,"key":"REST"},{"floor":41,"key":"REST"},{"data":"Dark Embrace","floor":46,"key":"SMITH"},{"data":"Offering","floor":47,"key":"SMITH"},{"data":"Bash","floor":49,"key":"SMITH"}],"neow_cost":"","seed_source_timestamp":0,"circlet_count":0,"master_deck":["Strike_R","Strike_R","Strike_R","Defend_R","Defend_R","Defend_R","Defend_R","Bash+1","Madness+1","Master of Strategy","Metamorphosis+1","Corruption+1","True Grit+1","Dropkick","Dual Wield","Spot Weakness","Infernal Blade+1","Infernal Blade+1","Feel No Pain","Shrug It Off","Inflame+1","Thunderclap","Pommel Strike+1","Offering+1","Madness","Flex+1","Dark Embrace+1","Limit Break"],"special_seed":17925,"relics":["Burning Blood","Bloody Idol","Oddly Smooth Stone","Turnip","Letter Opener","Boot","Mercury Hourglass","Unceasing Top","Pen Nib","Orrery","Red Mask","Paper Frog","Centennial Puzzle","Vajra","Empty Cage","Mummified Hand","Tiny Chest","Smiling Mask","Pantograph","Bag of Preparation","Orichalcum","Pear"],"potions_floor_usage":[16,20,28,35,38,50,50,50],"damage_taken":[{"damage":6,"enemies":"Jaw Worm","floor":1,"turns":3},{"damage":0,"enemies":"Small Slimes","floor":5,"turns":3},{"damage":16,"enemies":"Lagavulin","floor":6,"turns":6},{"damage":24,"enemies":"Gremlin Nob","floor":7,"turns":5},{"damage":25,"enemies":"3 Sentries","floor":8,"turns":7},{"damage":24,"enemies":"Gremlin Nob","floor":11,"turns":4},{"damage":0,"enemies":"Lagavulin","floor":13,"turns":4},{"damage":6,"enemies":"2 Louse","floor":14,"turns":3},{"damage":10,"enemies":"Hexaghost","floor":16,"turns":3},{"damage":19,"enemies":"Shell Parasite","floor":18,"turns":5},{"damage":10,"enemies":"Masked Bandits","floor":20,"turns":3},{"damage":0,"enemies":"Spheric Guardian","floor":22,"turns":3},{"damage":0,"enemies":"Snake Plant","floor":28,"turns":2},{"damage":20,"enemies":"Book of Stabbing","floor":30,"turns":3},{"damage":23,"enemies":"Collector","floor":33,"turns":4},{"damage":12,"enemies":"3 Shapes","floor":35,"turns":1},{"damage":32,"enemies":"3 Darklings","floor":36,"turns":3},{"damage":54,"enemies":"Nemesis","floor":38,"turns":5},{"damage":6,"enemies":"Giant Head","floor":42,"turns":3},{"damage":9,"enemies":"Nemesis","floor":44,"turns":3},{"damage":33,"enemies":"Awakened One","floor":50,"turns":4}],"seed_played":"-7783971571703722258","potions_obtained":[{"floor":1,"key":"SpeedPotion"},{"floor":7,"key":"Ancient Potion"},{"floor":11,"key":"SteroidPotion"},{"floor":14,"key":"GamblersBrew"},{"floor":18,"key":"Ancient Potion"},{"floor":20,"key":"Fire Potion"},{"floor":36,"key":"Regen Potion"},{"floor":38,"key":"SkillPotion"},{"floor":42,"key":"SteroidPotion"},{"floor":44,"key":"FearPotion"}],"is_trial":false,"path_per_floor":["M","?","?","?","M","E","E","E","T","$","E","R","E","M","R","B",null,"M","?","?","$","M","R","R","R","T","R","M","R","E","$","R","B",null,"M","M","?","E","$","R","R","E","T","E","$","R","R","T","R","B",null],"character_chosen":"IRONCLAD","items_purchased":["Mercury Hourglass","Paper Frog","Tiny Chest","Limit Break","Orichalcum"],"campfire_rested":4,"item_purchase_floors":[10,21,39,45,45],"current_hp_per_floor":[80,60,53,80,80,70,52,33,33,33,15,39,45,45,69,65,80,67,67,68,68,79,79,79,79,80,80,80,80,71,71,71,59,80,79,58,58,29,34,58,80,80,80,80,80,80,80,90,90,63],"gold":11,"neow_bonus":"","is_prod":false,"is_daily":true,"chose_seed":false,"campfire_upgraded":9,"win_rate":0,"timestamp":1548732343,"path_taken":["M","?","?","?","M","E","E","E","T","$","?","R","?","?","R","BOSS","M","?","?","?","M","R","R","R","T","R","M","R","?","$","R","BOSS","M","?","?","?","$","R","R","E","T","?","$","R","R","?","R","BOSS"],"build_version":"2019-01-23","purchased_purges":0,"victory":true,"max_hp_per_floor":[80,80,80,80,80,80,80,80,80,80,80,80,80,80,80,80,80,80,80,80,80,80,80,80,80,80,80,80,80,80,80,80,80,80,80,80,80,80,80,80,80,80,80,80,80,80,80,90,90,90],"card_choices":[{"not_picked":["Uppercut","Sentinel"],"picked":"Corruption","floor":1},{"not_picked":["Body Slam","Havoc"],"picked":"True Grit","floor":5},{"not_picked":["Cleave","Rampage"],"picked":"Dropkick","floor":6},{"not_picked":["Whirlwind","Carnage"],"picked":"Dual Wield","floor":7},{"not_picked":["Clothesline","Metallicize","Rampage"],"picked":"SKIP","floor":8},{"not_picked":["Twin Strike","Clothesline","Rampage"],"picked":"SKIP","floor":11},{"not_picked":["Pommel Strike","Dual Wield"],"picked":"Spot Weakness","floor":13},{"not_picked":["Uppercut","Pummel","Clash"],"picked":"SKIP","floor":14},{"not_picked":["Anger","Inflame"],"picked":"Infernal Blade","floor":17},{"not_picked":["Feel No Pain","Corruption"],"picked":"Infernal Blade","floor":17},{"not_picked":["Pummel","Pommel Strike"],"picked":"Feel No Pain","floor":17},{"not_picked":["Flame Barrier","Body Slam"],"picked":"Shrug It Off","floor":18},{"not_picked":["Iron Wave","Flex+1"],"picked":"Inflame+1","floor":22},{"not_picked":["Shrug It Off","Thunderclap","Berserk"],"picked":"SKIP","floor":28},{"not_picked":["Shrug It Off","Berserk"],"picked":"Thunderclap","floor":28},{"not_picked":["Wild Strike","Perfected Strike+1"],"picked":"Pommel Strike+1","floor":30},{"not_picked":["Impervious","Feed"],"picked":"Offering","floor":33},{"not_picked":["Second Wind","Havoc+1","Sword Boomerang+1"],"picked":"SKIP","floor":35},{"not_picked":["Headbutt","Bloodletting","Inflame"],"picked":"SKIP","floor":36},{"not_picked":["Swift Strike","Impatience"],"picked":"Madness","floor":37},{"not_picked":["Reckless Charge","Perfected Strike"],"picked":"Flex+1","floor":38},{"not_picked":["Perfected Strike","Blood for Blood","Iron Wave+1"],"picked":"SKIP","floor":42},{"not_picked":["Clash+1","Bludgeon"],"picked":"Dark Embrace","floor":44}],"player_experience":343432,"relics_obtained":[{"floor":6,"key":"Oddly Smooth Stone"},{"floor":7,"key":"Turnip"},{"floor":8,"key":"Letter Opener"},{"floor":9,"key":"Boot"},{"floor":11,"key":"Unceasing Top"},{"floor":13,"key":"Pen Nib"},{"floor":20,"key":"Red Mask"},{"floor":26,"key":"Centennial Puzzle"},{"floor":30,"key":"Vajra"},{"floor":38,"key":"Mummified Hand"},{"floor":42,"key":"Smiling Mask"},{"floor":43,"key":"Pantograph"},{"floor":44,"key":"Bag of Preparation"},{"floor":48,"key":"Pear"}],"event_choices":[{"damage_healed":0,"gold_gain":0,"player_choice":"Take Damage","damage_taken":20,"relics_obtained":["Golden Idol"],"max_hp_gain":0,"max_hp_loss":0,"event_name":"Golden Idol","floor":2,"gold_loss":0},{"cards_removed":["Enlightenment"],"damage_healed":0,"gold_gain":0,"player_choice":"Card Removal","damage_taken":7,"max_hp_gain":0,"max_hp_loss":0,"event_name":"Golden Wing","floor":3,"gold_loss":0},{"cards_removed":["Finesse"],"damage_healed":27,"gold_gain":0,"player_choice":"Offered Uncommon","damage_taken":0,"max_hp_gain":0,"max_hp_loss":0,"event_name":"Bonfire Elementals","floor":4,"gold_loss":0},{"damage_healed":0,"gold_gain":0,"player_choice":"Gave Idol","damage_taken":0,"relics_obtained":["Bloody Idol"],"max_hp_gain":0,"max_hp_loss":0,"event_name":"Forgotten Altar","floor":19,"relics_lost":["Golden Idol"],"gold_loss":0},{"damage_healed":0,"gold_gain":0,"player_choice":"Fought Bandits","damage_taken":0,"max_hp_gain":0,"max_hp_loss":0,"event_name":"Masked Bandits","floor":20,"gold_loss":0},{"damage_healed":0,"gold_gain":0,"player_choice":"Memory 1","damage_taken":0,"max_hp_gain":0,"max_hp_loss":0,"event_name":"SensoryStone","floor":37,"gold_loss":0}],"is_beta":false,"boss_relics":[{"not_picked":["Busted Crown","Mark of Pain"],"picked":"Orrery"},{"not_picked":["Lizard Tail","Tiny House"],"picked":"Empty Cage"}],"items_purged_floors":[],"is_endless":false,"potions_floor_spawned":[1,7,11,14,18,20,36,38,42,44],"ascension_level":0}