{"gold_per_floor":[109,109,109,123,142,142,162,162,162,162,162,175,201,100,100,200,200,217,217,217,233,244,244,244],"floor_reached":24,"playtime":1170,"items_purged":["Strike_R"],"score":339,"play_id":"4c206fbe-0328-492e-85c2-79d9bd2d2580","local_time":"20190110001052","is_ascension_mode":true,"campfire_choices":[{"data":"Pummel","floor":6,"key":"SMITH"},{"data":"Disarm","floor":8,"key":"SMITH"},{"data":"Pommel Strike","floor":11,"key":"SMITH"},{"data":"Sword Boomerang","floor":15,"key":"SMITH"},{"data":"Barricade","floor":23,"key":"SMITH"}],"neow_cost":"NONE","seed_source_timestamp":715463354258534,"circlet_count":0,"master_deck":["AscendersBane","Strike_R","Strike_R","Strike_R","Strike_R","Defend_R","Defend_R","Defend_R","Bash","Pummel+1","Pommel Strike+1","Thunderclap","Disarm+1","Shockwave","Sword Boomerang+1","Pommel Strike","Barricade+1","Sword Boomerang","Iron Wave","Seeing Red","Armaments","Power Through","Ghostly","Ghostly","Ghostly","Ghostly","Ghostly","Battle Trance","Armaments"],"relics":["Burning Blood","Dream Catcher","Boot","Gremlin Horn","Bag of Preparation","Orrery"],"potions_floor_usage":[12,16,18],"damage_taken":[{"damage":2,"enemies":"Jaw Worm","floor":1,"turns":3},{"damage":0,"enemies":"Small Slimes","floor":4,"turns":2},{"damage":0,"enemies":"Cultist","floor":5,"turns":2},{"damage":13,"enemies":"3 Louse","floor":7,"turns":3},{"damage":0,"enemies":"Lots of Slimes","floor":12,"turns":1},{"damage":43,"enemies":"Gremlin Nob","floor":13,"turns":5},{"damage":18,"enemies":"Hexaghost","floor":16,"turns":10},{"damage":55,"enemies":"Spheric Guardian","floor":18,"turns":6},{"damage":19,"enemies":"Shell Parasite","floor":21,"turns":9},{"damage":13,"enemies":"Chosen and Byrds","floor":22,"turns":7},{"damage":20,"enemies":"Book of Stabbing","floor":24,"turns":8}],"seed_played":"-144395202464039535","potions_obtained":[{"floor":1,"key":"EssenceOfSteel"},{"floor":4,"key":"Strength Potion"},{"floor":12,"key":"AttackPotion"},{"floor":18,"key":"SteroidPotion"}],"is_trial":false,"path_per_floor":["M","?","?","M","M","R","M","R","T","?","R","M","E","$","R","B",null,"M","?","?","M","M","R","E"],"character_chosen":"IRONCLAD","items_purchased":["Pommel Strike"],"campfire_rested":0,"item_purchase_floors":[14],"current_hp_per_floor":[76,69,62,68,74,74,67,67,67,59,59,65,28,28,28,16,64,15,15,40,27,20,20,0],"gold":244,"neow_bonus":"RANDOM_COMMON_RELIC","is_prod":false,"is_daily":false,"chose_seed":false,"campfire_upgraded":5,"win_rate":0,"timestamp":1547100652,"path_taken":["M","?","?","M","M","R","M","R","T","?","R","?","E","$","R","BOSS","M","?","?","?","M","R","E"],"build_version":"2019-01-03v4","purchased_purges":1,"victory":false,"max_hp_per_floor":[80,80,80,80,80,80,80,80,80,80,80,80,80,80,80,80,80,80,40,40,40,40,40,40],"card_choices":[{"not_picked":["Metallicize","Shrug It Off"],"picked":"Pummel","floor":1},{"not_picked":["Sentinel","Intimidate"],"picked":"Pommel Strike","floor":4},{"not_picked":["Warcry","Headbutt"],"picked":"Thunderclap","floor":5},{"not_picked":["Anger","Inflame"],"picked":"Disarm","floor":7},{"not_picked":["Clothesline","Headbutt"],"picked":"Shockwave","floor":12},{"not_picked":["Reckless Charge","Whirlwind"],"picked":"Sword Boomerang","floor":13},{"not_picked":["Fiend Fire","Dark Embrace"],"picked":"Barricade","floor":16},{"not_picked":["Pommel Strike","Burning Pact"],"picked":"Sword Boomerang","floor":17},{"not_picked":["Headbutt","Metallicize"],"picked":"Iron Wave","floor":17},{"not_picked":["Fire Breathing","Havoc"],"picked":"Seeing Red","floor":17},{"not_picked":["Battle Trance","Clash"],"picked":"Armaments","floor":17},{"not_picked":["Havoc","Rampage"],"picked":"Power Through","floor":18},{"not_picked":["Iron Wave","Armaments"],"picked":"Battle Trance","floor":21},{"not_picked":["Dropkick","Hemokinesis","Armaments"],"picked":"SKIP","floor":22},{"not_picked":["Dropkick","Hemokinesis"],"picked":"Armaments","floor":22}],"player_experience":467969,"relics_obtained":[{"floor":9,"key":"Gremlin Horn"},{"floor":13,"key":"Bag of Preparation"}],"event_choices":[{"cards_removed":["Defend_R"],"damage_healed":0,"gold_gain":0,"player_choice":"Card Removal","damage_taken":7,"max_hp_gain":0,"max_hp_loss":0,"event_name":"Golden Wing","floor":2,"gold_loss":0},{"damage_healed":0,"gold_gain":0,"player_choice":"Success","damage_taken":7,"relics_obtained":["Boot"],"max_hp_gain":0,"max_hp_loss":0,"event_name":"Scrap Ooze","floor":3,"gold_loss":0},{"damage_healed":0,"gold_gain":0,"player_choice":"Damaged","damage_taken":8,"max_hp_gain":0,"max_hp_loss":0,"event_name":"Wheel of Change","floor":10,"gold_loss":0},{"damage_healed":0,"gold_gain":0,"player_choice":"Became a Ghost","damage_taken":0,"max_hp_gain":0,"max_hp_loss":40,"event_name":"Ghosts","floor":19,"gold_loss":0,"cards_obtained":["Ghostly","Ghostly","Ghostly","Ghostly","Ghostly"]},{"damage_healed":25,"gold_gain":0,"player_choice":"Full Heal","damage_taken":0,"max_hp_gain":0,"max_hp_loss":0,"event_name":"Wheel of Change","floor":20,"gold_loss":0}],"is_beta":false,"boss_relics":[{"not_picked":["Black Blood","Calling Bell"],"picked":"Orrery"}],"items_purged_floors":[14],"is_endless":false,"potions_floor_spawned":[1,4,7,12,18],"killed_by":"Book of Stabbing","ascension_level":12}