{"gold_per_floor":[111,111,211,224,241,241,256,256,307,325,81,81,10,25,25,123,123,141,41,41,58,58,91,109,109,109,109,129,129,33,33],"floor_reached":31,"playtime":720,"items_purged":["Setup","Masterful Stab","Finisher"],"score":380,"play_id":"f11886c4-4759-4189-8939-98d1874764af","local_time":"20181212211515","is_ascension_mode":true,"campfire_choices":[{"data":"Poisoned Stab","floor":6,"key":"SMITH"},{"data":"Caltrops","floor":8,"key":"SMITH"},{"data":"Noxious Fumes","floor":12,"key":"SMITH"},{"data":"Neutralize","floor":15,"key":"SMITH"},{"data":"Malaise","floor":25,"key":"SMITH"},{"floor":29,"key":"REST"}],"neow_cost":"NONE","seed_source_timestamp":9843627342852,"circlet_count":0,"master_deck":["AscendersBane","Survivor","Neutralize+1","Footwork","Cloak And Dagger","Terror","Outmaneuver","Leg Sweep","Bane","Noxious Fumes+1","Poisoned Stab+1","Caltrops+1","Backflip","Finesse","Noxious Fumes","Noxious Fumes","Deflect","Malaise+1","Poisoned Stab","Catalyst","Well Laid Plans","Deflect"],"relics":["Pandora\u0027s Box","Snake Skull","Runic Dome","Smiling Mask","Pantograph"],"potions_floor_usage":[14],"damage_taken":[{"damage":0,"enemies":"Small Slimes","floor":1,"turns":3},{"damage":0,"enemies":"Cultist","floor":4,"turns":3},{"damage":0,"enemies":"2 Louse","floor":5,"turns":3},{"damage":0,"enemies":"Large Slime","floor":7,"turns":5},{"damage":0,"enemies":"Blue Slaver","floor":10,"turns":3},{"damage":6,"enemies":"3 Louse","floor":14,"turns":3},{"damage":8,"enemies":"Hexaghost","floor":16,"turns":7},{"damage":0,"enemies":"3 Byrds","floor":18,"turns":2},{"damage":32,"enemies":"Colosseum Slavers","floor":20,"turns":4},{"damage":9,"enemies":"Spheric Guardian","floor":21,"turns":4},{"damage":11,"enemies":"Gremlin Leader","floor":23,"turns":5},{"damage":14,"enemies":"Centurion and Healer","floor":24,"turns":5},{"damage":8,"enemies":"Cultist and Chosen","floor":28,"turns":5},{"damage":31,"enemies":"Slavers","floor":31,"turns":2}],"seed_played":"3359994425800608075","potions_obtained":[{"floor":1,"key":"Dexterity Potion"},{"floor":4,"key":"Swift Potion"},{"floor":23,"key":"SteroidPotion"}],"is_trial":false,"path_per_floor":["M","?","?","M","M","R","M","R","T","M","$","R","$","M","R","B",null,"M","$","?","M","?","E","M","R","T","?","M","R","$","E"],"character_chosen":"THE_SILENT","items_purchased":["Finesse","Noxious Fumes","Noxious Fumes","Deflect"],"campfire_rested":1,"item_purchase_floors":[11,11,13,30],"current_hp_per_floor":[63,68,68,68,68,68,68,68,68,68,68,68,68,62,62,54,70,70,70,38,29,54,43,29,29,29,15,7,31,31,0],"gold":33,"neow_bonus":"BOSS_RELIC","is_prod":false,"is_daily":false,"chose_seed":false,"campfire_upgraded":5,"win_rate":0,"timestamp":1544649315,"path_taken":["M","?","?","M","M","R","?","R","T","M","$","R","?","M","R","BOSS","M","$","?","M","?","E","M","R","T","?","M","R","?","E"],"build_version":"2018-12-06","purchased_purges":3,"victory":false,"max_hp_per_floor":[70,75,75,75,75,75,75,75,75,75,75,75,75,75,75,75,75,75,75,75,75,75,75,75,75,75,80,80,80,80,80],"card_choices":[{"not_picked":["Underhanded Strike","Outmaneuver","Sucker Punch"],"picked":"SKIP","floor":1},{"not_picked":["Acrobatics","Choke"],"picked":"Poisoned Stab","floor":4},{"not_picked":["Bane","Blade Dance"],"picked":"Caltrops","floor":5},{"not_picked":["Quick Slash","Well Laid Plans"],"picked":"Backflip","floor":7},{"not_picked":["Dagger Throw","Venomology","Finisher"],"picked":"SKIP","floor":10},{"not_picked":["Sucker Punch","Blade Dance"],"picked":"Deflect","floor":14},{"not_picked":["Storm of Steel","Tools of the Trade"],"picked":"Malaise","floor":16},{"not_picked":["Blade Dance","Prepared"],"picked":"Poisoned Stab","floor":18},{"not_picked":["Bane","Acrobatics+1","Dodge and Roll"],"picked":"SKIP","floor":21},{"not_picked":["Prepared","Setup+1"],"picked":"Catalyst","floor":23},{"not_picked":["All Out Attack","Dagger Spray+1"],"picked":"Well Laid Plans","floor":24},{"not_picked":["Underhanded Strike+1","Bane","Dagger Spray+1"],"picked":"SKIP","floor":28}],"player_experience":259694,"relics_obtained":[{"floor":9,"key":"Snake Skull"},{"floor":23,"key":"Smiling Mask"},{"floor":26,"key":"Pantograph"}],"event_choices":[{"damage_healed":0,"gold_gain":0,"player_choice":"Donut","damage_taken":0,"max_hp_gain":5,"max_hp_loss":0,"event_name":"Big Fish","floor":2,"gold_loss":0},{"damage_healed":0,"gold_gain":100,"player_choice":"Pray","damage_taken":0,"max_hp_gain":0,"max_hp_loss":0,"event_name":"Golden Shrine","floor":3,"gold_loss":0},{"damage_healed":0,"gold_gain":0,"player_choice":"Fight","damage_taken":0,"max_hp_gain":0,"max_hp_loss":0,"event_name":"Colosseum","floor":20,"gold_loss":0},{"damage_healed":0,"gold_gain":0,"player_choice":"Fled From Nobs","damage_taken":0,"max_hp_gain":0,"max_hp_loss":0,"event_name":"Colosseum","floor":20,"gold_loss":0},{"damage_healed":25,"gold_gain":0,"player_choice":"Heal","damage_taken":0,"max_hp_gain":0,"max_hp_loss":0,"event_name":"The Library","floor":22,"gold_loss":0},{"damage_healed":0,"gold_gain":0,"player_choice":"Shed Blood","damage_taken":19,"max_hp_gain":5,"max_hp_loss":0,"event_name":"Forgotten Altar","floor":27,"gold_loss":0}],"is_beta":false,"boss_relics":[{"not_picked":["Coffee Dripper","Eternal Feather"],"picked":"Runic Dome"}],"items_purged_floors":[11,19,30],"is_endless":false,"potions_floor_spawned":[1,4,5,23,28],"killed_by":"Slavers","ascension_level":11}