{"gold_per_floor":[111,111,125,125,137,137,147,175,175,175,186,186,213,226,226,300,300,314,331,99,119,134,134,134,134,134,160,10,10,36,53,53,53],"floor_reached":33,"playtime":2360,"items_purged":[],"score":564,"play_id":"8660bdce-2f84-4929-aa26-278a55577864","local_time":"20190123224309","is_ascension_mode":true,"campfire_choices":[{"data":"Dagger Spray","floor":6,"key":"SMITH"},{"floor":10,"key":"REST"},{"floor":12,"key":"REST"},{"data":"Neutralize","floor":15,"key":"SMITH"},{"floor":23,"key":"REST"},{"floor":29,"key":"REST"},{"floor":32,"key":"REST"}],"neow_cost":"NONE","seed_source_timestamp":18989618624071,"circlet_count":0,"master_deck":["AscendersBane","Defend_G","Defend_G","Defend_G+1","Defend_G+1","Defend_G","Strike_G","Strike_G","Strike_G","Strike_G","Strike_G","Survivor","Neutralize+1","Leg Sweep","Dagger Spray+1","Slice","Quick Slash","Dash","Poisoned Stab","Leg Sweep","Corpse Explosion","Caltrops","Well Laid Plans","Terror"],"relics":["Ring of the Snake","Bag of Marbles","Pen Nib","Paper Crane","Lizard Tail","Bottled Tornado","Strawberry","Bronze Scales"],"potions_floor_usage":[8,16,16,20,27,27],"damage_taken":[{"damage":0,"enemies":"Small Slimes","floor":1,"turns":4},{"damage":0,"enemies":"2 Louse","floor":3,"turns":3},{"damage":4,"enemies":"Cultist","floor":5,"turns":4},{"damage":5,"enemies":"Exordium Wildlife","floor":7,"turns":9},{"damage":7,"enemies":"3 Sentries","floor":8,"turns":8},{"damage":0,"enemies":"Large Slime","floor":11,"turns":5},{"damage":28,"enemies":"Gremlin Nob","floor":13,"turns":4},{"damage":0,"enemies":"3 Louse","floor":14,"turns":3},{"damage":13,"enemies":"The Guardian","floor":16,"turns":19},{"damage":9,"enemies":"Spheric Guardian","floor":18,"turns":6},{"damage":10,"enemies":"Chosen","floor":19,"turns":7},{"damage":4,"enemies":"Snake Plant","floor":21,"turns":7},{"damage":1,"enemies":"3 Cultists","floor":22,"turns":3},{"damage":14,"enemies":"Slavers","floor":27,"turns":4},{"damage":20,"enemies":"Gremlin Leader","floor":30,"turns":7},{"damage":0,"enemies":"Snecko","floor":31,"turns":5},{"damage":126,"enemies":"Collector","floor":33,"turns":14}],"seed_played":"-2482610513475202093","potions_obtained":[{"floor":0,"key":"GhostInAJar"},{"floor":0,"key":"GamblersBrew"},{"floor":1,"key":"GhostInAJar"},{"floor":11,"key":"Regen Potion"},{"floor":19,"key":"Fire Potion"}],"is_trial":false,"path_per_floor":["M","?","M","?","M","R","M","E","T","R","M","R","E","M","R","B",null,"M","M","$","M","M","R","?","?","T","E","$","R","E","M","R","B"],"character_chosen":"THE_SILENT","items_purchased":["Well Laid Plans","Fruit Juice","PowerPotion","Bronze Scales"],"campfire_rested":5,"item_purchase_floors":[20,20,20,28],"current_hp_per_floor":[59,39,39,35,31,31,26,19,19,38,38,57,29,29,29,31,57,48,38,43,39,38,59,59,39,39,32,32,56,36,36,60,0],"gold":53,"neow_bonus":"THREE_SMALL_POTIONS","is_prod":false,"is_daily":false,"chose_seed":false,"campfire_upgraded":2,"win_rate":0,"timestamp":1548301389,"path_taken":["M","?","M","?","M","R","M","E","T","R","M","R","E","?","R","BOSS","M","M","$","M","M","R","?","?","T","E","$","R","E","M","R","BOSS"],"build_version":"2019-01-23","purchased_purges":0,"victory":false,"max_hp_per_floor":[66,66,66,66,66,66,66,66,66,66,66,66,66,66,66,66,66,66,66,71,71,71,71,71,76,76,83,83,83,83,83,83,83],"card_choices":[{"not_picked":["Flying Knee","Masterful Stab"],"picked":"Leg Sweep","floor":1},{"not_picked":["Dagger Throw","Finisher"],"picked":"Dagger Spray","floor":3},{"not_picked":["Underhanded Strike","Deflect"],"picked":"Slice","floor":5},{"not_picked":["Distraction","Cloak And Dagger"],"picked":"Quick Slash","floor":7},{"not_picked":["Poisoned Stab","Tactician"],"picked":"Dash","floor":8},{"not_picked":["Infinite Blades","Dagger Spray","Phantasmal Killer"],"picked":"SKIP","floor":11},{"not_picked":["Expertise","Blur"],"picked":"Poisoned Stab","floor":13},{"not_picked":["Reflex","Underhanded Strike"],"picked":"Leg Sweep","floor":14},{"not_picked":["Unload","After Image"],"picked":"Corpse Explosion","floor":16},{"not_picked":["Concentrate","Setup"],"picked":"Caltrops","floor":18},{"not_picked":["Blade Dance","Cloak And Dagger","Expertise"],"picked":"SKIP","floor":19},{"not_picked":["Accuracy","Skewer","Prepared"],"picked":"SKIP","floor":21},{"not_picked":["Blur","Blade Dance"],"picked":"Terror","floor":22},{"not_picked":["Dagger Spray","Prepared","Deflect"],"picked":"SKIP","floor":27},{"not_picked":["Expertise","Glass Knife","Caltrops"],"picked":"SKIP","floor":30},{"not_picked":["Outmaneuver","Cloak And Dagger","Eviscerate"],"picked":"SKIP","floor":31}],"player_experience":505850,"relics_obtained":[{"floor":8,"key":"Bag of Marbles"},{"floor":9,"key":"Pen Nib"},{"floor":13,"key":"Paper Crane"},{"floor":26,"key":"Bottled Tornado"},{"floor":27,"key":"Strawberry"}],"event_choices":[{"damage_healed":0,"gold_gain":0,"player_choice":"Entered Light","damage_taken":20,"max_hp_gain":0,"max_hp_loss":0,"event_name":"Shining Light","floor":2,"gold_loss":0,"cards_upgraded":["Defend_G","Defend_G"]},{"damage_healed":0,"gold_gain":0,"player_choice":"Bought 0 Potions","damage_taken":0,"max_hp_gain":0,"max_hp_loss":0,"event_name":"The Woman in Blue","floor":4,"gold_loss":0},{"damage_healed":0,"gold_gain":0,"player_choice":"Ignored","damage_taken":0,"max_hp_gain":0,"max_hp_loss":0,"event_name":"The Mausoleum","floor":24,"gold_loss":0},{"damage_healed":0,"gold_gain":0,"player_choice":"Shed Blood","damage_taken":25,"max_hp_gain":5,"max_hp_loss":0,"event_name":"Forgotten Altar","floor":25,"gold_loss":0}],"is_beta":false,"boss_relics":[{"not_picked":["Coffee Dripper","Calling Bell"],"picked":"Lizard Tail"}],"items_purged_floors":[],"is_endless":false,"potions_floor_spawned":[1,3,5,11,13,19,22],"killed_by":"Collector","ascension_level":15}