{"gold_per_floor":[110,126,126,126,126,167,190,190,190,225,225,225],"floor_reached":12,"playtime":939,"items_purged":[],"score":117,"play_id":"65e87d28-4f2d-4d6e-b3e7-328472283524","local_time":"20190124000526","is_ascension_mode":true,"campfire_choices":[{"floor":11,"key":"RECALL"}],"neow_cost":"NONE","seed_source_timestamp":333726130813800,"circlet_count":0,"master_deck":["Strike_R","Strike_R","Strike_R","Strike_R","Defend_R","Defend_R","Defend_R+1","Defend_R+1","Bash","Whirlwind","Battle Trance","Feel No Pain","Armaments"],"relics":["Burning Blood","NeowsBlessing","Golden Idol","Gambling Chip","The Courier"],"potions_floor_usage":[10],"damage_taken":[{"damage":0,"enemies":"Jaw Worm","floor":1,"turns":1},{"damage":0,"enemies":"2 Louse","floor":2,"turns":1},{"damage":0,"enemies":"Lagavulin","floor":6,"turns":1},{"damage":5,"enemies":"Small Slimes","floor":7,"turns":4},{"damage":12,"enemies":"3 Sentries","floor":10,"turns":5},{"damage":64,"enemies":"Lagavulin","floor":12,"turns":12}],"seed_played":"640713142278061901","potions_obtained":[{"floor":2,"key":"PowerPotion"}],"is_trial":false,"path_per_floor":["M","M","?","?","?","E","M","?","T","E","R","E"],"character_chosen":"IRONCLAD","items_purchased":[],"campfire_rested":0,"item_purchase_floors":[],"current_hp_per_floor":[80,80,64,44,49,55,56,56,56,50,50,0],"gold":225,"neow_bonus":"THREE_ENEMY_KILL","is_prod":false,"is_daily":false,"chose_seed":false,"campfire_upgraded":0,"win_rate":0,"timestamp":1548306326,"path_taken":["M","M","?","?","?","E","M","?","T","E","R","E"],"build_version":"2019-01-23","purchased_purges":0,"victory":false,"max_hp_per_floor":[80,80,80,80,85,85,85,85,85,85,85,85],"card_choices":[{"not_picked":["Clash","Body Slam"],"picked":"Whirlwind","floor":1},{"not_picked":["Flex","Intimidate"],"picked":"Battle Trance","floor":2},{"not_picked":["Armaments","Bloodletting"],"picked":"Feel No Pain","floor":6},{"not_picked":["Sever Soul","Seeing Red"],"picked":"Armaments","floor":7},{"not_picked":["Perfected Strike","Wild Strike","Dark Embrace"],"picked":"SKIP","floor":10}],"player_experience":91739,"relics_obtained":[{"floor":6,"key":"Gambling Chip"},{"floor":10,"key":"The Courier"}],"event_choices":[{"damage_healed":0,"gold_gain":0,"player_choice":"Entered Light","damage_taken":16,"max_hp_gain":0,"max_hp_loss":0,"event_name":"Shining Light","floor":3,"gold_loss":0,"cards_upgraded":["Defend_R","Defend_R"]},{"damage_healed":0,"gold_gain":0,"player_choice":"Take Damage","damage_taken":20,"relics_obtained":["Golden Idol"],"max_hp_gain":0,"max_hp_loss":0,"event_name":"Golden Idol","floor":4,"gold_loss":0},{"damage_healed":0,"gold_gain":0,"player_choice":"Donut","damage_taken":0,"max_hp_gain":5,"max_hp_loss":0,"event_name":"Big Fish","floor":5,"gold_loss":0},{"cards_removed":["Strike_R"],"damage_healed":0,"gold_gain":0,"player_choice":"Forget","damage_taken":0,"max_hp_gain":0,"max_hp_loss":0,"event_name":"Living Wall","floor":8,"gold_loss":0}],"is_beta":false,"boss_relics":[],"items_purged_floors":[],"is_endless":false,"potions_floor_spawned":[2],"killed_by":"Lagavulin","ascension_level":1}