{"gold_per_floor":[114,289,300,317,7,7,39,51,132,163,201,230,277,309,321,406,418,343,343,343,343,49,49,49,49,49,49,49,49,49,49,49,49,49,49,49,49,49,49,49,49,49,49,49,49,49,49,49,49,49],"floor_reached":50,"playtime":3917,"items_purged":["Doubt"],"score":987,"play_id":"e3991690-17bf-4ac1-b6f9-601b63742c44","local_time":"20190121183114","is_ascension_mode":true,"campfire_choices":[{"data":"Infinite Blades","floor":6,"key":"SMITH"},{"floor":8,"key":"REST"},{"data":"Well Laid Plans","floor":15,"key":"SMITH"},{"floor":23,"key":"REST"},{"floor":30,"key":"REST"},{"data":"Finisher","floor":32,"key":"SMITH"},{"floor":40,"key":"REST"},{"floor":44,"key":"REST"},{"floor":49,"key":"REST"}],"neow_cost":"NONE","seed_source_timestamp":149169842908828,"circlet_count":0,"master_deck":["AscendersBane","Defend_G","Defend_G","Defend_G","Defend_G","Strike_G","Strike_G","Strike_G","Strike_G","Survivor","Neutralize","PiercingWail","Slice","Quick Slash","Infinite Blades+1","Leg Sweep","Terror","Finisher+1","Well Laid Plans+1","Dodge and Roll","Blur","Venomology","Leg Sweep+1","Cloak And Dagger","Blade Dance","Cloak And Dagger","Dagger Spray","Adrenaline","Endless Agony","Deflect","Deflect+1","Adrenaline","Parasite","PiercingWail+1"],"relics":["Ring of the Snake","Boot","Vajra","MawBank","Kunai","Oddly Smooth Stone","StoneCalendar","Ectoplasm","Du-Vu Doll","Ice Cream","Dodecahedron","Gambling Chip","Happy Flower","Anchor"],"potions_floor_usage":[7,11,13,18,20,21,24,24,25,29,33,33,35,37,37,38,41,46,47,50,50],"damage_taken":[{"damage":0,"enemies":"2 Louse","floor":1,"turns":4},{"damage":0,"enemies":"Small Slimes","floor":3,"turns":4},{"damage":0,"enemies":"Cultist","floor":4,"turns":5},{"damage":25,"enemies":"Lagavulin","floor":7,"turns":8},{"damage":5,"enemies":"Gremlin Gang","floor":10,"turns":6},{"damage":16,"enemies":"Gremlin Nob","floor":11,"turns":4},{"damage":6,"enemies":"3 Louse","floor":12,"turns":4},{"damage":12,"enemies":"Lagavulin","floor":13,"turns":6},{"damage":1,"enemies":"Exordium Thugs","floor":14,"turns":4},{"damage":0,"enemies":"Hexaghost","floor":16,"turns":8},{"damage":12,"enemies":"2 Thieves","floor":18,"turns":5},{"damage":5,"enemies":"3 Byrds","floor":20,"turns":6},{"damage":0,"enemies":"Centurion and Healer","floor":21,"turns":7},{"damage":0,"enemies":"Snecko","floor":24,"turns":4},{"damage":29,"enemies":"Slavers","floor":25,"turns":7},{"damage":4,"enemies":"Snake Plant","floor":27,"turns":4},{"damage":0,"enemies":"3 Cultists","floor":28,"turns":6},{"damage":0,"enemies":"Centurion and Healer","floor":29,"turns":7},{"damage":0,"enemies":"Cultist and Chosen","floor":31,"turns":7},{"damage":12,"enemies":"Champ","floor":33,"turns":11},{"damage":5,"enemies":"Orb Walker","floor":35,"turns":3},{"damage":18,"enemies":"3 Shapes","floor":37,"turns":7},{"damage":7,"enemies":"Spire Growth","floor":38,"turns":3},{"damage":16,"enemies":"Giant Head","floor":41,"turns":10},{"damage":3,"enemies":"Writhing Mass","floor":42,"turns":7},{"damage":0,"enemies":"Transient","floor":46,"turns":5},{"damage":31,"enemies":"Nemesis","floor":47,"turns":7},{"damage":52,"enemies":"Time Eater","floor":50,"turns":10}],"seed_played":"-4615677133605443726","potions_obtained":[{"floor":3,"key":"EssenceOfSteel"},{"floor":10,"key":"Strength Potion"},{"floor":12,"key":"Poison Potion"},{"floor":13,"key":"Poison Potion"},{"floor":16,"key":"Energy Potion"},{"floor":33,"key":"PowerPotion"},{"floor":35,"key":"Fire Potion"},{"floor":38,"key":"GamblersBrew"},{"floor":46,"key":"Dexterity Potion"}],"is_trial":false,"path_per_floor":["M","?","M","M","$","R","E","R","T","M","E","M","E","M","R","B",null,"M","?","M","M","$","R","M","E","T","M","M","M","R","M","R","B",null,"M","?","M","M","$","R","E","M","T","R","T","M","E","$","R","B"],"character_chosen":"THE_SILENT","items_purchased":["Vajra","Infinite Blades","Du-Vu Doll"],"campfire_rested":6,"item_purchase_floors":[5,5,22],"current_hp_per_floor":[63,63,63,63,63,63,38,59,59,54,38,32,20,19,19,19,57,45,45,40,40,40,61,61,32,32,28,28,28,49,49,49,37,62,57,57,39,32,32,53,37,34,34,55,55,55,24,24,45,0],"gold":49,"neow_bonus":"RANDOM_COMMON_RELIC","is_prod":false,"is_daily":false,"chose_seed":false,"campfire_upgraded":3,"win_rate":0,"timestamp":1548117074,"path_taken":["M","?","M","M","$","R","E","R","T","M","E","M","E","M","R","BOSS","M","?","M","M","$","R","?","E","T","M","M","M","R","?","R","BOSS","M","?","?","M","$","R","E","?","T","R","?","M","E","$","R","BOSS"],"build_version":"2019-01-17v2","purchased_purges":1,"victory":false,"max_hp_per_floor":[70,70,70,70,70,70,70,70,70,70,70,70,70,70,70,70,70,70,70,70,70,70,70,70,70,70,70,70,70,70,70,70,70,70,70,70,70,70,70,70,70,70,70,70,70,70,70,70,70,70],"card_choices":[{"not_picked":["Underhanded Strike","Sucker Punch"],"picked":"PiercingWail","floor":1},{"not_picked":["Prepared","Deadly Poison"],"picked":"Slice","floor":3},{"not_picked":["Blade Dance","Caltrops"],"picked":"Quick Slash","floor":4},{"not_picked":["Underhanded Strike","Sucker Punch"],"picked":"Leg Sweep","floor":7},{"not_picked":["Dagger Spray","Expertise"],"picked":"Terror","floor":10},{"not_picked":["Catalyst","Distraction"],"picked":"Finisher","floor":11},{"not_picked":["Dodge and Roll","Catalyst"],"picked":"Well Laid Plans","floor":12},{"not_picked":["Expertise","Skewer"],"picked":"Dodge and Roll","floor":13},{"not_picked":["Slice","Riddle With Holes"],"picked":"Blur","floor":14},{"not_picked":["Bullet Time","Die Die Die"],"picked":"Venomology","floor":16},{"not_picked":["Prepared","Expertise"],"picked":"Leg Sweep+1","floor":18},{"not_picked":["PiercingWail","Flechettes"],"picked":"Cloak And Dagger","floor":20},{"not_picked":["Bouncing Flask","Outmaneuver","Skewer"],"picked":"SKIP","floor":21},{"not_picked":["Dodge and Roll","Dagger Throw+1"],"picked":"Blade Dance","floor":24},{"not_picked":["Underhanded Strike+1","Phantasmal Killer","Catalyst"],"picked":"SKIP","floor":25},{"not_picked":["Sucker Punch","Underhanded Strike"],"picked":"Cloak And Dagger","floor":27},{"not_picked":["Sucker Punch","Deadly Poison","Dash"],"picked":"SKIP","floor":28},{"not_picked":["All Out Attack","Flying Knee","Flechettes"],"picked":"SKIP","floor":29},{"not_picked":["Dodge and Roll","Outmaneuver"],"picked":"Dagger Spray","floor":31},{"not_picked":["Die Die Die","Phantasmal Killer"],"picked":"Adrenaline","floor":33},{"not_picked":["Catalyst+1","Deadly Poison"],"picked":"Endless Agony","floor":35},{"not_picked":["Slice","Dodge and Roll"],"picked":"Deflect","floor":37},{"not_picked":["Crippling Poison+1","Masterful Stab"],"picked":"Deflect+1","floor":38},{"not_picked":["Prepared+1","Quick Slash"],"picked":"Adrenaline","floor":41},{"not_picked":["Flying Knee","Backstab","All Out Attack"],"picked":"SKIP","floor":42},{"not_picked":["Quick Slash","Poisoned Stab","Riddle With Holes"],"picked":"SKIP","floor":46},{"not_picked":["Deadly Poison+1","Acrobatics"],"picked":"PiercingWail+1","floor":47}],"player_experience":521704,"relics_obtained":[{"floor":7,"key":"MawBank"},{"floor":9,"key":"Kunai"},{"floor":11,"key":"Oddly Smooth Stone"},{"floor":13,"key":"StoneCalendar"},{"floor":25,"key":"Ice Cream"},{"floor":26,"key":"Dodecahedron"},{"floor":41,"key":"Gambling Chip"},{"floor":45,"key":"Happy Flower"},{"floor":47,"key":"Anchor"}],"event_choices":[{"damage_healed":0,"gold_gain":175,"player_choice":"AGREE","damage_taken":0,"max_hp_gain":0,"max_hp_loss":0,"event_name":"Liars Game","floor":2,"gold_loss":0,"cards_obtained":["Doubt"]},{"cards_removed":["Defend_G"],"damage_healed":0,"gold_gain":0,"player_choice":"Card Removal","damage_taken":0,"max_hp_gain":0,"max_hp_loss":0,"event_name":"Wheel of Change","floor":19,"gold_loss":0},{"cards_removed":["Strike_G"],"damage_healed":0,"gold_gain":0,"player_choice":"Offered Basic","damage_taken":0,"max_hp_gain":0,"max_hp_loss":0,"event_name":"Bonfire Elementals","floor":36,"gold_loss":0}],"is_beta":false,"boss_relics":[{"not_picked":["Coffee Dripper","Orrery"],"picked":"Ectoplasm"},{"not_picked":["Busted Crown","Sozu","HoveringKite"]}],"items_purged_floors":[5],"is_endless":false,"potions_floor_spawned":[3,10,12,13,16,18,20,28,33,35,38,46],"killed_by":"Time Eater","ascension_level":13}