{"gold_per_floor":[113,127,127,127,127,127,141,141,141,220,255,255,275,290,290,418,418,436,55,55,7,32,32,52,52,127,142,163,163,186,8,8,128,128,149,173,0,24,48,48,62,101,153,153,166,166,180,195,195,195],"floor_reached":50,"playtime":4957,"items_purged":["Defend_G","Defend_G"],"score":654,"play_id":"030c0825-9ef0-4758-b41a-36780f188062","local_time":"20180826204351","is_ascension_mode":true,"campfire_choices":[{"floor":6,"key":"REST"},{"data":"Dodge and Roll","floor":8,"key":"SMITH"},{"floor":12,"key":"REST"},{"data":"Well Laid Plans","floor":15,"key":"SMITH"},{"data":"Noxious Fumes","floor":23,"key":"SMITH"},{"data":"Deadly Poison","floor":25,"key":"SMITH"},{"data":"Catalyst","floor":32,"key":"SMITH"},{"floor":40,"key":"REST"},{"floor":44,"key":"REST"},{"data":"Burst","floor":46,"key":"SMITH"},{"floor":49,"key":"REST"}],"neow_cost":"TEN_PERCENT_HP_LOSS","seed_source_timestamp":410263874067465,"circlet_count":0,"master_deck":["Defend_G","Defend_G","Defend_G","Strike_G","Strike_G","Strike_G+1","Strike_G","Survivor","Neutralize","Well Laid Plans+1","Dodge and Roll+1","Bane+1","Deflect","Sucker Punch+1","Backflip","Burst+1","Poisoned Stab+1","Leg Sweep","Predator+1","Masterful Stab+1","Sucker Punch+1","Bane+1","Well Laid Plans","Dagger Throw+1","Deadly Poison+1","Noxious Fumes+1","Calculated Gamble","Caltrops","Tactician+1","Catalyst+1","Concentrate","Adrenaline","Deadly Poison","Acrobatics","Dagger Throw+1","Deadly Poison+1","Crippling Poison+1","PiercingWail"],"relics":["Ring of the Snake","Sundial","Golden Idol","Molten Egg 2","Meat on the Bone","Gambling Chip","Orrery","ClockworkSouvenir","Pear","MutagenicStrength","Lizard Tail","Red Mask","Whetstone","Centennial Puzzle"],"potions_floor_usage":[7,16,33,33,36,36,42,50,50,50],"damage_taken":[{"damage":9,"enemies":"Jaw Worm","floor":1,"turns":5},{"damage":2,"enemies":"Small Slimes","floor":2,"turns":4},{"damage":0,"enemies":"2 Louse","floor":7,"turns":2},{"damage":46,"enemies":"Lagavulin","floor":11,"turns":14},{"damage":14,"enemies":"Large Slime","floor":13,"turns":10},{"damage":0,"enemies":"Red Slaver","floor":14,"turns":4},{"damage":33,"enemies":"The Guardian","floor":16,"turns":22},{"damage":0,"enemies":"Chosen","floor":18,"turns":4},{"damage":22,"enemies":"2 Thieves","floor":22,"turns":4},{"damage":6,"enemies":"Snecko","floor":24,"turns":4},{"damage":24,"enemies":"Snake Plant","floor":27,"turns":5},{"damage":9,"enemies":"Centurion and Healer","floor":28,"turns":5},{"damage":0,"enemies":"Cultist and Chosen","floor":30,"turns":4},{"damage":29,"enemies":"Champ","floor":33,"turns":8},{"damage":7,"enemies":"Orb Walker","floor":35,"turns":2},{"damage":44,"enemies":"3 Darklings","floor":36,"turns":4},{"damage":47,"enemies":"Maw","floor":38,"turns":5},{"damage":19,"enemies":"Flame Bruiser 2 Orb","floor":39,"turns":5},{"damage":25,"enemies":"Spire Growth","floor":41,"turns":4},{"damage":21,"enemies":"2 Orb Walkers","floor":42,"turns":4},{"damage":28,"enemies":"4 Shapes","floor":45,"turns":4},{"damage":9,"enemies":"Transient","floor":47,"turns":5},{"damage":27,"enemies":"Maw","floor":48,"turns":7},{"damage":35,"enemies":"Donu and Deca","floor":50,"turns":4}],"seed_played":"-3348939765537484017","potions_obtained":[{"floor":1,"key":"Explosive Potion"},{"floor":13,"key":"Swift Potion"},{"floor":16,"key":"SpeedPotion"},{"floor":18,"key":"EssenceOfSteel"},{"floor":33,"key":"Explosive Potion"},{"floor":35,"key":"Explosive Potion"},{"floor":41,"key":"Swift Potion"},{"floor":42,"key":"Ancient Potion"},{"floor":45,"key":"SteroidPotion"},{"floor":47,"key":"SteroidPotion"}],"is_trial":false,"path_per_floor":["M","M","?","?","?","R","M","R","T","T","E","R","M","M","R","B",null,"M","$","?","$","M","R","M","R","T","M","M","?","M","$","R","B",null,"M","M","?","M","M","R","M","E","T","R","M","R","M","M","R"],"character_chosen":"THE_SILENT","items_purchased":["Well Laid Plans","ClockworkSouvenir","Dagger Throw+1","Deadly Poison","Concentrate"],"campfire_rested":5,"item_purchase_floors":[19,19,19,21,31],"current_hp_per_floor":[54,52,37,30,30,48,48,48,48,48,14,32,30,42,42,21,53,53,53,53,53,43,43,37,37,47,35,38,38,38,38,38,21,60,53,21,21,28,21,42,29,20,20,41,25,25,28,13,34,0],"gold":195,"neow_bonus":"ONE_RARE_RELIC","is_prod":false,"is_daily":false,"chose_seed":false,"campfire_upgraded":6,"win_rate":0,"timestamp":1535334231,"path_taken":["M","M","?","?","?","R","M","R","T","?","E","R","M","?","R","BOSS","M","$","?","?","M","R","M","R","T","M","M","?","M","$","R","BOSS","M","M","?","M","M","R","M","E","T","R","M","R","M","M","R","BOSS"],"build_version":"2018-08-23v2","purchased_purges":2,"victory":false,"max_hp_per_floor":[63,63,63,63,63,63,63,63,63,63,63,63,63,63,63,63,63,63,63,63,63,63,63,63,63,73,73,73,73,73,73,73,73,73,73,73,73,73,73,73,73,73,73,73,73,73,73,73,73,73],"card_choices":[{"not_picked":["Dodge and Roll","Underhanded Strike"],"picked":"Well Laid Plans","floor":1},{"not_picked":["Bane","Slice"],"picked":"Dodge and Roll","floor":2},{"not_picked":["Distraction","Reflex"],"picked":"Bane","floor":7},{"not_picked":["Well Laid Plans","Acrobatics"],"picked":"Deflect","floor":11},{"not_picked":["Dodge and Roll","Underhanded Strike+1"],"picked":"Sucker Punch+1","floor":13},{"not_picked":["Choke+1","Backstab+1"],"picked":"Backflip","floor":14},{"not_picked":["Glass Knife+1","A Thousand Cuts"],"picked":"Burst","floor":16},{"not_picked":["Flying Knee+1","Cloak And Dagger"],"picked":"Poisoned Stab+1","floor":17},{"not_picked":["Backflip","Dagger Spray+1"],"picked":"Leg Sweep","floor":17},{"not_picked":["Backflip","Infinite Blades"],"picked":"Predator+1","floor":17},{"not_picked":["Setup","Underhanded Strike+1"],"picked":"Masterful Stab+1","floor":17},{"not_picked":["Outmaneuver","Cloak And Dagger"],"picked":"Sucker Punch+1","floor":17},{"not_picked":["Dagger Throw+1","Prepared"],"picked":"Bane+1","floor":18},{"not_picked":["Heel Hook+1","Escape Plan"],"picked":"Noxious Fumes","floor":22},{"not_picked":["Dash+1","Cloak And Dagger"],"picked":"Calculated Gamble","floor":24},{"not_picked":["Quick Slash+1","Underhanded Strike+1"],"picked":"Caltrops","floor":27},{"not_picked":["Calculated Gamble","Venomology"],"picked":"Tactician+1","floor":28},{"not_picked":["Cloak And Dagger","Bane+1"],"picked":"Catalyst","floor":30},{"not_picked":["Burst","Phantasmal Killer"],"picked":"Adrenaline","floor":33},{"not_picked":["Riddle With Holes+1","Underhanded Strike+1"],"picked":"Deadly Poison","floor":35},{"not_picked":["Quick Slash+1","Reflex"],"picked":"Acrobatics","floor":36},{"not_picked":["Flying Knee+1","Eviscerate+1","Riddle With Holes+1"],"picked":"SKIP","floor":38},{"not_picked":["Underhanded Strike+1","Backstab+1"],"picked":"Dagger Throw+1","floor":39},{"not_picked":["Underhanded Strike+1","Dagger Spray+1"],"picked":"Deadly Poison+1","floor":41},{"not_picked":["Heel Hook+1","Flying Knee+1"],"picked":"Crippling Poison+1","floor":42},{"not_picked":["Slice+1","Phantasmal Killer"],"picked":"PiercingWail","floor":45},{"not_picked":["Dagger Throw+1","Flechettes+1","Dagger Spray+1"],"picked":"SKIP","floor":47},{"not_picked":["Acrobatics","PiercingWail+1","Blade Dance"],"picked":"SKIP","floor":48}],"player_experience":244451,"relics_obtained":[{"floor":9,"key":"Molten Egg 2"},{"floor":10,"key":"Meat on the Bone"},{"floor":11,"key":"Gambling Chip"},{"floor":26,"key":"Pear"},{"floor":42,"key":"Whetstone"},{"floor":43,"key":"Centennial Puzzle"}],"event_choices":[{"event_name":"Golden Idol","player_choice":"Take Damage","floor":3,"damage_taken":0},{"event_name":"Golden Wing","player_choice":"Card Removal","floor":4,"damage_taken":0},{"event_name":"Liars Game","player_choice":"disagreed","floor":5,"damage_taken":0},{"event_name":"Beggar","player_choice":"Ignored","floor":20,"damage_taken":0},{"event_name":"Drug Dealer","player_choice":"Inject Mutagens","floor":29,"damage_taken":0},{"event_name":"Tomb of Lord Red Mask","player_choice":"Paid","floor":37,"damage_taken":0}],"is_beta":false,"boss_relics":[{"not_picked":["Astrolabe","Ring of the Serpent"],"picked":"Orrery"},{"not_picked":["WristBlade","Black Star"],"picked":"Lizard Tail"}],"items_purged_floors":[19,31],"is_endless":false,"potions_floor_spawned":[1,13,16,18,33,35,41,42,45,47],"killed_by":"Donu and Deca","ascension_level":5}