{"gold_per_floor":[111,30,41,60,20,20,51,71,117,146,156,0,19,31,31,134,134,150,160,23,53,66,97,97,29,56,56,56,74,74,94,94,94],"floor_reached":33,"playtime":1454,"items_purged":["Strike_G","Strike_G"],"score":279,"play_id":"3d272df0-335d-4c38-b6f2-109f52cfb228","local_time":"20190101212753","is_ascension_mode":false,"campfire_choices":[{"data":"Glass Knife","floor":6,"key":"SMITH"},{"data":"Flash of Steel","floor":15,"key":"SMITH"},{"floor":24,"key":"RECALL"},{"data":"RitualDagger","floor":28,"key":"SMITH"},{"data":"Expertise","floor":30,"key":"SMITH"},{"data":"After Image","floor":32,"key":"SMITH"}],"neow_cost":"TEN_PERCENT_HP_LOSS","seed_source_timestamp":15635595069626,"circlet_count":0,"master_deck":["Defend_G","Defend_G","Defend_G","Defend_G","Defend_G","Strike_G","Strike_G","Strike_G","Survivor","Neutralize","Glass Knife+1","Leg Sweep","Good Instincts","Expertise+1","Cloak And Dagger","Backflip","After Image+1","Flash of Steel+1","Deflect","Footwork","Escape Plan+1","Blur+1","Well Laid Plans+1","RitualDagger+1","Predator"],"relics":["Ring of the Snake","Pantograph","Vajra","Bronze Scales","Coffee Dripper","Tiny Chest","Frozen Egg 2","Juzu Bracelet"],"potions_floor_usage":[7,7,11,11,23,31],"damage_taken":[{"damage":0,"enemies":"Cultist","floor":1,"turns":3},{"damage":0,"enemies":"2 Louse","floor":3,"turns":3},{"damage":0,"enemies":"Small Slimes","floor":4,"turns":4},{"damage":2,"enemies":"Gremlin Nob","floor":7,"turns":3},{"damage":0,"enemies":"Gremlin Gang","floor":8,"turns":5},{"damage":12,"enemies":"3 Sentries","floor":10,"turns":8},{"damage":2,"enemies":"Exordium Thugs","floor":11,"turns":3},{"damage":1,"enemies":"Blue Slaver","floor":13,"turns":3},{"damage":0,"enemies":"Exordium Wildlife","floor":14,"turns":5},{"damage":3,"enemies":"The Guardian","floor":16,"turns":14},{"damage":0,"enemies":"Chosen","floor":18,"turns":4},{"damage":1,"enemies":"2 Thieves","floor":19,"turns":4},{"damage":0,"enemies":"Shelled Parasite and Fungi","floor":22,"turns":7},{"damage":13,"enemies":"Gremlin Leader","floor":23,"turns":9},{"damage":0,"enemies":"Centurion and Healer","floor":29,"turns":7},{"damage":16,"enemies":"Cultist and Chosen","floor":31,"turns":10},{"damage":62,"enemies":"Champ","floor":33,"turns":22}],"seed_played":"593851802416039895","potions_obtained":[{"floor":3,"key":"Fire Potion"},{"floor":5,"key":"Fire Potion"},{"floor":5,"key":"Regen Potion"},{"floor":7,"key":"Ancient Potion"},{"floor":10,"key":"Weak Potion"},{"floor":14,"key":"AttackPotion"},{"floor":18,"key":"GamblersBrew"},{"floor":22,"key":"GhostInAJar"},{"floor":29,"key":"LiquidBronze"}],"is_trial":false,"path_per_floor":["M","$","M","M","?","R","E","M","T","E","M","$","M","M","R","B",null,"M","M","$","?","M","E","R","$","T","?","R","M","R","M","R","B"],"character_chosen":"THE_SILENT","items_purchased":["Good Instincts","Flash of Steel","Footwork","Well Laid Plans+1"],"campfire_rested":0,"item_purchase_floors":[2,12,20,25],"current_hp_per_floor":[63,63,63,63,63,63,61,61,61,49,59,59,58,58,58,60,63,63,62,62,62,62,49,49,49,49,43,43,43,43,27,27,0],"gold":94,"neow_bonus":"THREE_RARE_CARDS","is_prod":false,"is_daily":false,"chose_seed":false,"campfire_upgraded":5,"win_rate":0,"timestamp":1546378073,"path_taken":["M","?","M","M","?","R","E","M","T","E","?","$","M","M","R","BOSS","M","M","$","?","M","E","R","?","T","?","R","M","R","M","R","BOSS"],"build_version":"2018-12-20","purchased_purges":2,"victory":false,"max_hp_per_floor":[63,63,63,63,63,63,63,63,63,63,63,63,63,63,63,63,63,63,63,63,63,63,63,63,63,63,63,63,63,63,63,63,63],"card_choices":[{"not_picked":["Wraith Form v2","Doppelganger"],"picked":"Glass Knife","floor":0},{"not_picked":["Dodge and Roll","Heel Hook"],"picked":"Leg Sweep","floor":1},{"not_picked":["Masterful Stab","Prepared"],"picked":"Expertise","floor":3},{"not_picked":["Dodge and Roll","Deadly Poison","Flying Knee"],"picked":"SKIP","floor":4},{"not_picked":["Venomology","Poisoned Stab"],"picked":"Cloak And Dagger","floor":7},{"not_picked":["Setup","Deadly Poison","Prepared"],"picked":"SKIP","floor":8},{"not_picked":["Accuracy","Concentrate"],"picked":"Backflip","floor":10},{"not_picked":["Underhanded Strike","Slice"],"picked":"After Image","floor":11},{"not_picked":["Poisoned Stab","Blade Dance"],"picked":"Deflect","floor":13},{"not_picked":["Deadly Poison","Choke","Sucker Punch"],"picked":"SKIP","floor":14},{"not_picked":["Quick Slash","Outmaneuver","Underhanded Strike"],"picked":"SKIP","floor":18},{"not_picked":["Bane+1","Deflect+1","Dagger Throw"],"picked":"SKIP","floor":19},{"not_picked":["PiercingWail","Deflect"],"picked":"Escape Plan+1","floor":22},{"not_picked":["Poisoned Stab","Flechettes"],"picked":"Blur+1","floor":23},{"not_picked":["Concentrate","All Out Attack+1","Flying Knee"],"picked":"SKIP","floor":29},{"not_picked":["Underhanded Strike","Choke"],"picked":"Predator","floor":31}],"player_experience":333695,"relics_obtained":[{"floor":7,"key":"Pantograph"},{"floor":9,"key":"Vajra"},{"floor":10,"key":"Bronze Scales"},{"floor":23,"key":"Frozen Egg 2"},{"floor":26,"key":"Juzu Bracelet"}],"event_choices":[{"damage_healed":0,"gold_gain":0,"player_choice":"Bought 3 Potions","damage_taken":0,"max_hp_gain":0,"max_hp_loss":0,"event_name":"The Woman in Blue","floor":5,"gold_loss":0},{"damage_healed":0,"gold_gain":0,"player_choice":"Gave Potion","damage_taken":0,"relics_obtained":["Tiny Chest"],"max_hp_gain":0,"max_hp_loss":0,"event_name":"WeMeetAgain","floor":21,"gold_loss":0},{"damage_healed":0,"gold_gain":0,"player_choice":"Joined the Cult","damage_taken":6,"max_hp_gain":0,"max_hp_loss":0,"event_name":"Nest","floor":27,"gold_loss":0,"cards_obtained":["RitualDagger"]}],"is_beta":false,"boss_relics":[{"not_picked":["Snecko Eye","Black Star"],"picked":"Coffee Dripper"}],"items_purged_floors":[12,20],"is_endless":false,"potions_floor_spawned":[3,7,10,14,18,22,29],"killed_by":"Champ","ascension_level":0}