{"gold_per_floor":[109,109,109,123,140,140,173,187,213,183,63,73,173,73,73,73],"floor_reached":16,"playtime":405,"items_purged":["Strike_R","Defend_R"],"score":165,"play_id":"7b3c4cfd-5e47-4004-ad03-2f806d52d0d3","local_time":"20181201221904","is_ascension_mode":true,"campfire_choices":[{"data":"Iron Wave","floor":6,"key":"SMITH"},{"data":"True Grit","floor":15,"key":"SMITH"}],"neow_cost":"PERCENT_DAMAGE","seed_source_timestamp":16112740446015,"circlet_count":0,"master_deck":["AscendersBane","Strike_R","Strike_R","Defend_R","Defend_R","Defend_R","Bash","Spot Weakness","True Grit+1","Thunderclap","Feel No Pain","Iron Wave+1","Iron Wave","Feel No Pain","Whirlwind","Armaments","Sword Boomerang"],"relics":["Burning Blood","Potion Belt","Lantern"],"potions_floor_usage":[7,8],"damage_taken":[{"damage":2,"enemies":"Jaw Worm","floor":1,"turns":5},{"damage":5,"enemies":"Small Slimes","floor":4,"turns":5},{"damage":3,"enemies":"Cultist","floor":5,"turns":4},{"damage":28,"enemies":"Lagavulin","floor":7,"turns":8},{"damage":1,"enemies":"Lots of Slimes","floor":8,"turns":5},{"damage":1,"enemies":"Looter","floor":10,"turns":4},{"damage":18,"enemies":"Red Slaver","floor":12,"turns":5},{"damage":64,"enemies":"Hexaghost","floor":16,"turns":12}],"seed_played":"-616310305283881027","potions_obtained":[{"floor":4,"key":"GamblersBrew"},{"floor":5,"key":"Fire Potion"}],"is_trial":false,"path_per_floor":["M","?","?","M","M","R","E","M","T","M","$","M","?","$","R","B"],"character_chosen":"IRONCLAD","items_purchased":["Armaments"],"campfire_rested":0,"item_purchase_floors":[11],"current_hp_per_floor":[55,60,85,85,85,85,63,68,68,73,73,61,61,61,61,0],"gold":73,"neow_bonus":"TRANSFORM_TWO_CARDS","is_prod":false,"is_daily":false,"chose_seed":false,"campfire_upgraded":2,"win_rate":0,"timestamp":1543702744,"path_taken":["M","?","?","M","M","R","E","M","T","?","$","?","?","$","R","BOSS"],"build_version":"2018-11-15","purchased_purges":2,"victory":false,"max_hp_per_floor":[80,85,85,85,85,85,85,85,85,85,85,85,85,85,85,85],"card_choices":[{"not_picked":["Flex","Disarm"],"picked":"Thunderclap","floor":1},{"not_picked":["Battle Trance","Twin Strike"],"picked":"Feel No Pain","floor":4},{"not_picked":["Rage","Searing Blow"],"picked":"Iron Wave","floor":5},{"not_picked":["Heavy Blade","Armaments"],"picked":"Iron Wave","floor":7},{"not_picked":["Iron Wave","Warcry"],"picked":"Feel No Pain","floor":8},{"not_picked":["Clash","Wild Strike"],"picked":"Whirlwind","floor":10},{"not_picked":["Iron Wave","Heavy Blade"],"picked":"Sword Boomerang","floor":12}],"player_experience":235159,"relics_obtained":[{"floor":7,"key":"Potion Belt"},{"floor":9,"key":"Lantern"}],"event_choices":[{"damage_healed":0,"gold_gain":0,"player_choice":"Donut","damage_taken":0,"max_hp_gain":5,"max_hp_loss":0,"event_name":"Big Fish","floor":2,"gold_loss":0},{"damage_healed":25,"gold_gain":0,"player_choice":"Full Heal","damage_taken":0,"max_hp_gain":0,"max_hp_loss":0,"event_name":"Wheel of Change","floor":3,"gold_loss":0},{"damage_healed":0,"gold_gain":100,"player_choice":"Pray","damage_taken":0,"max_hp_gain":0,"max_hp_loss":0,"event_name":"Golden Shrine","floor":13,"gold_loss":0}],"is_beta":false,"boss_relics":[],"items_purged_floors":[11,14],"is_endless":false,"potions_floor_spawned":[4,5],"killed_by":"Hexaghost","ascension_level":13}