{"gold_per_floor":[115,190,44,44,20,20,45,45,45,77,30,30,41,68,68,68],"floor_reached":16,"playtime":393,"items_purged":["Strike_R"],"score":177,"play_id":"d9dbb085-d601-4137-9998-987a87e0fd92","local_time":"20190126230612","is_ascension_mode":true,"campfire_choices":[{"data":"Whirlwind","floor":6,"key":"SMITH"},{"floor":8,"key":"REST"},{"floor":15,"key":"REST"}],"neow_cost":"NONE","seed_source_timestamp":1496741473041700,"circlet_count":0,"master_deck":["AscendersBane","Strike_R","Strike_R","Strike_R","Defend_R","Defend_R","Defend_R","Defend_R","Bash","Deep Breath","Iron Wave","Whirlwind+1","True Grit","Armaments","Inflame","Flex","Spot Weakness"],"relics":["Burning Blood","Lantern","Bag of Preparation","Singing Bowl","Vajra"],"potions_floor_usage":[10,14,16],"damage_taken":[{"damage":0,"enemies":"Small Slimes","floor":1,"turns":3},{"damage":51,"enemies":"Gremlin Nob","floor":7,"turns":5},{"damage":30,"enemies":"Lagavulin","floor":10,"turns":10},{"damage":0,"enemies":"Jaw Worm","floor":13,"turns":3},{"damage":16,"enemies":"Gremlin Nob","floor":14,"turns":3},{"damage":41,"enemies":"Hexaghost","floor":16,"turns":10}],"seed_played":"-5552152393224187464","potions_obtained":[{"floor":1,"key":"Dexterity Potion"},{"floor":10,"key":"Strength Potion"},{"floor":13,"key":"SneckoOil"}],"is_trial":false,"path_per_floor":["M","?","$","?","$","R","E","R","T","E","$","?","M","E","R","B"],"character_chosen":"IRONCLAD","items_purchased":["Whirlwind","True Grit","Flex"],"campfire_rested":2,"item_purchase_floors":[3,5,11],"current_hp_per_floor":[78,67,67,60,60,60,15,39,39,15,15,15,23,13,37,0],"gold":68,"neow_bonus":"RANDOM_COLORLESS","is_prod":false,"is_daily":false,"chose_seed":false,"campfire_upgraded":1,"win_rate":0,"timestamp":1548561972,"path_taken":["M","?","?","?","?","R","E","R","T","E","$","?","?","E","R","BOSS"],"build_version":"2019-01-23","purchased_purges":1,"victory":false,"max_hp_per_floor":[80,80,80,80,80,80,80,80,80,80,80,80,82,82,82,82],"card_choices":[{"not_picked":["Rage","Twin Strike"],"picked":"Iron Wave","floor":1},{"not_picked":["Barricade","Dual Wield"],"picked":"Armaments","floor":7},{"not_picked":["Warcry","Shrug It Off"],"picked":"Inflame","floor":10},{"not_picked":["Fire Breathing","Wild Strike","Searing Blow"],"picked":"Singing Bowl","floor":13},{"not_picked":["Wild Strike","Havoc"],"picked":"Spot Weakness","floor":14}],"player_experience":1155949,"relics_obtained":[{"floor":7,"key":"Lantern"},{"floor":9,"key":"Bag of Preparation"},{"floor":10,"key":"Singing Bowl"},{"floor":14,"key":"Vajra"}],"event_choices":[{"damage_healed":0,"gold_gain":75,"player_choice":"Gather Gold","damage_taken":11,"max_hp_gain":0,"max_hp_loss":0,"event_name":"World of Goop","floor":2,"gold_loss":0},{"cards_removed":["Strike_R"],"damage_healed":0,"gold_gain":0,"player_choice":"Card Removal","damage_taken":7,"max_hp_gain":0,"max_hp_loss":0,"event_name":"Golden Wing","floor":4,"gold_loss":0},{"damage_healed":0,"gold_gain":0,"player_choice":"Leave","damage_taken":0,"max_hp_gain":0,"max_hp_loss":0,"event_name":"The Cleric","floor":12,"gold_loss":0}],"is_beta":true,"boss_relics":[],"items_purged_floors":[3],"is_endless":false,"potions_floor_spawned":[1,10,13],"killed_by":"Hexaghost","ascension_level":11}