{"gold_per_floor":[110,122,72,72,19,19,19,19,69,103,103,119,119,131,131,231,231,244,244,257,1,1,1,1,17,17,17,50,50,66,66],"floor_reached":31,"playtime":2302,"items_purged":["Predator+1"],"score":301,"play_id":"8ed98606-9a5c-4d43-be2c-d2f2969f0662","local_time":"20190201170518","is_ascension_mode":true,"campfire_choices":[{"data":"Neutralize","floor":6,"key":"SMITH"},{"data":"Backflip","floor":8,"key":"SMITH"},{"data":"Phantasmal Killer","floor":13,"key":"SMITH"},{"data":"Infinite Blades","floor":15,"key":"SMITH"},{"floor":23,"key":"REST"},{"floor":29,"key":"REST"}],"neow_cost":"NONE","seed_source_timestamp":13966710719510,"circlet_count":0,"master_deck":["Defend_G","Defend_G","Defend_G","Defend_G","Defend_G","Strike_G","Survivor+1","Neutralize+1","Dagger Spray","PiercingWail+1","Backflip+1","PiercingWail","Phantasmal Killer+1","Infinite Blades+1","Corpse Explosion","Choke+1","Sucker Punch+1","Skewer+1","Madness","Swift Strike+1","Discovery","Outmaneuver+1","Noxious Fumes","Dash+1","Prepared","Noxious Fumes","Neutralize+1","Riddle With Holes+1","Wraith Form v2","A Thousand Cuts","Setup","Deflect+1"],"relics":["Ring of the Snake","Molten Egg 2","Smiling Mask","Meat on the Bone","Dream Catcher","Astrolabe","War Paint","Bottled Flame","Omamori"],"potions_floor_usage":[10,28,31],"damage_taken":[{"damage":6,"enemies":"Jaw Worm","floor":1,"turns":5},{"damage":0,"enemies":"Small Slimes","floor":2,"turns":2},{"damage":31,"enemies":"3 Sentries","floor":10,"turns":10},{"damage":1,"enemies":"2 Louse","floor":12,"turns":3},{"damage":3,"enemies":"Blue Slaver","floor":14,"turns":4},{"damage":46,"enemies":"The Guardian","floor":16,"turns":15},{"damage":37,"enemies":"Spheric Guardian","floor":18,"turns":7},{"damage":3,"enemies":"3 Byrds","floor":20,"turns":5},{"damage":10,"enemies":"3 Cultists","floor":25,"turns":4},{"damage":36,"enemies":"Slavers","floor":28,"turns":5},{"damage":33,"enemies":"Centurion and Healer","floor":30,"turns":6},{"damage":26,"enemies":"Book of Stabbing","floor":31,"turns":5}],"seed_played":"111610687436249443","potions_obtained":[{"floor":1,"key":"AttackPotion"},{"floor":2,"key":"Poison Potion"},{"floor":16,"key":"Ancient Potion"},{"floor":18,"key":"PowerPotion"},{"floor":25,"key":"AttackPotion"}],"is_trial":false,"path_per_floor":["M","M","?","?","$","R","?","R","T","E","?","M","R","M","R","B",null,"M","?","M","$","?","R","$","M","T","?","E","R","M","E"],"character_chosen":"THE_SILENT","items_purchased":["Backflip","Noxious Fumes","Dash+1","Prepared"],"campfire_rested":2,"item_purchase_floors":[5,21,21,21],"current_hp_per_floor":[71,71,71,71,71,71,71,71,71,40,40,39,39,48,48,14,77,40,12,21,21,21,44,44,46,46,46,22,45,24,0],"gold":66,"neow_bonus":"TEN_PERCENT_HP_BONUS","is_prod":false,"is_daily":false,"chose_seed":false,"campfire_upgraded":4,"win_rate":0,"timestamp":1549037118,"path_taken":["M","M","?","?","$","R","?","R","T","E","?","?","R","M","R","BOSS","M","?","?","$","?","R","?","M","T","?","E","R","M","E"],"build_version":"2019-01-23","purchased_purges":1,"victory":false,"max_hp_per_floor":[77,77,77,77,77,77,77,77,77,77,77,77,77,77,77,77,77,77,77,77,77,77,77,77,77,77,77,77,77,77,77],"card_choices":[{"not_picked":["Sucker Punch","Cloak And Dagger"],"picked":"Dagger Spray","floor":1},{"not_picked":["Tactician","Bane"],"picked":"PiercingWail","floor":2},{"not_picked":["Sucker Punch+1","Poisoned Stab+1"],"picked":"PiercingWail","floor":10},{"not_picked":["Choke+1","All Out Attack+1"],"picked":"Phantasmal Killer","floor":12},{"not_picked":["Bane+1","Riddle With Holes+1"],"picked":"Infinite Blades","floor":14},{"not_picked":["Night Terror","Adrenaline"],"picked":"Corpse Explosion","floor":16},{"not_picked":["Caltrops","Catalyst"],"picked":"Skewer+1","floor":18},{"not_picked":["Bane+1","Bouncing Flask"],"picked":"Outmaneuver+1","floor":20},{"not_picked":["Accuracy","Crippling Poison+1"],"picked":"Noxious Fumes","floor":25},{"not_picked":["Backflip","Accuracy"],"picked":"A Thousand Cuts","floor":28},{"not_picked":["Dash+1","Eviscerate+1"],"picked":"Setup","floor":29},{"not_picked":["Acrobatics","Dagger Throw+1"],"picked":"Deflect+1","floor":30}],"player_experience":488291,"relics_obtained":[{"floor":9,"key":"Smiling Mask"},{"floor":10,"key":"Meat on the Bone"},{"floor":26,"key":"Bottled Flame"},{"floor":28,"key":"Omamori"}],"event_choices":[{"cards_removed":["Strike_G"],"damage_healed":0,"gold_gain":0,"player_choice":"Card Removal","damage_taken":0,"max_hp_gain":0,"max_hp_loss":0,"event_name":"The Cleric","floor":3,"gold_loss":50},{"damage_healed":0,"gold_gain":0,"player_choice":"Box","damage_taken":0,"relics_obtained":["Molten Egg 2"],"max_hp_gain":0,"max_hp_loss":0,"event_name":"Big Fish","floor":4,"gold_loss":0,"cards_obtained":["Regret"]},{"cards_removed":["Regret"],"damage_healed":0,"gold_gain":0,"player_choice":"Forget","damage_taken":0,"max_hp_gain":0,"max_hp_loss":0,"event_name":"Living Wall","floor":7,"gold_loss":0},{"damage_healed":0,"gold_gain":0,"player_choice":"Searched \u00271\u0027 times","damage_taken":0,"relics_obtained":["Dream Catcher"],"max_hp_gain":0,"max_hp_loss":0,"event_name":"Dead Adventurer","floor":11,"gold_loss":0},{"damage_healed":0,"gold_gain":0,"player_choice":"CARD CARD CARD ","damage_taken":28,"max_hp_gain":0,"max_hp_loss":0,"event_name":"Knowing Skull","floor":19,"potions_obtained":[],"gold_loss":0,"cards_obtained":["Madness","Swift Strike","Discovery"]},{"damage_healed":0,"gold_gain":0,"player_choice":"Opened","damage_taken":0,"relics_obtained":["War Paint"],"max_hp_gain":0,"max_hp_loss":0,"event_name":"The Mausoleum","floor":22,"gold_loss":0},{"damage_healed":0,"gold_gain":0,"player_choice":"3 cards matched","damage_taken":0,"max_hp_gain":0,"max_hp_loss":0,"event_name":"Match and Keep!","floor":27,"gold_loss":0,"cards_obtained":["Neutralize","Riddle With Holes","Wraith Form v2"]}],"is_beta":false,"boss_relics":[{"not_picked":["Ring of the Serpent","Black Star"],"picked":"Astrolabe"}],"items_purged_floors":[21],"is_endless":false,"potions_floor_spawned":[1,2,16,18,25],"killed_by":"Book of Stabbing","ascension_level":4}