{"gold_per_floor":[113,12,30,46,121,121,155,155,155,185,185,205,205,225,225,225],"floor_reached":16,"playtime":697,"items_purged":["Strike_R"],"score":176,"play_id":"87fab53e-c6f6-4c8d-8e59-eb0c5b4c4c67","local_time":"20180915164133","is_ascension_mode":true,"campfire_choices":[{"data":"Thunderclap","floor":6,"key":"SMITH"},{"data":"Armaments","floor":8,"key":"SMITH"},{"floor":11,"key":"REST"},{"data":"Inflame","floor":15,"key":"SMITH"}],"neow_cost":"NONE","seed_source_timestamp":1445581779923766,"circlet_count":0,"master_deck":["Strike_R","Strike_R","Strike_R","Strike_R","Defend_R","Defend_R","Defend_R","Defend_R","Bash","AscendersBane","Reckless Charge","Shrug It Off","Flex","Thunderclap+1","Armaments+1","Flame Barrier","Inflame+1","Bash","Iron Wave","Deep Breath","Heavy Blade"],"relics":["Burning Blood","Pen Nib","Kunai","Letter Opener","Question Card"],"potions_floor_usage":[7,16,16],"damage_taken":[{"damage":4,"enemies":"Jaw Worm","floor":1,"turns":5},{"damage":0,"enemies":"2 Louse","floor":3,"turns":2},{"damage":5,"enemies":"Small Slimes","floor":4,"turns":3},{"damage":19,"enemies":"3 Sentries","floor":7,"turns":6},{"damage":44,"enemies":"Gremlin Nob","floor":10,"turns":6},{"damage":4,"enemies":"2 Fungi Beasts","floor":12,"turns":3},{"damage":7,"enemies":"Red Slaver","floor":14,"turns":6},{"damage":55,"enemies":"Slime Boss","floor":16,"turns":9}],"seed_played":"-8566224466566690713","potions_obtained":[{"floor":1,"key":"SteroidPotion"},{"floor":7,"key":"SpeedPotion"},{"floor":10,"key":"Fire Potion"}],"is_trial":false,"path_per_floor":["M","$","M","M","?","R","E","R","T","E","R","M","?","M","R"],"character_chosen":"IRONCLAD","items_purchased":["Shrug It Off"],"campfire_rested":1,"item_purchase_floors":[2],"current_hp_per_floor":[74,74,80,80,69,69,56,56,56,18,42,44,44,43,43,0],"gold":225,"neow_bonus":"RANDOM_COMMON_RELIC","is_prod":false,"is_daily":false,"chose_seed":false,"campfire_upgraded":3,"win_rate":0,"timestamp":1537047693,"path_taken":["M","$","M","M","?","R","E","R","T","E","R","M","?","M","R","BOSS"],"build_version":"2018-09-06","purchased_purges":1,"victory":false,"max_hp_per_floor":[80,80,80,80,80,80,80,80,80,80,80,80,80,80,80,80],"card_choices":[{"not_picked":["Second Wind","Clash"],"picked":"Reckless Charge","floor":1},{"not_picked":["Body Slam","Second Wind"],"picked":"Flex","floor":3},{"not_picked":["Twin Strike","Warcry"],"picked":"Thunderclap","floor":4},{"not_picked":["Clash","Dropkick"],"picked":"Armaments","floor":7},{"not_picked":["Evolve","Dark Embrace"],"picked":"Flame Barrier","floor":10},{"not_picked":["Clothesline","Second Wind","Carnage"],"picked":"Inflame","floor":12},{"not_picked":["Blood for Blood","True Grit","Twin Strike"],"picked":"Heavy Blade","floor":14}],"player_experience":345697,"relics_obtained":[{"floor":7,"key":"Kunai"},{"floor":9,"key":"Letter Opener"},{"floor":10,"key":"Question Card"}],"event_choices":[{"event_name":"World of Goop","player_choice":"Gather Gold","floor":5,"damage_taken":0},{"event_name":"Match and Keep!","player_choice":"3 cards matched","floor":13,"damage_taken":0}],"is_beta":false,"boss_relics":[],"items_purged_floors":[2],"is_endless":false,"potions_floor_spawned":[1,7,10],"killed_by":"Slime Boss","ascension_level":12}