{"gold_per_floor":[118,118,130,83,83,83,111,111,111,122,122,155,155,170,170,269,269,269],"floor_reached":18,"playtime":1027,"items_purged":[],"score":252,"play_id":"455df8e6-473d-457f-9301-7a3896cafd60","local_time":"20180910013350","is_ascension_mode":true,"campfire_choices":[{"data":"True Grit","floor":6,"key":"SMITH"},{"data":"Perfected Strike","floor":8,"key":"SMITH"},{"data":"True Grit","floor":11,"key":"SMITH"},{"floor":13,"key":"REST"},{"data":"Dark Embrace","floor":15,"key":"SMITH"}],"neow_cost":"NONE","seed_source_timestamp":958798209232992,"circlet_count":0,"master_deck":["Strike_R","Strike_R","Strike_R","Strike_R+1","Strike_R","Defend_R","Defend_R","Defend_R","Defend_R+1","Bash","AscendersBane","Perfected Strike+1","True Grit+1","Headbutt","Pommel Strike","True Grit+1","Dark Embrace+1","Body Slam","Dark Embrace"],"relics":["Burning Blood","Letter Opener","Turnip","Shuriken","Runic Pyramid"],"potions_floor_usage":[16,16,16],"damage_taken":[{"damage":6,"enemies":"Cultist","floor":1,"turns":4},{"damage":6,"enemies":"Jaw Worm","floor":3,"turns":3},{"damage":24,"enemies":"Gremlin Nob","floor":7,"turns":4},{"damage":7,"enemies":"2 Louse","floor":10,"turns":2},{"damage":39,"enemies":"Lagavulin","floor":12,"turns":6},{"damage":1,"enemies":"2 Fungi Beasts","floor":14,"turns":5},{"damage":38,"enemies":"The Guardian","floor":16,"turns":16},{"damage":69,"enemies":"Shell Parasite","floor":18,"turns":13}],"seed_played":"-3727220970319361493","potions_obtained":[{"floor":1,"key":"Weak Potion"},{"floor":12,"key":"LiquidBronze"},{"floor":14,"key":"Weak Potion"}],"is_trial":false,"path_per_floor":["M","?","M","$","?","R","E","R","T","M","R","E","R","M","R","B",null],"character_chosen":"IRONCLAD","items_purchased":["Headbutt"],"campfire_rested":1,"item_purchase_floors":[4],"current_hp_per_floor":[80,62,62,62,62,62,44,44,44,43,43,10,36,41,41,9,68,0],"gold":269,"neow_bonus":"TEN_PERCENT_HP_BONUS","is_prod":false,"is_daily":false,"chose_seed":false,"campfire_upgraded":4,"win_rate":0,"timestamp":1536561230,"path_taken":["M","?","M","$","?","R","E","R","T","M","R","E","R","?","R","BOSS","M"],"build_version":"2018-09-06","purchased_purges":0,"victory":false,"max_hp_per_floor":[88,88,88,88,88,88,88,88,88,88,88,88,88,88,88,88,88,88],"card_choices":[{"not_picked":["Shockwave","Heavy Blade"],"picked":"Perfected Strike","floor":1},{"not_picked":["Iron Wave","Heavy Blade"],"picked":"True Grit","floor":3},{"not_picked":["Headbutt","Twin Strike"],"picked":"Pommel Strike","floor":7},{"not_picked":["Sentinel","Searing Blow"],"picked":"True Grit","floor":10},{"not_picked":["Iron Wave","Cleave"],"picked":"Dark Embrace","floor":12},{"not_picked":["Flex","Armaments"],"picked":"Body Slam","floor":14},{"not_picked":["Brutality","Berserk"],"picked":"Dark Embrace","floor":16}],"player_experience":299917,"relics_obtained":[{"floor":7,"key":"Letter Opener"},{"floor":9,"key":"Turnip"},{"floor":12,"key":"Shuriken"}],"event_choices":[{"event_name":"Shining Light","player_choice":"Entered Light","floor":2,"damage_taken":0},{"event_name":"Liars Game","player_choice":"disagreed","floor":5,"damage_taken":0}],"is_beta":false,"boss_relics":[{"not_picked":["Black Star","Snecko Eye"],"picked":"Runic Pyramid"}],"items_purged_floors":[],"is_endless":false,"potions_floor_spawned":[1,12,14],"killed_by":"Shell Parasite","ascension_level":10}