{"gold_per_floor":[364,255,269,284,284,284,296,296,296,323,343,80,98,61,61,163,163,150,167,15,15,32,32,63,63,145,20,31,45,45,62,62,62],"floor_reached":33,"playtime":1108,"items_purged":["Strike_B","Strike_B","Strike_B"],"score":323,"play_id":"b5d09370-8d08-4284-8ce9-ac97b5b48599","local_time":"20180924175047","is_ascension_mode":true,"campfire_choices":[{"data":"Chill","floor":6,"key":"SMITH"},{"data":"Chill","floor":8,"key":"SMITH"},{"data":"Chill","floor":15,"key":"SMITH"},{"data":"Deep Breath","floor":23,"key":"SMITH"},{"floor":25,"key":"REST"},{"floor":32,"key":"REST"}],"neow_cost":"TEN_PERCENT_HP_LOSS","seed_source_timestamp":10561317931608,"circlet_count":0,"master_deck":["Strike_B","Defend_B","Defend_B","Defend_B","Defend_B","Zap","Dualcast","Gash","Chill+1","Blizzard","Chill+1","Gash","Coolheaded","Cold Snap","Deep Breath+1","Chill+1","All For One","Cold Snap","Capacitor","Scrape","Conserve Battery","Decay","Chill+1"],"relics":["FrozenCore","GremlinMask","Strawberry","Odd Mushroom","Matryoshka","Potion Belt","Blue Candle"],"potions_floor_usage":[19,22,22,24,24,29,31,33],"damage_taken":[{"damage":1,"enemies":"Cultist","floor":1,"turns":4},{"damage":0,"enemies":"Small Slimes","floor":3,"turns":4},{"damage":2,"enemies":"Jaw Worm","floor":4,"turns":3},{"damage":0,"enemies":"3 Louse","floor":7,"turns":3},{"damage":3,"enemies":"The Mushroom Lair","floor":10,"turns":4},{"damage":13,"enemies":"Exordium Wildlife","floor":11,"turns":7},{"damage":0,"enemies":"Exordium Thugs","floor":13,"turns":4},{"damage":36,"enemies":"Hexaghost","floor":16,"turns":13},{"damage":6,"enemies":"2 Thieves","floor":18,"turns":4},{"damage":8,"enemies":"Shell Parasite","floor":19,"turns":8},{"damage":11,"enemies":"Centurion and Healer","floor":22,"turns":10},{"damage":40,"enemies":"Gremlin Leader","floor":24,"turns":8},{"damage":6,"enemies":"Sentry and Sphere","floor":28,"turns":7},{"damage":1,"enemies":"3 Cultists","floor":29,"turns":5},{"damage":7,"enemies":"Shelled Parasite and Fungi","floor":31,"turns":7},{"damage":40,"enemies":"Automaton","floor":33,"turns":8}],"seed_played":"1888165749040275107","potions_obtained":[{"floor":7,"key":"EntropicBrew"},{"floor":10,"key":"Block Potion"},{"floor":13,"key":"SteroidPotion"},{"floor":18,"key":"GamblersBrew"},{"floor":28,"key":"Energy Potion"},{"floor":29,"key":"Energy Potion"}],"is_trial":false,"path_per_floor":["M","$","M","M","?","R","M","R","T","?","M","$","M","?","R","B",null,"M","M","$","?","M","R","E","R","T","$","M","M","?","M","R"],"character_chosen":"DEFECT","items_purchased":["Chill","Coolheaded","Cold Snap","Deep Breath","Capacitor","Scrape"],"campfire_rested":2,"item_purchase_floors":[2,12,12,12,20,20],"current_hp_per_floor":[67,67,67,65,65,65,65,65,72,69,56,56,56,56,56,20,75,69,61,61,61,50,50,10,32,32,32,26,25,25,18,40,0],"gold":62,"neow_bonus":"TWO_FIFTY_GOLD","is_prod":false,"is_daily":false,"chose_seed":false,"campfire_upgraded":4,"win_rate":0,"timestamp":1537807847,"path_taken":["M","$","?","M","?","R","?","R","T","?","?","$","M","?","R","BOSS","M","M","$","?","M","R","E","R","T","$","?","?","?","M","R","BOSS"],"build_version":"2018-09-20","purchased_purges":3,"victory":false,"max_hp_per_floor":[68,68,68,68,68,68,68,68,75,75,75,75,75,75,75,75,75,75,75,75,75,75,75,75,75,75,75,75,75,75,75,75,75],"card_choices":[{"not_picked":["Streamline","Self Repair"],"picked":"Gash","floor":1},{"not_picked":["Hologram","Chill"],"picked":"Blizzard","floor":3},{"not_picked":["Auto Shields","Redo"],"picked":"Chill","floor":4},{"not_picked":["Barrage","Gash","Sunder"],"picked":"SKIP","floor":7},{"not_picked":["Stack","Self Repair"],"picked":"Gash","floor":11},{"not_picked":["Static Discharge","Aggregate"],"picked":"Chill","floor":13},{"not_picked":["Core Surge","Amplify"],"picked":"All For One","floor":16},{"not_picked":["Undo","Compile Driver","Static Discharge"],"picked":"SKIP","floor":18},{"not_picked":["Sweeping Beam","Rip and Tear"],"picked":"Cold Snap","floor":19},{"not_picked":["Go for the Eyes","Compile Driver","Rip and Tear"],"picked":"SKIP","floor":22},{"not_picked":["Reinforced Body","Rip and Tear"],"picked":"Conserve Battery","floor":24},{"not_picked":["Self Repair","Compile Driver+1","Rip and Tear"],"picked":"SKIP","floor":28},{"not_picked":["Storm","Darkness","Beam Cell"],"picked":"SKIP","floor":29},{"not_picked":["Turbo","Compile Driver"],"picked":"Chill+1","floor":31}],"player_experience":46224,"relics_obtained":[{"floor":9,"key":"Strawberry"},{"floor":10,"key":"Odd Mushroom"},{"floor":24,"key":"Matryoshka"},{"floor":26,"key":"Potion Belt"},{"floor":26,"key":"Blue Candle"}],"event_choices":[{"event_name":"FaceTrader","player_choice":"Trade","floor":5,"damage_taken":0},{"event_name":"Mushrooms","player_choice":"Fought Mushrooms","floor":10,"damage_taken":0},{"event_name":"World of Goop","player_choice":"Left","floor":14,"damage_taken":0},{"event_name":"Vampires","player_choice":"Ignored","floor":21,"damage_taken":0},{"event_name":"Forgotten Altar","player_choice":"Smashed Altar","floor":30,"damage_taken":0}],"is_beta":false,"boss_relics":[{"not_picked":["Velvet Choker","Fusion Hammer"],"picked":"FrozenCore"}],"items_purged_floors":[2,12,27],"is_endless":false,"potions_floor_spawned":[7,10,13,16,18,28,29],"killed_by":"Automaton","ascension_level":3}