{"gold_per_floor":[119,194,194,214,226,261,261,292,292,292,292,257,270,289,289,391,391,411,411,398,412,299,299,332,101,171,171,171,182,198,213,213,308,308,327,327,427,447,9,9,36,36,36,56,56],"floor_reached":45,"playtime":3340,"items_purged":["Defend_R"],"score":498,"play_id":"593c5fea-18d6-4640-9528-cb18cd956c27","local_time":"20190113153732","is_ascension_mode":false,"campfire_choices":[{"floor":7,"key":"REST"},{"data":"Flame Barrier","floor":15,"key":"SMITH"},{"data":"Bash","floor":23,"key":"SMITH"},{"floor":27,"key":"REST"},{"floor":32,"key":"REST"},{"data":"1","floor":40,"key":"LIFT"}],"neow_cost":"NONE","seed_source_timestamp":359269863790400,"circlet_count":0,"master_deck":["Strike_R","Strike_R","Strike_R","Strike_R","Defend_R","Defend_R","Defend_R+1","Bash+1","Cleave","True Grit+1","True Grit","Flame Barrier+1","Sword Boomerang+1","Headbutt+1","Flex","Limit Break","Spot Weakness","Ghostly Armor","Clothesline+1","Battle Trance","Flame Barrier+1","Feel No Pain","Flex+1","Demon Form","Bandage Up","Shrug It Off","Flame Barrier+1","Master of Strategy","Shrug It Off"],"relics":["Burning Blood","NeowsBlessing","Orichalcum","Bottled Lightning","Letter Opener","Sozu","Blood Vial","Pear","Whetstone","Matryoshka","Eternal Feather","Girya","Ornamental Fan","Pantograph","Pen Nib","Du-Vu Doll"],"potions_floor_usage":[8,16,24],"damage_taken":[{"damage":0,"enemies":"Small Slimes","floor":1,"turns":1},{"damage":0,"enemies":"Jaw Worm","floor":4,"turns":1},{"damage":0,"enemies":"2 Louse","floor":5,"turns":1},{"damage":50,"enemies":"Lagavulin","floor":6,"turns":8},{"damage":18,"enemies":"3 Sentries","floor":8,"turns":10},{"damage":0,"enemies":"Large Slime","floor":13,"turns":7},{"damage":2,"enemies":"Looter","floor":14,"turns":4},{"damage":35,"enemies":"The Guardian","floor":16,"turns":15},{"damage":13,"enemies":"Shell Parasite","floor":18,"turns":6},{"damage":20,"enemies":"2 Thieves","floor":20,"turns":4},{"damage":14,"enemies":"Centurion and Healer","floor":21,"turns":9},{"damage":39,"enemies":"Slavers","floor":24,"turns":4},{"damage":5,"enemies":"Snecko","floor":29,"turns":7},{"damage":5,"enemies":"3 Cultists","floor":30,"turns":5},{"damage":16,"enemies":"Centurion and Healer","floor":31,"turns":6},{"damage":34,"enemies":"Champ","floor":33,"turns":9},{"damage":16,"enemies":"3 Darklings","floor":35,"turns":4},{"damage":19,"enemies":"Mind Bloom Boss Battle","floor":37,"turns":8},{"damage":11,"enemies":"3 Shapes","floor":38,"turns":7},{"damage":68,"enemies":"Reptomancer","floor":41,"turns":6},{"damage":27,"enemies":"Jaw Worm Horde","floor":44,"turns":5},{"damage":38,"enemies":"Transient","floor":45,"turns":5}],"seed_played":"3657112518793494696","potions_obtained":[{"floor":4,"key":"LiquidBronze"},{"floor":5,"key":"Regen Potion"},{"floor":16,"key":"Energy Potion"}],"is_trial":false,"path_per_floor":["M","?","?","M","M","E","R","E","T","?","?","?","M","M","R","B",null,"M","?","M","M","$","R","E","$","T","R","?","M","M","M","R","B",null,"M","?","?","M","$","R","E","$","T","M","M"],"character_chosen":"IRONCLAD","items_purchased":["Battle Trance","Feel No Pain","Whetstone","Master of Strategy","Ornamental Fan"],"campfire_rested":3,"item_purchase_floors":[22,25,25,39,39],"current_hp_per_floor":[80,69,69,75,80,36,60,63,63,47,40,60,66,70,70,41,80,73,73,61,55,55,55,34,34,34,61,43,46,49,41,69,43,95,85,85,78,79,79,94,37,37,37,22,0],"gold":56,"neow_bonus":"THREE_ENEMY_KILL","is_prod":false,"is_daily":false,"chose_seed":false,"campfire_upgraded":2,"win_rate":0.0,"timestamp":1547411852,"path_taken":["M","?","?","?","M","E","R","E","T","?","?","?","M","M","R","BOSS","M","?","M","M","$","R","E","$","T","R","?","M","M","M","R","BOSS","M","?","?","M","$","R","E","?","T","M","M"],"build_version":"2019-01-10","purchased_purges":1,"victory":false,"max_hp_per_floor":[80,80,80,80,80,80,80,80,80,80,80,80,80,80,80,80,80,80,80,80,80,80,80,90,90,90,90,95,95,95,95,95,95,95,95,95,95,95,95,95,95,95,95,95,95],"card_choices":[{"not_picked":["Clash","Sword Boomerang"],"picked":"Cleave","floor":1},{"not_picked":["Thunderclap","Perfected Strike"],"picked":"True Grit","floor":4},{"not_picked":["Body Slam","Flex"],"picked":"True Grit","floor":5},{"not_picked":["Body Slam","Blood for Blood"],"picked":"Flame Barrier","floor":6},{"not_picked":["Juggernaut","Twin Strike"],"picked":"Sword Boomerang","floor":8},{"not_picked":["Entrench","Clash"],"picked":"Headbutt","floor":13},{"not_picked":["Rupture","Headbutt"],"picked":"Flex","floor":14},{"not_picked":["Brutality","Barricade"],"picked":"Limit Break","floor":16},{"not_picked":["Flex","Metallicize"],"picked":"Spot Weakness","floor":18},{"not_picked":["Headbutt","Fire Breathing"],"picked":"Ghostly Armor","floor":20},{"not_picked":["Iron Wave","Rampage+1"],"picked":"Clothesline+1","floor":21},{"not_picked":["Combust+1","Rupture"],"picked":"Flame Barrier+1","floor":24},{"not_picked":["Anger","Thunderclap+1","Warcry"],"picked":"SKIP","floor":29},{"not_picked":["Sword Boomerang","Cleave","Berserk"],"picked":"SKIP","floor":30},{"not_picked":["Carnage","Iron Wave+1"],"picked":"Flex+1","floor":31},{"not_picked":["Offering","Limit Break"],"picked":"Demon Form","floor":33},{"not_picked":["Clothesline+1","Twin Strike+1","Clash"],"picked":"SKIP","floor":35},{"not_picked":["Deep Breath","HandOfGreed"],"picked":"Bandage Up","floor":36},{"not_picked":["Thunderclap+1","Pummel"],"picked":"Shrug It Off","floor":37},{"not_picked":["Warcry","Body Slam"],"picked":"Flame Barrier+1","floor":38},{"not_picked":["Twin Strike+1","Headbutt"],"picked":"Shrug It Off","floor":41},{"not_picked":["Dropkick+1","Clash+1","Clothesline"],"picked":"SKIP","floor":44}],"player_experience":21457,"relics_obtained":[{"floor":6,"key":"Orichalcum"},{"floor":8,"key":"Bottled Lightning"},{"floor":9,"key":"Letter Opener"},{"floor":24,"key":"Pear"},{"floor":26,"key":"Matryoshka"},{"floor":37,"key":"Girya"},{"floor":41,"key":"Pantograph"},{"floor":43,"key":"Pen Nib"},{"floor":43,"key":"Du-Vu Doll"}],"event_choices":[{"damage_healed":0,"gold_gain":75,"player_choice":"Gather Gold","damage_taken":11,"max_hp_gain":0,"max_hp_loss":0,"event_name":"World of Goop","floor":2,"gold_loss":0},{"damage_healed":0,"gold_gain":0,"player_choice":"Ignored","damage_taken":0,"max_hp_gain":0,"max_hp_loss":0,"event_name":"Liars Game","floor":3,"gold_loss":0},{"damage_healed":0,"gold_gain":0,"player_choice":"Entered Light","damage_taken":16,"max_hp_gain":0,"max_hp_loss":0,"event_name":"Shining Light","floor":10,"gold_loss":0,"cards_upgraded":["Defend_R","True Grit"]},{"cards_removed":["Strike_R"],"damage_healed":0,"gold_gain":0,"player_choice":"Card Removal","damage_taken":7,"max_hp_gain":0,"max_hp_loss":0,"event_name":"Golden Wing","floor":11,"gold_loss":0},{"damage_healed":20,"gold_gain":0,"player_choice":"Healed","damage_taken":0,"max_hp_gain":0,"max_hp_loss":0,"event_name":"The Cleric","floor":12,"gold_loss":35},{"damage_healed":0,"gold_gain":0,"player_choice":"Opened","damage_taken":0,"relics_obtained":["Blood Vial"],"max_hp_gain":0,"max_hp_loss":0,"event_name":"The Mausoleum","floor":19,"gold_loss":0},{"damage_healed":0,"gold_gain":0,"player_choice":"Shed Blood","damage_taken":23,"max_hp_gain":5,"max_hp_loss":0,"event_name":"Forgotten Altar","floor":28,"gold_loss":0},{"damage_healed":0,"gold_gain":0,"player_choice":"Memory 1","damage_taken":0,"max_hp_gain":0,"max_hp_loss":0,"event_name":"SensoryStone","floor":36,"gold_loss":0},{"damage_healed":0,"gold_gain":0,"player_choice":"Fight","damage_taken":0,"max_hp_gain":0,"max_hp_loss":0,"event_name":"MindBloom","floor":37,"gold_loss":0}],"is_beta":false,"boss_relics":[{"not_picked":["White Beast Statue","Runic Dome"],"picked":"Sozu"},{"not_picked":["Coffee Dripper","Black Star"],"picked":"Eternal Feather"}],"items_purged_floors":[22],"is_endless":false,"potions_floor_spawned":[4,5,16,29,31,33,37,38,41],"killed_by":"Transient","ascension_level":0}