{"gold_per_floor":[109,133,133,133,58,58,77,91,91,91,111,122,102,102,102,202,202,214,214,238,238,257,257,182,193,193,93,106,123,123,141,141,238,238,251,351,364,364,89,89,105,105,131,150,0,0,17,33,33,33],"floor_reached":51,"playtime":3645,"items_purged":["Strike_R","Defend_R","Strike_R"],"score":639,"play_id":"e046c849-8cb5-4315-bb26-b891fab1fc74","local_time":"20190106200900","is_ascension_mode":false,"campfire_choices":[{"data":"Shrug It Off","floor":6.0,"key":"SMITH"},{"data":"Rampage","floor":10.0,"key":"SMITH"},{"data":"True Grit","floor":15.0,"key":"SMITH"},{"data":"Demon Form","floor":23.0,"key":"SMITH"},{"floor":30.0,"key":"REST"},{"data":"Shrug It Off","floor":32.0,"key":"SMITH"},{"floor":40,"key":"REST"},{"floor":42,"key":"REST"},{"floor":46,"key":"REST"},{"floor":49,"key":"REST"}],"neow_cost":"NONE","seed_source_timestamp":0,"circlet_count":0,"master_deck":["Strike_R+1","Defend_R","Defend_R+1","Defend_R","Bash","Shrug It Off+1","Rampage+1","Shrug It Off+1","True Grit+1","Demon Form+1","Heavy Blade+1","Whirlwind+1","Shrug It Off","Body Slam+1","Intimidate+1"],"special_seed":0,"relics":["Burning Blood","Juzu Bracelet","Thread and Needle","Velvet Choker","Regal Pillow","Dream Catcher","Fusion Hammer","Charon\u0027s Ashes","Bag of Marbles","Red Mask"],"potions_floor_usage":[38,39,44,50,50,50],"damage_taken":[{"damage":2.0,"enemies":"Cultist","floor":1.0,"turns":4.0},{"damage":5.0,"enemies":"2 Louse","floor":7.0,"turns":3.0},{"damage":3.0,"enemies":"Jaw Worm","floor":8.0,"turns":3.0},{"damage":4.0,"enemies":"Red Slaver","floor":11.0,"turns":3.0},{"damage":0.0,"enemies":"Exordium Wildlife","floor":12.0,"turns":4.0},{"damage":60.0,"enemies":"Hexaghost","floor":16.0,"turns":15.0},{"damage":14.0,"enemies":"2 Thieves","floor":18.0,"turns":4.0},{"damage":13.0,"enemies":"Shell Parasite","floor":22.0,"turns":6.0},{"damage":0.0,"enemies":"Snecko","floor":25.0,"turns":4.0},{"damage":12.0,"enemies":"Snake Plant","floor":28.0,"turns":5.0},{"damage":29.0,"enemies":"Cultist and Chosen","floor":29.0,"turns":7.0},{"damage":2.0,"enemies":"Centurion and Healer","floor":31.0,"turns":7.0},{"damage":40.0,"enemies":"Automaton","floor":33.0,"turns":10.0},{"damage":0.0,"enemies":"Orb Walker","floor":35.0,"turns":4.0},{"damage":0,"enemies":"Mind Bloom Boss Battle","floor":36,"turns":5},{"damage":0,"enemies":"3 Shapes","floor":37,"turns":2},{"damage":13,"enemies":"2 Orb Walkers","floor":38,"turns":3},{"damage":37,"enemies":"Writhing Mass","floor":41,"turns":4},{"damage":8,"enemies":"4 Shapes","floor":44,"turns":2},{"damage":46,"enemies":"Spire Growth","floor":47,"turns":5},{"damage":6,"enemies":"3 Darklings","floor":48,"turns":3},{"damage":2,"enemies":"Time Eater","floor":50,"turns":11}],"seed_played":"-141007862140389169","potions_obtained":[{"floor":1.0,"key":"AttackPotion"},{"floor":7.0,"key":"Fire Potion"},{"floor":13.0,"key":"SmokeBomb"},{"floor":25.0,"key":"SteroidPotion"},{"floor":33.0,"key":"Dexterity Potion"},{"floor":44,"key":"BloodPotion"},{"floor":48,"key":"Dexterity Potion"}],"is_trial":false,"path_per_floor":["M","T","?","?","$","R","M","M","T","R","M","M","?","?","R","B",null,"M","?","T","?","M","R","?","M","T","$","M","M","R","M","R","B",null,"M","?","M","?","$","R","M","R","T","M","?","R","M","M","R","B",null],"character_chosen":"IRONCLAD","items_purchased":["Fruit Juice","Energy Potion"],"campfire_rested":5,"item_purchase_floors":[39,39],"current_hp_per_floor":[80,80,80,85,85,85,85,85,85,85,85,85,85,68,68,14,85,77,61,61,61,54,54,54,60,60,60,54,31,73,77,77,43,90,90,90,90,83,88,95,64,95,95,93,93,95,55,55,95,95],"gold":33,"neow_bonus":"THREE_CARDS","is_prod":false,"is_daily":false,"chose_seed":false,"campfire_upgraded":5,"win_rate":0,"timestamp":1546834140,"path_taken":["M","?","?","?","$","R","M","M","T","R","M","M","?","?","R","BOSS","M","?","?","?","M","R","?","M","T","$","M","M","R","M","R","BOSS","M","?","M","?","$","R","M","R","T","M","?","R","M","M","R","BOSS"],"build_version":"2019-01-03v4","purchased_purges":3,"victory":true,"max_hp_per_floor":[80,80,80,85,85,85,85,85,85,85,85,85,85,85,85,85,85,85,90,90,90,90,90,90,90,90,90,90,90,90,90,90,90,90,90,90,90,90,95,95,95,95,95,95,95,95,95,95,95,95],"card_choices":[{"not_picked":["Sword Boomerang","Heavy Blade"],"picked":"Shrug It Off","floor":0.0},{"not_picked":["Anger","Pummel"],"picked":"Rampage","floor":1.0},{"not_picked":["Headbutt","Infernal Blade"],"picked":"Shrug It Off","floor":7.0},{"not_picked":["Anger","Evolve","Pommel Strike"],"picked":"SKIP","floor":8.0},{"not_picked":["Thunderclap","Heavy Blade"],"picked":"True Grit","floor":11.0},{"not_picked":["Warcry","Rage","Havoc"],"picked":"SKIP","floor":12.0},{"not_picked":["Dark Embrace","Brutality"],"picked":"Demon Form","floor":16.0},{"not_picked":["Iron Wave+1","Wild Strike+1","Headbutt"],"picked":"SKIP","floor":18.0},{"not_picked":["Shrug It Off","Flex"],"picked":"Heavy Blade+1","floor":22.0},{"not_picked":["Iron Wave","Burning Pact","Wild Strike"],"picked":"SKIP","floor":25.0},{"not_picked":["Sword Boomerang","Perfected Strike","Shrug It Off"],"picked":"SKIP","floor":28.0},{"not_picked":["Whirlwind","Cleave+1","Rage"],"picked":"SKIP","floor":29.0},{"not_picked":["Thunderclap","Shockwave","Clash"],"picked":"SKIP","floor":31.0},{"not_picked":["Uppercut+1","Pummel+1"],"picked":"Whirlwind+1","floor":35.0},{"not_picked":["Dual Wield","Anger+1","Headbutt"],"picked":"SKIP","floor":37},{"not_picked":["Clash+1","Hemokinesis+1"],"picked":"Shrug It Off","floor":41},{"not_picked":["Disarm+1","Thunderclap+1"],"picked":"Body Slam+1","floor":44},{"not_picked":["Anger","Power Through+1","Battle Trance"],"picked":"SKIP","floor":47},{"not_picked":["Twin Strike","Berserk","Dual Wield+1"],"picked":"SKIP","floor":48},{"not_picked":["Armaments+1","Headbutt"],"picked":"Intimidate+1","floor":49}],"player_experience":30186,"relics_obtained":[{"floor":2.0,"key":"Juzu Bracelet"},{"floor":9.0,"key":"Thread and Needle"},{"floor":20.0,"key":"Regal Pillow"},{"floor":26.0,"key":"Dream Catcher"},{"floor":36,"key":"Charon\u0027s Ashes"},{"floor":43,"key":"Bag of Marbles"}],"event_choices":[{"cards_removed":["Strike_R"],"damage_healed":0.0,"max_hp_gain":0.0,"max_hp_loss":0.0,"gold_gain":0.0,"event_name":"Purifier","player_choice":"Purged","floor":3.0,"gold_loss":0.0,"damage_taken":0.0},{"damage_healed":0.0,"max_hp_gain":5.0,"max_hp_loss":0.0,"gold_gain":0.0,"event_name":"Big Fish","player_choice":"Donut","floor":4.0,"gold_loss":0.0,"damage_taken":0.0},{"damage_healed":0.0,"max_hp_gain":0.0,"max_hp_loss":0.0,"gold_gain":0.0,"event_name":"The Woman in Blue","player_choice":"Bought 1 Potion","floor":13.0,"gold_loss":0.0,"damage_taken":0.0},{"damage_healed":0.0,"max_hp_gain":0.0,"max_hp_loss":0.0,"gold_gain":0.0,"event_name":"Shining Light","player_choice":"Entered Light","floor":14.0,"gold_loss":0.0,"damage_taken":17.0,"cards_upgraded":["Strike_R","Defend_R"]},{"damage_healed":0.0,"max_hp_gain":5.0,"max_hp_loss":0.0,"gold_gain":0.0,"event_name":"Forgotten Altar","player_choice":"Shed Blood","floor":19.0,"gold_loss":0.0,"damage_taken":21.0},{"damage_healed":0.0,"max_hp_gain":0.0,"max_hp_loss":0.0,"gold_gain":0.0,"event_name":"The Mausoleum","player_choice":"Ignored","floor":21.0,"gold_loss":0.0,"damage_taken":0.0},{"cards_removed":["Strike_R"],"damage_healed":0.0,"max_hp_gain":0.0,"max_hp_loss":0.0,"gold_gain":0.0,"event_name":"Beggar","player_choice":"Gave Gold","floor":24.0,"gold_loss":75.0,"damage_taken":0.0},{"damage_healed":0,"gold_gain":0,"player_choice":"Fight","damage_taken":0,"max_hp_gain":0,"max_hp_loss":0,"event_name":"MindBloom","floor":36,"gold_loss":0},{"damage_healed":0,"gold_gain":0,"player_choice":"Fight","damage_taken":0,"max_hp_gain":0,"max_hp_loss":0,"event_name":"Mysterious Sphere","floor":38,"gold_loss":0},{"damage_healed":0,"gold_gain":0,"player_choice":"Paid","damage_taken":0,"relics_obtained":["Red Mask"],"max_hp_gain":0,"max_hp_loss":0,"event_name":"Tomb of Lord Red Mask","floor":45,"gold_loss":150}],"is_beta":false,"boss_relics":[{"not_picked":["Runic Cube","Black Blood"],"picked":"Velvet Choker"},{"not_picked":["White Beast Statue","Runic Dome"],"picked":"Fusion Hammer"}],"items_purged_floors":[5,27,39],"is_endless":false,"potions_floor_spawned":[1,7,25,29,33,36,44,48],"ascension_level":0}