{"gold_per_floor":[118,138,151,170,119,146,35,35,35,35,54,54,68,91,91,91],"floor_reached":16,"playtime":925,"items_purged":[],"score":114,"play_id":"fbd5c38f-6a76-439e-9fdb-addc604d9724","local_time":"20190204054635","is_ascension_mode":true,"campfire_choices":[{"data":"Self Repair","floor":12,"key":"SMITH"},{"data":"Electrodynamics","floor":15,"key":"SMITH"}],"neow_cost":"NONE","seed_source_timestamp":318298225909065,"circlet_count":0,"master_deck":["Strike_B","Strike_B","Strike_B","Defend_B","Defend_B","Defend_B","Defend_B","Zap+1","Dualcast","Conserve Battery","Scrape","Cold Snap","Go for the Eyes","Leap","Buffer","Blizzard","Self Repair+1","Coolheaded","Electrodynamics+1"],"relics":["Cracked Core","Centennial Puzzle","Golden Idol","Sundial"],"potions_floor_usage":[6,16,16],"damage_taken":[{"damage":2,"enemies":"Jaw Worm","floor":1,"turns":3},{"damage":0,"enemies":"Small Slimes","floor":2,"turns":4},{"damage":2,"enemies":"2 Louse","floor":3,"turns":2},{"damage":20,"enemies":"Large Slime","floor":4,"turns":6},{"damage":12,"enemies":"Gremlin Nob","floor":6,"turns":5},{"damage":1,"enemies":"Blue Slaver","floor":11,"turns":4},{"damage":0,"enemies":"2 Fungi Beasts","floor":13,"turns":4},{"damage":7,"enemies":"Exordium Wildlife","floor":14,"turns":3},{"damage":60,"enemies":"Hexaghost","floor":16,"turns":16}],"seed_played":"6981045800073260586","potions_obtained":[{"floor":3,"key":"Weak Potion"},{"floor":4,"key":"GamblersBrew"},{"floor":6,"key":"Strength Potion"},{"floor":11,"key":"EssenceOfSteel"}],"is_trial":false,"path_per_floor":["?","?"],"character_chosen":"DEFECT","items_purchased":["Leap","Blizzard","Self Repair"],"campfire_rested":0,"item_purchase_floors":[5,7,7],"current_hp_per_floor":[73,73,71,51,51,39,39,39,39,39,45,45,55,58,58,0],"gold":91,"neow_bonus":"REMOVE_CARD","is_prod":false,"is_daily":false,"chose_seed":false,"campfire_upgraded":2,"win_rate":0,"timestamp":1549255595,"path_taken":["M","M","M","M","$","E","$","?","T","?","M","R","M","M","R","BOSS"],"build_version":"2019-01-23","purchased_purges":0,"victory":false,"max_hp_per_floor":[75,75,75,75,75,75,75,69,69,69,69,69,69,69,69,69],"card_choices":[{"not_picked":["Beam Cell","Leap"],"picked":"Conserve Battery","floor":1},{"not_picked":["Hologram","Gash"],"picked":"Scrape","floor":2},{"not_picked":["Hologram","Steam"],"picked":"Cold Snap","floor":3},{"not_picked":["Machine Learning","Streamline"],"picked":"Go for the Eyes","floor":4},{"not_picked":["Genetic Algorithm","Streamline"],"picked":"Buffer","floor":6},{"not_picked":["Hologram","Genetic Algorithm","Sweeping Beam"],"picked":"SKIP","floor":11},{"not_picked":["Sweeping Beam","Gash"],"picked":"Coolheaded","floor":13},{"not_picked":["Go for the Eyes","Leap"],"picked":"Electrodynamics","floor":14}],"player_experience":190761,"relics_obtained":[{"floor":6,"key":"Centennial Puzzle"},{"floor":9,"key":"Sundial"}],"event_choices":[{"damage_healed":0,"gold_gain":0,"player_choice":"Lose Max HP","damage_taken":0,"relics_obtained":["Golden Idol"],"max_hp_gain":0,"max_hp_loss":6,"event_name":"Golden Idol","floor":8,"gold_loss":0},{"damage_healed":0,"gold_gain":0,"player_choice":"Grow","damage_taken":0,"max_hp_gain":0,"max_hp_loss":0,"event_name":"Living Wall","floor":10,"gold_loss":0,"cards_upgraded":["Zap"]}],"is_beta":false,"boss_relics":[],"items_purged_floors":[],"is_endless":false,"potions_floor_spawned":[3,4,6,11],"killed_by":"Hexaghost","ascension_level":2}