{"gold_per_floor":[117,117,38,38,38,61,61,74,97,118,118,159,173,193,193,319,319,309,325,275,299,214,214,234,234,234,249,267,85,121,121,121,251,251,265,288,288,288,140,140,179,179,179,179],"floor_reached":44,"playtime":1649,"items_purged":["Doubt"],"score":552,"play_id":"75cfa943-3282-4241-ac28-d84073955266","local_time":"20190204005120","is_ascension_mode":true,"campfire_choices":[{"floor":7,"key":"REST"},{"floor":11,"key":"REST"},{"data":"Noxious Fumes","floor":15,"key":"SMITH"},{"floor":23,"key":"REST"},{"floor":25,"key":"REST"},{"floor":32,"key":"REST"},{"floor":40,"key":"REST"},{"floor":42,"key":"REST"}],"neow_cost":"NONE","seed_source_timestamp":1980933440361655,"circlet_count":0,"master_deck":["Defend_G","Defend_G","Defend_G","Defend_G","Defend_G","Strike_G","Strike_G","Strike_G","Strike_G","Survivor","Neutralize","Blur","Noxious Fumes+1","Adrenaline","Sucker Punch","Footwork","Well Laid Plans","Envenom","Backflip+1","Catalyst","Footwork","Backstab","Deadly Poison+1","Pain"],"relics":["Ring of the Snake","Golden Idol","Lantern","Cursed Key","Happy Flower","Mummified Hand","Snake Skull","Nloth\u0027s Gift","Potion Belt","Centennial Puzzle","Nunchaku"],"potions_floor_usage":[12,16,16,19,27,35,36,41],"damage_taken":[{"damage":9,"enemies":"Small Slimes","floor":1,"turns":4},{"damage":14,"enemies":"Jaw Worm","floor":6,"turns":6},{"damage":0,"enemies":"2 Louse","floor":8,"turns":4},{"damage":30,"enemies":"Gremlin Gang","floor":10,"turns":7},{"damage":19,"enemies":"3 Sentries","floor":12,"turns":7},{"damage":0,"enemies":"3 Louse","floor":13,"turns":4},{"damage":0,"enemies":"Red Slaver","floor":14,"turns":5},{"damage":11,"enemies":"The Guardian","floor":16,"turns":13},{"damage":21,"enemies":"2 Thieves","floor":18,"turns":4},{"damage":7,"enemies":"Shell Parasite","floor":19,"turns":7},{"damage":26,"enemies":"Snake Plant","floor":21,"turns":6},{"damage":8,"enemies":"Snecko","floor":24,"turns":6},{"damage":23,"enemies":"Sentry and Sphere","floor":27,"turns":6},{"damage":0,"enemies":"Centurion and Healer","floor":28,"turns":9},{"damage":34,"enemies":"Book of Stabbing","floor":30,"turns":8},{"damage":8,"enemies":"Automaton","floor":33,"turns":11},{"damage":15,"enemies":"Orb Walker","floor":35,"turns":5},{"damage":14,"enemies":"3 Darklings","floor":36,"turns":6},{"damage":72,"enemies":"Reptomancer","floor":41,"turns":7},{"damage":46,"enemies":"4 Shapes","floor":44,"turns":3}],"seed_played":"6274502109819118591","potions_obtained":[{"floor":8,"key":"PowerPotion"},{"floor":10,"key":"Ancient Potion"},{"floor":12,"key":"SpeedPotion"},{"floor":13,"key":"AttackPotion"},{"floor":24,"key":"PowerPotion"},{"floor":30,"key":"SteroidPotion"},{"floor":33,"key":"SkillPotion"},{"floor":35,"key":"Block Potion"},{"floor":36,"key":"Weak Potion"}],"is_trial":false,"path_per_floor":["M","?","$","?","?","M","R","M","T","M","R","E","M","M","R","B",null,"M","M","?","M","?","R","M","R","T","M","M","$","E","?","R","B",null,"M","M","$","?","$","R","E","R","T","M"],"character_chosen":"THE_SILENT","items_purchased":["Noxious Fumes","Footwork","Backstab","Potion Belt"],"campfire_rested":7,"item_purchase_floors":[3,29,29,39],"current_hp_per_floor":[61,44,44,49,49,35,57,57,57,27,49,44,44,44,44,33,89,68,61,61,35,35,61,53,79,79,56,56,56,22,22,48,40,89,74,60,60,60,60,86,14,40,40,0],"gold":179,"neow_bonus":"THREE_CARDS","is_prod":false,"is_daily":false,"chose_seed":false,"campfire_upgraded":1,"win_rate":0,"timestamp":1549263080,"path_taken":["M","?","$","?","?","M","R","M","T","M","R","E","M","M","R","BOSS","M","?","?","?","?","R","M","R","T","M","M","$","E","?","R","BOSS","M","?","$","?","?","R","E","R","T","M"],"build_version":"2019-01-23","purchased_purges":1,"victory":false,"max_hp_per_floor":[70,70,70,75,75,75,75,75,75,75,75,89,89,89,89,89,89,89,89,89,89,89,89,89,89,89,89,89,89,89,89,89,89,89,89,89,89,89,89,89,89,89,89,89],"card_choices":[{"not_picked":["Acrobatics","Poisoned Stab"],"picked":"Blur","floor":0},{"not_picked":["Bane","Dagger Spray","Setup"],"picked":"SKIP","floor":1},{"not_picked":["Choke","Accuracy","Setup"],"picked":"SKIP","floor":6},{"not_picked":["Dagger Spray","Quick Slash","Predator"],"picked":"SKIP","floor":8},{"not_picked":["Quick Slash","Outmaneuver"],"picked":"Sucker Punch","floor":10},{"not_picked":["Terror","Endless Agony"],"picked":"Footwork","floor":12},{"not_picked":["Catalyst","Acrobatics"],"picked":"Well Laid Plans","floor":13},{"not_picked":["Dagger Throw","Acrobatics","Outmaneuver"],"picked":"SKIP","floor":14},{"not_picked":["Storm of Steel","Doppelganger"],"picked":"Envenom","floor":16},{"not_picked":["Underhanded Strike","PiercingWail+1","Backflip"],"picked":"SKIP","floor":18},{"not_picked":["All Out Attack","Prepared","Acrobatics"],"picked":"SKIP","floor":19},{"not_picked":["Poisoned Stab","Quick Slash"],"picked":"Backflip+1","floor":21},{"not_picked":["Distraction","Dash","Wraith Form v2"],"picked":"SKIP","floor":24},{"not_picked":["Riddle With Holes","Terror","Outmaneuver+1"],"picked":"SKIP","floor":27},{"not_picked":["Cloak And Dagger","Dodge and Roll"],"picked":"Catalyst","floor":28},{"not_picked":["PiercingWail","Flechettes+1","Accuracy"],"picked":"SKIP","floor":30},{"not_picked":["Cloak And Dagger+1","Choke"],"picked":"Deadly Poison+1","floor":35},{"not_picked":["Dagger Throw+1","Backflip","Well Laid Plans+1"],"picked":"SKIP","floor":36},{"not_picked":["Outmaneuver+1","Flying Knee+1","Tactician"],"picked":"SKIP","floor":41}],"player_experience":76470,"relics_obtained":[{"floor":9,"key":"Lantern"},{"floor":12,"key":"Mango"},{"floor":26,"key":"Mummified Hand"},{"floor":30,"key":"Snake Skull"},{"floor":41,"key":"Centennial Puzzle"},{"floor":43,"key":"Nunchaku"}],"event_choices":[{"damage_healed":0,"gold_gain":0,"player_choice":"Take Damage","damage_taken":17,"relics_obtained":["Golden Idol"],"max_hp_gain":0,"max_hp_loss":0,"event_name":"Golden Idol","floor":2,"gold_loss":0},{"damage_healed":0,"gold_gain":0,"player_choice":"Donut","damage_taken":0,"max_hp_gain":5,"max_hp_loss":0,"event_name":"Big Fish","floor":4,"gold_loss":0},{"damage_healed":0,"gold_gain":0,"player_choice":"1 cards matched","damage_taken":0,"max_hp_gain":0,"max_hp_loss":0,"event_name":"Match and Keep!","floor":5,"gold_loss":0,"cards_obtained":["Adrenaline"]},{"damage_healed":0,"gold_gain":0,"player_choice":"Bet on Murderer","damage_taken":0,"max_hp_gain":0,"max_hp_loss":0,"event_name":"The Joust","floor":20,"gold_loss":50},{"damage_healed":0,"gold_gain":0,"player_choice":"Obtained Relic","damage_taken":0,"relics_obtained":["Happy Flower"],"max_hp_gain":0,"max_hp_loss":0,"event_name":"Addict","floor":22,"gold_loss":85},{"damage_healed":0,"gold_gain":0,"player_choice":"Traded Relic","damage_taken":0,"relics_obtained":["Nloth\u0027s Gift"],"max_hp_gain":0,"max_hp_loss":0,"event_name":"N\u0027loth","floor":31,"relics_lost":["Mango"],"gold_loss":0},{"cards_removed":["Strike_G"],"damage_healed":0,"gold_gain":0,"player_choice":"Removed Attack","damage_taken":0,"max_hp_gain":0,"max_hp_loss":0,"event_name":"Falling","floor":38,"gold_loss":0}],"is_beta":true,"boss_relics":[{"not_picked":["WristBlade","Runic Pyramid"],"picked":"Cursed Key"},{"not_picked":["Coffee Dripper","Sozu","Philosopher\u0027s Stone"]}],"items_purged_floors":[29],"is_endless":false,"potions_floor_spawned":[8,10,12,13,24,30,33,35,36],"killed_by":"4 Shapes","ascension_level":3}