{"gold_per_floor":[10,10,28,39,57,88,88,120,175,175,201,201,301,315,315,419,419,436,471,471,460,57,57,76,76,101,101,115,115,115,131,131,131],"floor_reached":33,"playtime":2369,"items_purged":["Strike_R"],"score":357,"play_id":"29fb5c61-0587-49b4-ba5d-80a9b242d967","local_time":"20180909215713","is_ascension_mode":true,"campfire_choices":[{"data":"Fiend Fire","floor":7,"key":"SMITH"},{"floor":10,"key":"REST"},{"data":"Body Slam","floor":15,"key":"SMITH"},{"floor":23,"key":"REST"},{"data":"Fiend Fire","floor":25,"key":"SMITH"},{"data":"Barricade","floor":27,"key":"SMITH"},{"floor":32,"key":"REST"}],"neow_cost":"NO_GOLD","seed_source_timestamp":944457705382708,"circlet_count":0,"master_deck":["Strike_R+1","Strike_R+1","Strike_R+1","Strike_R+1","Defend_R+1","Defend_R+1","Defend_R+1","Defend_R+1","Bash","Fiend Fire+1","Body Slam+1","Perfected Strike","Rampage","Carnage","Iron Wave","Ghostly Armor","True Grit+1","Entrench","Barricade+1","Flex","Headbutt","Power Through","Seeing Red","Fiend Fire+1","Chrysalis","Double Tap","Shockwave","Infernal Blade+1"],"relics":["Burning Blood","Oddly Smooth Stone","Mummified Hand","Anchor","Odd Mushroom","Runic Pyramid","Red Mask","Strawberry"],"potions_floor_usage":[6,6,11,16,20,24],"damage_taken":[{"damage":0,"enemies":"Cultist","floor":1,"turns":3},{"damage":8,"enemies":"2 Louse","floor":3,"turns":3},{"damage":12,"enemies":"Small Slimes","floor":4,"turns":5},{"damage":11,"enemies":"Blue Slaver","floor":5,"turns":3},{"damage":30,"enemies":"Lagavulin","floor":6,"turns":6},{"damage":26,"enemies":"Gremlin Nob","floor":8,"turns":4},{"damage":16,"enemies":"The Mushroom Lair","floor":11,"turns":5},{"damage":0,"enemies":"Looter","floor":14,"turns":3},{"damage":22,"enemies":"The Guardian","floor":16,"turns":15},{"damage":0,"enemies":"Spheric Guardian","floor":18,"turns":2},{"damage":51,"enemies":"Masked Bandits","floor":19,"turns":5},{"damage":16,"enemies":"Colosseum Slavers","floor":20,"turns":8},{"damage":17,"enemies":"2 Thieves","floor":21,"turns":4},{"damage":13,"enemies":"Chosen and Byrds","floor":24,"turns":6},{"damage":19,"enemies":"Cultist and Chosen","floor":28,"turns":8},{"damage":11,"enemies":"Snecko","floor":31,"turns":5},{"damage":47,"enemies":"Champ","floor":33,"turns":13}],"seed_played":"-5638047527457973759","potions_obtained":[{"floor":1,"key":"Block Potion"},{"floor":3,"key":"SteroidPotion"},{"floor":4,"key":"Weak Potion"},{"floor":6,"key":"LiquidBronze"},{"floor":16,"key":"Fire Potion"},{"floor":19,"key":"BloodPotion"},{"floor":21,"key":"Poison Potion"}],"is_trial":false,"path_per_floor":["M","$","M","M","M","E","R","E","T","R","?","?","?","M","R","B",null,"M","?","?","M","$","R","M","R","T","R","M","?","$","M","R"],"character_chosen":"IRONCLAD","items_purchased":["Seeing Red","Fiend Fire","Chrysalis"],"campfire_rested":3,"item_purchase_floors":[22,22,22],"current_hp_per_floor":[78,78,76,70,65,41,41,21,21,45,35,35,35,41,41,25,66,72,27,25,14,14,38,31,31,38,38,25,25,25,20,46,0],"gold":131,"neow_bonus":"THREE_RARE_CARDS","is_prod":false,"is_daily":false,"chose_seed":false,"campfire_upgraded":4,"win_rate":0,"timestamp":1536548233,"path_taken":["M","?","M","M","M","E","R","E","T","R","?","?","?","?","R","BOSS","M","?","?","M","$","R","M","R","T","R","M","?","$","?","R","BOSS"],"build_version":"2018-09-06","purchased_purges":1,"victory":false,"max_hp_per_floor":[80,80,80,80,80,80,80,80,80,80,80,80,80,80,80,80,80,80,80,80,80,80,80,80,80,87,87,87,87,87,87,87,87],"card_choices":[{"not_picked":["Brutality","Juggernaut"],"picked":"Fiend Fire","floor":0},{"not_picked":["Heavy Blade","Warcry"],"picked":"Body Slam","floor":1},{"not_picked":["Havoc","Wild Strike"],"picked":"Perfected Strike","floor":3},{"not_picked":["Blood for Blood","Wild Strike"],"picked":"Rampage","floor":4},{"not_picked":["Clash","Havoc"],"picked":"Carnage","floor":5},{"not_picked":["Fire Breathing","Sentinel"],"picked":"Iron Wave","floor":6},{"not_picked":["Thunderclap","Flex"],"picked":"Ghostly Armor","floor":8},{"not_picked":["Dual Wield","Wild Strike"],"picked":"True Grit","floor":11},{"not_picked":["Shrug It Off","Flex"],"picked":"Entrench","floor":14},{"not_picked":["Fiend Fire","Feed"],"picked":"Barricade","floor":16},{"not_picked":["Blood for Blood+1","Pommel Strike"],"picked":"Flex","floor":18},{"not_picked":["Shrug It Off","Twin Strike+1"],"picked":"Headbutt","floor":19},{"not_picked":["Twin Strike","Blood for Blood+1"],"picked":"Power Through","floor":21},{"not_picked":["Armaments","Searing Blow"],"picked":"Double Tap","floor":24},{"not_picked":["Searing Blow","Thunderclap+1"],"picked":"Shockwave","floor":28},{"not_picked":["Anger","Rupture"],"picked":"Infernal Blade+1","floor":31}],"player_experience":286175,"relics_obtained":[{"floor":6,"key":"Oddly Smooth Stone"},{"floor":8,"key":"Mummified Hand"},{"floor":9,"key":"Anchor"},{"floor":11,"key":"Odd Mushroom"},{"floor":19,"key":"Red Mask"},{"floor":26,"key":"Strawberry"}],"event_choices":[{"event_name":"Mushrooms","player_choice":"Fought Mushrooms","floor":11,"damage_taken":0},{"event_name":"Living Wall","player_choice":"Grow","floor":12,"damage_taken":0},{"event_name":"Golden Shrine","player_choice":"Pray","floor":13,"damage_taken":0},{"event_name":"Masked Bandits","player_choice":"Fought Bandits","floor":19,"damage_taken":0},{"event_name":"Colosseum","player_choice":"Fight","floor":20,"damage_taken":0},{"event_name":"Colosseum","player_choice":"Fled From Nobs","floor":20,"damage_taken":0},{"event_name":"Back to Basics","player_choice":"Simplicity","floor":29,"damage_taken":0}],"is_beta":false,"boss_relics":[{"not_picked":["Ectoplasm","Tiny House"],"picked":"Runic Pyramid"}],"items_purged_floors":[22],"is_endless":false,"potions_floor_spawned":[1,3,4,6,16,19,21],"killed_by":"Champ","ascension_level":8}