{"gold_per_floor":[118,118,118,131,44,44,64,90,90,90,106,31,31,47,47,150,200,219,219,238,258,158,158,175,175,175,175,175,48,48,48,48,48],"floor_reached":33,"playtime":1059,"items_purged":["Defend_G","Strike_G"],"score":377,"play_id":"7d664afe-6d2d-41f4-818c-40ef7a84710b","local_time":"20181128211909","is_ascension_mode":true,"campfire_choices":[{"data":"Flash of Steel","floor":6,"key":"SMITH"},{"floor":10,"key":"REST"},{"floor":15,"key":"REST"},{"floor":23,"key":"REST"},{"data":"Adrenaline","floor":27,"key":"SMITH"},{"data":"After Image","floor":30,"key":"SMITH"},{"data":"Bite","floor":32,"key":"SMITH"}],"neow_cost":"NONE","seed_source_timestamp":7952458736663,"circlet_count":0,"master_deck":["Defend_G","Defend_G","Defend_G","Survivor","Neutralize+1","Backflip","Deflect","Flash of Steel+1","Backflip","Slice","Adrenaline+1","PiercingWail","Bite+1","Bite","Bite","Bite","Bite","After Image+1","Finesse","Well Laid Plans"],"relics":["Ring of the Snake","GremlinMask","Shuriken","Sundial","Tiny House","Calipers"],"potions_floor_usage":[11,20,24,33],"damage_taken":[{"damage":0,"enemies":"Jaw Worm","floor":1,"turns":5},{"damage":0,"enemies":"Cultist","floor":4,"turns":5},{"damage":0,"enemies":"Small Slimes","floor":7,"turns":4},{"damage":62,"enemies":"Gremlin Nob","floor":8,"turns":7},{"damage":5,"enemies":"Blue Slaver","floor":11,"turns":4},{"damage":0,"enemies":"Looter","floor":14,"turns":3},{"damage":45,"enemies":"Hexaghost","floor":16,"turns":16},{"damage":8,"enemies":"Chosen","floor":18,"turns":5},{"damage":0,"enemies":"Shell Parasite","floor":20,"turns":7},{"damage":37,"enemies":"Snecko","floor":21,"turns":9},{"damage":28,"enemies":"Sentry and Sphere","floor":24,"turns":9},{"damage":45,"enemies":"Automaton","floor":33,"turns":6}],"seed_played":"2153105431514469185","potions_obtained":[{"floor":8,"key":"Regen Potion"},{"floor":14,"key":"Dexterity Potion"},{"floor":16,"key":"Regen Potion"},{"floor":17,"key":"GhostInAJar"}],"is_trial":false,"path_per_floor":["M","?","?","M","$","R","M","E","T","R","M","$","?","M","R","B",null,"M","?","M","M","$","R","M","?","T","R","?","$","R","$","R","B"],"character_chosen":"THE_SILENT","items_purchased":["Flash of Steel","Finesse","Well Laid Plans"],"campfire_rested":3,"item_purchase_floors":[5,29,29],"current_hp_per_floor":[63,63,63,63,63,63,63,1,1,22,29,29,29,29,50,5,59,51,51,66,29,29,51,23,23,23,23,23,23,23,23,23,0],"gold":48,"neow_bonus":"UPGRADE_CARD","is_prod":false,"is_daily":false,"chose_seed":false,"campfire_upgraded":4,"win_rate":0,"timestamp":1543439949,"path_taken":["M","?","?","M","$","R","?","E","T","R","M","?","?","M","R","BOSS","M","?","M","M","$","R","M","?","T","R","?","$","R","$","R","BOSS"],"build_version":"2018-11-15","purchased_purges":2,"victory":false,"max_hp_per_floor":[70,70,70,70,70,70,70,70,70,70,70,70,70,70,70,70,75,75,75,75,75,75,75,75,52,52,52,52,52,52,52,52,52],"card_choices":[{"not_picked":["Deadly Poison","Bane"],"picked":"Backflip","floor":1},{"not_picked":["Flying Knee","Envenom"],"picked":"Deflect","floor":4},{"not_picked":["PiercingWail","Prepared"],"picked":"Backflip","floor":7},{"not_picked":["Expertise","A Thousand Cuts"],"picked":"Slice","floor":8},{"not_picked":["Poisoned Stab","Cloak And Dagger","Bane"],"picked":"SKIP","floor":11},{"not_picked":["Backflip","Crippling Poison","Finisher"],"picked":"SKIP","floor":14},{"not_picked":["Glass Knife","Wraith Form v2"],"picked":"Adrenaline","floor":16},{"not_picked":["Poisoned Stab","Dagger Throw","Quick Slash"],"picked":"SKIP","floor":18},{"not_picked":["Quick Slash","Distraction","Blade Dance"],"picked":"SKIP","floor":20},{"not_picked":["Acrobatics","Skewer","Flechettes"],"picked":"SKIP","floor":21},{"not_picked":["Flying Knee","Poisoned Stab"],"picked":"PiercingWail","floor":24}],"player_experience":219579,"relics_obtained":[{"floor":8,"key":"Shuriken"},{"floor":9,"key":"Sundial"},{"floor":26,"key":"Calipers"}],"event_choices":[{"damage_healed":0,"gold_gain":0,"player_choice":"Ignored","damage_taken":0,"max_hp_gain":0,"max_hp_loss":0,"event_name":"Liars Game","floor":2,"gold_loss":0},{"damage_healed":0,"gold_gain":0,"player_choice":"Trade","damage_taken":0,"relics_obtained":["GremlinMask"],"max_hp_gain":0,"max_hp_loss":0,"event_name":"FaceTrader","floor":3,"gold_loss":0},{"cards_removed":["Strike_G"],"damage_healed":0,"gold_gain":0,"player_choice":"Forget","damage_taken":0,"max_hp_gain":0,"max_hp_loss":0,"event_name":"Living Wall","floor":13,"gold_loss":0},{"cards_removed":["Defend_G"],"damage_healed":0,"gold_gain":0,"player_choice":"Elegance","damage_taken":0,"max_hp_gain":0,"max_hp_loss":0,"event_name":"Back to Basics","floor":19,"gold_loss":0},{"damage_healed":0,"gold_gain":0,"player_choice":"Became a vampire","damage_taken":0,"max_hp_gain":0,"max_hp_loss":23,"event_name":"Vampires","floor":25,"gold_loss":0,"cards_obtained":["Bite","Bite","Bite","Bite","Bite"]},{"damage_healed":0,"gold_gain":0,"player_choice":"Read","damage_taken":0,"max_hp_gain":0,"max_hp_loss":0,"event_name":"The Library","floor":28,"gold_loss":0,"cards_obtained":["After Image"]}],"is_beta":false,"boss_relics":[{"not_picked":["Orrery","Pandora\u0027s Box"],"picked":"Tiny House"}],"items_purged_floors":[12,22],"is_endless":false,"potions_floor_spawned":[8,14,16],"killed_by":"Automaton","ascension_level":9}