{"gold_per_floor":[115,115,40,54,54,54,88,4,4,4,30,44,14,26,26,99,99,76,76,76,37,37],"floor_reached":22,"playtime":581,"items_purged":["Strike_G"],"score":352,"play_id":"9a5210ae-057f-43de-b662-e9af8cbde9c8","local_time":"20190113204032","is_ascension_mode":true,"campfire_choices":[{"data":"Poisoned Stab","floor":6,"key":"SMITH"},{"data":"Neutralize","floor":10,"key":"SMITH"},{"data":"Catalyst","floor":15,"key":"SMITH"}],"neow_cost":"TEN_PERCENT_HP_LOSS","seed_source_timestamp":23411407007259,"circlet_count":0,"master_deck":["AscendersBane","Defend_G","Defend_G","Defend_G","Defend_G","Defend_G","Strike_G","Strike_G","Strike_G","Strike_G","Survivor","Neutralize","After Image","Poisoned Stab+1","Neutralize+1","Footwork","Heel Hook","Noxious Fumes","Leg Sweep","Well Laid Plans","Blade Dance","Catalyst+1","Catalyst","Ghostly","Ghostly","Ghostly","Noxious Fumes"],"relics":["Ring of the Snake","Pear","Letter Opener","Matryoshka","Sozu"],"potions_floor_usage":[11,18],"damage_taken":[{"damage":1,"enemies":"2 Louse","floor":1,"turns":5},{"damage":1,"enemies":"Cultist","floor":4,"turns":4},{"damage":8,"enemies":"Lagavulin","floor":7,"turns":9},{"damage":27,"enemies":"Gremlin Nob","floor":11,"turns":5},{"damage":2,"enemies":"Jaw Worm","floor":12,"turns":4},{"damage":3,"enemies":"Blue Slaver","floor":14,"turns":5},{"damage":19,"enemies":"The Guardian","floor":16,"turns":10},{"damage":13,"enemies":"2 Thieves","floor":18,"turns":4},{"damage":13,"enemies":"3 Byrds","floor":22,"turns":5}],"seed_played":"-720969411039228573","potions_obtained":[{"floor":1,"key":"LiquidBronze"},{"floor":7,"key":"Dexterity Potion"}],"is_trial":false,"path_per_floor":["M","?","$","M","?","R","E","$","T","R","E","M","$","M","R","B",null,"M","?","?","$","M"],"character_chosen":"THE_SILENT","items_purchased":["Noxious Fumes","Blade Dance","Noxious Fumes"],"campfire_rested":0,"item_purchase_floors":[8,13,21],"current_hp_per_floor":[58,58,58,57,57,57,59,59,59,59,32,30,30,27,27,8,55,42,42,35,35,22],"gold":37,"neow_bonus":"THREE_RARE_CARDS","is_prod":false,"is_daily":false,"chose_seed":false,"campfire_upgraded":3,"win_rate":0,"timestamp":1547412032,"path_taken":["M","?","?","?","?","R","E","?","T","R","E","M","$","M","R","BOSS","M","?","?","$","M"],"build_version":"2019-01-10","purchased_purges":1,"victory":false,"max_hp_per_floor":[60,60,60,60,60,60,70,70,70,70,70,70,70,70,70,70,70,70,70,35,35,35],"card_choices":[{"not_picked":["Burst","Tools of the Trade"],"picked":"After Image","floor":0},{"not_picked":["Flechettes","Prepared"],"picked":"Poisoned Stab","floor":1},{"not_picked":["PiercingWail","Quick Slash"],"picked":"Footwork","floor":4},{"not_picked":["Outmaneuver","Footwork"],"picked":"Heel Hook","floor":7},{"not_picked":["Noxious Fumes","Cloak And Dagger"],"picked":"Leg Sweep","floor":11},{"not_picked":["Expertise","Dodge and Roll"],"picked":"Well Laid Plans","floor":12},{"not_picked":["Dash","Underhanded Strike"],"picked":"Catalyst","floor":14},{"not_picked":["Bane","Dagger Spray"],"picked":"Catalyst","floor":18}],"player_experience":382738,"relics_obtained":[{"floor":7,"key":"Pear"},{"floor":9,"key":"Letter Opener"},{"floor":11,"key":"Matryoshka"}],"event_choices":[{"damage_healed":0,"gold_gain":0,"player_choice":"1 cards matched","damage_taken":0,"max_hp_gain":0,"max_hp_loss":0,"event_name":"Match and Keep!","floor":2,"gold_loss":0,"cards_obtained":["Neutralize"]},{"damage_healed":0,"gold_gain":0,"player_choice":"Leave","damage_taken":0,"max_hp_gain":0,"max_hp_loss":0,"event_name":"The Cleric","floor":5,"gold_loss":0},{"damage_healed":0,"gold_gain":0,"player_choice":"Became a Ghost","damage_taken":0,"max_hp_gain":0,"max_hp_loss":35,"event_name":"Ghosts","floor":20,"gold_loss":0,"cards_obtained":["Ghostly","Ghostly","Ghostly"]}],"is_beta":false,"boss_relics":[{"not_picked":["Orrery","Empty Cage"],"picked":"Sozu"}],"items_purged_floors":[3],"is_endless":false,"potions_floor_spawned":[1,7],"killed_by":"3 Byrds","ascension_level":17}