{"gold_per_floor":[168,181,181,181,196,196,196,214,214,250,250,266,286,305,305,428,428,419,0,23,23,23],"floor_reached":22,"playtime":640,"items_purged":[],"score":198,"play_id":"4209adf2-08b1-46e1-9ad2-7389d92c41fc","local_time":"20190129171309","is_ascension_mode":false,"campfire_choices":[{"data":"Armaments","floor":7,"key":"SMITH"},{"data":"Shockwave","floor":11,"key":"SMITH"},{"floor":15,"key":"REST"}],"neow_cost":"NONE","seed_source_timestamp":141847304405887,"circlet_count":0,"master_deck":["Strike_R","Strike_R","Strike_R","Defend_R+1","Defend_R","Defend_R","Defend_R","Bash","Rupture","Armaments+1","Bludgeon+1","Thunderclap","Flex","Shockwave+1","Metallicize","Barricade"],"relics":["Tiny House","Golden Idol","Molten Egg 2","Turnip","Empty Cage","Letter Opener"],"potions_floor_usage":[6,10,10,14,20],"damage_taken":[{"damage":6,"enemies":"Cultist","floor":1,"turns":3},{"damage":0,"enemies":"2 Louse","floor":2,"turns":3},{"damage":11,"enemies":"Jaw Worm","floor":5,"turns":2},{"damage":0,"enemies":"Lagavulin","floor":6,"turns":2},{"damage":7,"enemies":"Exordium Thugs","floor":8,"turns":4},{"damage":24,"enemies":"3 Sentries","floor":10,"turns":6},{"damage":9,"enemies":"2 Fungi Beasts","floor":12,"turns":4},{"damage":12,"enemies":"Blue Slaver","floor":13,"turns":2},{"damage":13,"enemies":"Exordium Thugs","floor":14,"turns":3},{"damage":25,"enemies":"The Guardian","floor":16,"turns":13},{"damage":14,"enemies":"2 Thieves","floor":18,"turns":4},{"damage":50,"enemies":"Spheric Guardian","floor":20,"turns":8},{"damage":15,"enemies":"Snecko","floor":22,"turns":4}],"seed_played":"-7749337350012815145","potions_obtained":[{"floor":0,"key":"SmokeBomb"},{"floor":1,"key":"Poison Potion"},{"floor":5,"key":"EssenceOfSteel"},{"floor":13,"key":"Fire Potion"},{"floor":16,"key":"PowerPotion"},{"floor":20,"key":"FearPotion"}],"is_trial":false,"path_per_floor":["M","M","?","?","M","E","R","M","T","E","R","M","M","M","R","B",null,"M","?","M","T","M"],"character_chosen":"IRONCLAD","items_purchased":[],"campfire_rested":1,"item_purchase_floors":[],"current_hp_per_floor":[79,79,79,79,68,68,68,61,61,37,37,28,16,3,26,1,79,65,65,15,15,0],"gold":23,"neow_bonus":"BOSS_RELIC","is_prod":false,"is_daily":false,"chose_seed":false,"campfire_upgraded":2,"win_rate":0,"timestamp":1548799989,"path_taken":["M","M","?","?","M","E","R","M","T","E","R","M","M","?","R","BOSS","M","?","M","?","M"],"build_version":"2019-01-23","purchased_purges":0,"victory":false,"max_hp_per_floor":[85,85,79,79,79,79,79,79,79,79,79,79,79,79,79,79,79,79,79,79,79,79],"card_choices":[{"not_picked":["Sword Boomerang","Pommel Strike"],"picked":"Rupture","floor":0},{"not_picked":["Anger","Clash"],"picked":"Armaments","floor":1},{"not_picked":["Armaments","Pummel"],"picked":"Bludgeon","floor":2},{"not_picked":["True Grit","Intimidate"],"picked":"Thunderclap","floor":5},{"not_picked":["Cleave","Burning Pact"],"picked":"Flex","floor":8},{"not_picked":["Iron Wave+1","True Grit"],"picked":"Shockwave","floor":10},{"not_picked":["Havoc","Combust","Second Wind"],"picked":"SKIP","floor":12},{"not_picked":["True Grit","Heavy Blade+1","Fire Breathing"],"picked":"SKIP","floor":13},{"not_picked":["Pummel+1","Ghostly Armor"],"picked":"Metallicize","floor":14},{"not_picked":["Double Tap","Impervious"],"picked":"Barricade","floor":16},{"not_picked":["Shockwave","Infernal Blade","Flex"],"picked":"SKIP","floor":18},{"not_picked":["Burning Pact","Twin Strike+1","Corruption"],"picked":"SKIP","floor":20}],"player_experience":404493,"relics_obtained":[{"floor":9,"key":"Molten Egg 2"},{"floor":10,"key":"Turnip"},{"floor":21,"key":"Letter Opener"}],"event_choices":[{"damage_healed":0,"gold_gain":0,"player_choice":"Lose Max HP","damage_taken":0,"relics_obtained":["Golden Idol"],"max_hp_gain":0,"max_hp_loss":6,"event_name":"Golden Idol","floor":3,"gold_loss":0},{"damage_healed":0,"gold_gain":0,"player_choice":"Forge","damage_taken":0,"max_hp_gain":0,"max_hp_loss":0,"event_name":"Accursed Blacksmith","floor":4,"gold_loss":0,"cards_upgraded":["Bludgeon"]},{"damage_healed":0,"gold_gain":0,"player_choice":"Paid Fearfully","damage_taken":0,"max_hp_gain":0,"max_hp_loss":0,"event_name":"Masked Bandits","floor":19,"gold_loss":419}],"is_beta":false,"boss_relics":[{"not_picked":["Runic Cube","Runic Pyramid"],"picked":"Empty Cage"}],"items_purged_floors":[],"is_endless":false,"potions_floor_spawned":[1,5,6,13,16,20],"killed_by":"Snecko","ascension_level":0}