{"gold_per_floor":[118,34,34,52,67,82,82,102,150,182,182,182,237,249,249,353,353,373,170,80,100,112,112,125,160,185,185,220,220,231,41,41,41],"floor_reached":33,"playtime":1431,"items_purged":["Strike_G","Strike_G"],"score":347,"play_id":"5ba2e66c-257b-4b01-a21a-3d2b4e77aa63","local_time":"20181215024151","is_ascension_mode":false,"campfire_choices":[{"data":"Blind","floor":7,"key":"SMITH"},{"data":"Skewer","floor":11,"key":"SMITH"},{"floor":15,"key":"REST"},{"data":"Tactician","floor":23,"key":"SMITH"},{"data":"Acrobatics","floor":27,"key":"SMITH"},{"data":"Neutralize","floor":32,"key":"SMITH"}],"neow_cost":"PERCENT_DAMAGE","seed_source_timestamp":134265174200511,"circlet_count":0,"master_deck":["Defend_G","Defend_G","Defend_G","Defend_G","Defend_G","Survivor","Neutralize+1","Tools of the Trade","Underhanded Strike","Blind+1","Iron Wave","Dagger Spray","Tactician+1","PiercingWail","PiercingWail+1","Skewer+1","Backflip","Backstab","Adrenaline","Terror+1","Expertise","Acrobatics+1","Backflip","Calculated Gamble","Caltrops+1","PiercingWail+1","Caltrops","Impatience+1"],"relics":["Ring of the Snake","Boot","Gremlin Horn","Tiny Chest","HoveringKite","Toxic Egg 2","Orichalcum","Bottled Lightning"],"potions_floor_usage":[10,10,10,16,24,25,28],"damage_taken":[{"damage":0,"enemies":"2 Louse","floor":1,"turns":3},{"damage":0,"enemies":"Cultist","floor":4,"turns":4},{"damage":1,"enemies":"Jaw Worm","floor":5,"turns":4},{"damage":10,"enemies":"2 Fungi Beasts","floor":6,"turns":5},{"damage":3,"enemies":"Red Slaver","floor":8,"turns":6},{"damage":20,"enemies":"Lagavulin","floor":10,"turns":7},{"damage":10,"enemies":"3 Sentries","floor":13,"turns":8},{"damage":0,"enemies":"Blue Slaver","floor":14,"turns":4},{"damage":18,"enemies":"The Guardian","floor":16,"turns":13},{"damage":7,"enemies":"Shell Parasite","floor":18,"turns":5},{"damage":2,"enemies":"2 Thieves","floor":21,"turns":3},{"damage":0,"enemies":"Centurion and Healer","floor":22,"turns":7},{"damage":12,"enemies":"Snecko","floor":24,"turns":5},{"damage":0,"enemies":"Slavers","floor":25,"turns":5},{"damage":0,"enemies":"Gremlin Leader","floor":28,"turns":3},{"damage":8,"enemies":"Sentry and Sphere","floor":30,"turns":6},{"damage":58,"enemies":"Champ","floor":33,"turns":11}],"seed_played":"-3482054154862025219","potions_obtained":[{"floor":5,"key":"Energy Potion"},{"floor":6,"key":"Energy Potion"},{"floor":8,"key":"LiquidBronze"},{"floor":13,"key":"Swift Potion"},{"floor":22,"key":"Regen Potion"},{"floor":24,"key":"AttackPotion"},{"floor":25,"key":"SteroidPotion"}],"is_trial":false,"path_per_floor":["M","$","?","M","M","M","R","M","T","E","R","?","E","M","R","B",null,"M","$","?","M","M","R","M","E","T","R","E","?","M","$","R","B"],"character_chosen":"THE_SILENT","items_purchased":["Blind","Expertise","Acrobatics","Impatience+1"],"campfire_rested":1,"item_purchase_floors":[2,19,19,31],"current_hp_per_floor":[49,49,49,49,48,38,38,35,35,15,15,15,5,5,26,8,70,63,63,63,61,61,61,61,61,61,61,61,61,53,53,53,0],"gold":41,"neow_bonus":"THREE_RARE_CARDS","is_prod":false,"is_daily":false,"chose_seed":false,"campfire_upgraded":5,"win_rate":0,"timestamp":1544841711,"path_taken":["M","$","?","?","M","M","R","?","T","E","R","?","E","M","R","BOSS","M","$","?","?","M","R","M","E","T","R","E","?","M","?","R","BOSS"],"build_version":"2018-12-13","purchased_purges":2,"victory":false,"max_hp_per_floor":[70,70,70,70,70,70,70,70,70,70,70,70,70,70,70,70,70,70,70,70,70,70,70,70,70,70,70,70,70,70,70,70,70],"card_choices":[{"not_picked":["Storm of Steel","Corpse Explosion"],"picked":"Tools of the Trade","floor":0},{"not_picked":["Outmaneuver","Prepared"],"picked":"Underhanded Strike","floor":1},{"not_picked":["Underhanded Strike","Deadly Poison"],"picked":"Dagger Spray","floor":4},{"not_picked":["PiercingWail","Dagger Spray"],"picked":"Tactician","floor":5},{"not_picked":["Underhanded Strike","Quick Slash"],"picked":"PiercingWail","floor":6},{"not_picked":["Flying Knee","Dodge and Roll"],"picked":"PiercingWail","floor":8},{"not_picked":["Tools of the Trade","Outmaneuver"],"picked":"Skewer","floor":10},{"not_picked":["Prepared","Quick Slash"],"picked":"Backflip","floor":13},{"not_picked":["Bane","Deadly Poison"],"picked":"Backstab","floor":14},{"not_picked":["After Image","Corpse Explosion"],"picked":"Adrenaline","floor":16},{"not_picked":["Skewer","Finisher"],"picked":"Terror+1","floor":18},{"not_picked":["Dagger Spray+1","Bouncing Flask"],"picked":"Backflip","floor":21},{"not_picked":["Dash","Slice"],"picked":"Calculated Gamble","floor":22},{"not_picked":["All Out Attack+1","Choke"],"picked":"Caltrops+1","floor":24},{"not_picked":["Blade Dance","Prepared","Dodge and Roll"],"picked":"SKIP","floor":25},{"not_picked":["Sucker Punch+1","Bane"],"picked":"PiercingWail+1","floor":28},{"not_picked":["Deflect+1","Flechettes"],"picked":"Caltrops","floor":30}],"player_experience":269024,"relics_obtained":[{"floor":9,"key":"Boot"},{"floor":10,"key":"Gremlin Horn"},{"floor":13,"key":"Tiny Chest"},{"floor":25,"key":"Toxic Egg 2"},{"floor":26,"key":"Orichalcum"},{"floor":28,"key":"Bottled Lightning"}],"event_choices":[{"cards_removed":["Strike_G"],"damage_healed":0,"gold_gain":0,"player_choice":"Took Card","damage_taken":0,"max_hp_gain":0,"max_hp_loss":0,"event_name":"NoteForYourself","floor":3,"gold_loss":0,"cards_obtained":["Iron Wave"]},{"cards_removed":["Strike_G"],"damage_healed":0,"gold_gain":0,"player_choice":"Forget","damage_taken":0,"max_hp_gain":0,"max_hp_loss":0,"event_name":"Living Wall","floor":12,"gold_loss":0},{"cards_removed":["Strike_G"],"damage_healed":0,"gold_gain":0,"player_choice":"Upgrade and Remove","damage_taken":0,"max_hp_gain":0,"max_hp_loss":0,"event_name":"Designer","floor":20,"gold_loss":90,"cards_upgraded":["PiercingWail"]},{"damage_healed":0,"gold_gain":0,"player_choice":"Ignored","damage_taken":0,"max_hp_gain":0,"max_hp_loss":0,"event_name":"The Mausoleum","floor":29,"gold_loss":0}],"is_beta":false,"boss_relics":[{"not_picked":["Runic Dome","Lizard Tail"],"picked":"HoveringKite"}],"items_purged_floors":[19,31],"is_endless":false,"potions_floor_spawned":[5,6,8,13,22,24,25],"killed_by":"Champ","ascension_level":0}