{"gold_per_floor":[117,117,117,117,77,77,117,117,117,131,131,152,152,18,18,148,148,164,164,178,201,219,219,129,172,172,24,24,24,39,39,39,169,169,187,187,18,0,0,0,0],"floor_reached":41,"playtime":974,"items_purged":["Strike_G","Dagger Throw+1"],"score":559,"play_id":"bdc75bbf-7622-421a-a575-436da5c42cf3","local_time":"20181115221341","is_ascension_mode":true,"campfire_choices":[{"data":"Envenom","floor":6,"key":"SMITH"},{"data":"Neutralize","floor":8,"key":"SMITH"},{"floor":11,"key":"REST"},{"data":"Catalyst","floor":15,"key":"SMITH"},{"floor":23,"key":"REST"},{"floor":29,"key":"REST"},{"floor":32,"key":"REST"},{"floor":40,"key":"REST"}],"neow_cost":"NONE","seed_source_timestamp":11335242820020,"circlet_count":0,"master_deck":["Defend_G","Defend_G","Defend_G","Defend_G","Survivor+1","Neutralize+1","Envenom+1","Footwork","Cloak And Dagger","Footwork+1","Infinite Blades+1","Catalyst+1","Blade Dance","Corpse Explosion+1","Poisoned Stab+1","Escape Plan","Poisoned Stab","Deadly Poison+1","Well Laid Plans+1","Footwork+1","After Image+1","Cloak And Dagger+1","Predator+1","Blade Dance+1","Doppelganger"],"relics":["Ring of the Snake","Golden Idol","Frozen Egg 2","Blood Vial","StoneCalendar","Sozu","Bag of Marbles","Boot","Astrolabe","Red Mask"],"potions_floor_usage":[7,7,7,13,16,18,30],"damage_taken":[{"damage":1,"enemies":"Small Slimes","floor":1,"turns":7},{"damage":18,"enemies":"Gremlin Nob","floor":7,"turns":4},{"damage":0,"enemies":"Jaw Worm","floor":10,"turns":7},{"damage":0,"enemies":"Cultist","floor":12,"turns":3},{"damage":0,"enemies":"3 Louse","floor":13,"turns":1},{"damage":34,"enemies":"Hexaghost","floor":16,"turns":10},{"damage":31,"enemies":"Spheric Guardian","floor":18,"turns":6},{"damage":7,"enemies":"3 Byrds","floor":20,"turns":4},{"damage":12,"enemies":"Cultist and Chosen","floor":21,"turns":7},{"damage":8,"enemies":"3 Cultists","floor":22,"turns":3},{"damage":30,"enemies":"Slavers","floor":25,"turns":6},{"damage":16,"enemies":"Snake Plant","floor":30,"turns":3},{"damage":20,"enemies":"Champ","floor":33,"turns":8},{"damage":31,"enemies":"3 Shapes","floor":35,"turns":4},{"damage":44,"enemies":"Reptomancer","floor":41,"turns":2}],"seed_played":"314952742799280255","potions_obtained":[{"floor":5,"key":"SpeedPotion"},{"floor":5,"key":"EntropicBrew"},{"floor":5,"key":"FearPotion"},{"floor":7,"key":"Regen Potion"},{"floor":16,"key":"Energy Potion"}],"is_trial":false,"path_per_floor":["M","?","?","?","?","R","E","R","T","M","R","M","M","$","R","B",null,"M","?","M","M","M","R","?","E","T","$","?","R","M","$","R","B",null,"M","?","$","?","$","R","E"],"character_chosen":"THE_SILENT","items_purchased":["Catalyst","Blade Dance","Footwork+1","Doppelganger"],"campfire_rested":5,"item_purchase_floors":[14,14,27,37],"current_hp_per_floor":[62,55,55,43,43,43,25,25,25,27,46,48,50,50,50,18,53,38,38,33,23,17,36,36,8,8,8,8,27,13,13,32,14,52,23,23,23,23,23,41,0],"gold":0,"neow_bonus":"ONE_RANDOM_RARE_CARD","is_prod":false,"is_daily":false,"chose_seed":false,"campfire_upgraded":3,"win_rate":0,"timestamp":1542320021,"path_taken":["M","?","?","?","?","R","E","R","T","?","R","M","M","$","R","BOSS","M","?","?","?","M","R","?","E","T","?","?","R","?","$","R","BOSS","M","?","$","?","$","R","E"],"build_version":"2018-11-08","purchased_purges":2,"victory":false,"max_hp_per_floor":[70,70,65,65,65,65,65,65,65,65,65,65,65,65,65,65,65,65,65,65,65,65,65,65,65,65,65,65,65,65,65,65,65,65,65,62,62,62,62,62,62],"card_choices":[{"not_picked":["Cloak And Dagger","Sucker Punch"],"picked":"Footwork","floor":1},{"not_picked":["Expertise","Acrobatics"],"picked":"Cloak And Dagger","floor":7},{"not_picked":["Caltrops+1","Predator"],"picked":"Footwork+1","floor":10},{"not_picked":["Slice","Dodge and Roll"],"picked":"Infinite Blades+1","floor":12},{"not_picked":["Malaise","A Thousand Cuts+1"],"picked":"Corpse Explosion","floor":16},{"not_picked":["Cloak And Dagger","Dodge and Roll"],"picked":"Poisoned Stab+1","floor":18},{"not_picked":["Dagger Spray+1","Blade Dance"],"picked":"Escape Plan","floor":20},{"not_picked":["Deflect","Infinite Blades+1"],"picked":"Poisoned Stab","floor":21},{"not_picked":["Riddle With Holes+1","Well Laid Plans+1"],"picked":"Deadly Poison+1","floor":22},{"not_picked":["Terror","Setup+1"],"picked":"Well Laid Plans+1","floor":25},{"not_picked":["Blur","Prepared+1"],"picked":"Cloak And Dagger+1","floor":30},{"not_picked":["Setup","Flying Knee","Heel Hook+1"],"picked":"SKIP","floor":35}],"player_experience":170367,"relics_obtained":[{"floor":7,"key":"Blood Vial"},{"floor":9,"key":"StoneCalendar"},{"floor":25,"key":"Bag of Marbles"},{"floor":26,"key":"Boot"}],"event_choices":[{"cards_removed":["Strike_G"],"damage_healed":0,"gold_gain":0,"player_choice":"Card Removal","damage_taken":7,"max_hp_gain":0,"max_hp_loss":0,"event_name":"Golden Wing","floor":2,"gold_loss":0},{"damage_healed":0,"gold_gain":0,"player_choice":"Lose Max HP","damage_taken":0,"relics_obtained":["Golden Idol"],"max_hp_gain":0,"max_hp_loss":5,"event_name":"Golden Idol","floor":3,"gold_loss":0},{"damage_healed":0,"gold_gain":0,"player_choice":"Success","damage_taken":12,"relics_obtained":["Frozen Egg 2"],"max_hp_gain":0,"max_hp_loss":0,"event_name":"Scrap Ooze","floor":4,"gold_loss":0},{"damage_healed":0,"gold_gain":0,"player_choice":"Bought 3 Potions","damage_taken":0,"max_hp_gain":0,"max_hp_loss":0,"event_name":"The Woman in Blue","floor":5,"gold_loss":0},{"damage_healed":0,"gold_gain":0,"player_choice":"Forge","damage_taken":0,"max_hp_gain":0,"max_hp_loss":0,"event_name":"Accursed Blacksmith","floor":19,"gold_loss":0,"cards_upgraded":["Corpse Explosion"]},{"cards_removed":["Strike_G"],"damage_healed":0,"gold_gain":0,"player_choice":"Upgrade and Remove","damage_taken":0,"max_hp_gain":0,"max_hp_loss":0,"event_name":"Designer","floor":24,"gold_loss":90,"cards_upgraded":["Survivor"]},{"damage_healed":0,"gold_gain":0,"player_choice":"1 cards matched","damage_taken":0,"max_hp_gain":0,"max_hp_loss":0,"event_name":"Match and Keep!","floor":28,"gold_loss":0,"cards_obtained":["After Image"]},{"damage_healed":0,"gold_gain":0,"player_choice":"Max HP","damage_taken":0,"max_hp_gain":0,"max_hp_loss":3,"event_name":"Winding Halls","floor":36,"gold_loss":0},{"damage_healed":0,"gold_gain":0,"player_choice":"Paid","damage_taken":0,"relics_obtained":["Red Mask"],"max_hp_gain":0,"max_hp_loss":0,"event_name":"Tomb of Lord Red Mask","floor":38,"gold_loss":18}],"is_beta":false,"boss_relics":[{"not_picked":["Coffee Dripper","Runic Pyramid"],"picked":"Sozu"},{"not_picked":["WristBlade","Black Star"],"picked":"Astrolabe"}],"items_purged_floors":[27,37],"is_endless":false,"potions_floor_spawned":[7,12,16,21,22,30,35],"killed_by":"Reptomancer","ascension_level":6}