{"gold_per_floor":[367,387,118,138,91,125,125,142,142,142,158,83,83,100,100,202,202,220,220,220,234,34,60,60,77,104,129,141,153],"floor_reached":29,"playtime":1214,"items_purged":["Writhe"],"score":276,"play_id":"bc34cb9a-8081-459c-be78-d7190f0d1a28","local_time":"20190202005451","is_ascension_mode":true,"campfire_choices":[{"data":"Zap","floor":10,"key":"SMITH"},{"floor":13,"key":"REST"},{"data":"Glacier","floor":15,"key":"SMITH"},{"data":"Hyperbeam","floor":24,"key":"SMITH"},{"floor":28,"key":"REST"}],"neow_cost":"CURSE","seed_source_timestamp":477696914613264,"circlet_count":0,"master_deck":["Strike_B","Strike_B","Strike_B","Strike_B","Defend_B+1","Defend_B","Defend_B","Defend_B","Zap+1","Dualcast+1","Gash","Glacier+1","FTL+1","Go for the Eyes","Cold Snap","Conserve Battery+1","Skim","Streamline","Self Repair","Consume","Hyperbeam+1","Go for the Eyes","Writhe","Turbo","Hologram","Gash","Stack+1","Go for the Eyes","Reprogram+1","Sweeping Beam+1"],"relics":["Cracked Core","PreservedInsect","Du-Vu Doll","FossilizedHelix","Nuclear Battery","Nunchaku","Dream Catcher","Frozen Egg 2","War Paint","MawBank"],"potions_floor_usage":[4,8,16,16],"damage_taken":[{"damage":10,"enemies":"Small Slimes","floor":1,"turns":3},{"damage":13,"enemies":"Jaw Worm","floor":2,"turns":3},{"damage":0,"enemies":"Cultist","floor":4,"turns":3},{"damage":7,"enemies":"Lagavulin","floor":6,"turns":8},{"damage":4,"enemies":"Lots of Slimes","floor":8,"turns":4},{"damage":25,"enemies":"Gremlin Gang","floor":11,"turns":5},{"damage":2,"enemies":"2 Fungi Beasts","floor":14,"turns":3},{"damage":10,"enemies":"The Guardian","floor":16,"turns":9},{"damage":20,"enemies":"Spheric Guardian","floor":18,"turns":4},{"damage":0,"enemies":"Chosen","floor":21,"turns":3},{"damage":42,"enemies":"Slavers","floor":23,"turns":4},{"damage":13,"enemies":"Centurion and Healer","floor":25,"turns":8},{"damage":6,"enemies":"Book of Stabbing","floor":27,"turns":5},{"damage":41,"enemies":"Cultist and Chosen","floor":29,"turns":8}],"seed_played":"2900554610869761989","potions_obtained":[{"floor":1,"key":"SkillPotion"},{"floor":6,"key":"PowerPotion"},{"floor":11,"key":"PowerPotion"},{"floor":14,"key":"PowerPotion"},{"floor":25,"key":"Dexterity Potion"}],"is_trial":false,"path_per_floor":["M","M","$","M","$","E","?","M","T","R","M","$","R","M","R","B",null,"M","?","?","M","$","E","R","M","T","E","R","M"],"character_chosen":"DEFECT","items_purchased":["PreservedInsect","FTL","Cold Snap","Self Repair","Gash","Dream Catcher"],"campfire_rested":2,"item_purchase_floors":[3,3,5,12,22,22],"current_hp_per_floor":[65,52,52,52,52,45,30,26,26,26,1,1,23,28,28,18,75,62,62,62,69,69,34,34,28,28,29,51,10],"gold":153,"neow_bonus":"TWO_FIFTY_GOLD","is_prod":false,"is_daily":false,"chose_seed":false,"campfire_upgraded":3,"win_rate":0,"timestamp":1549036491,"path_taken":["M","M","$","M","$","E","?","M","T","R","M","$","R","M","R","BOSS","M","?","?","?","?","E","R","?","T","E","R","M"],"build_version":"2019-01-23","purchased_purges":1,"victory":false,"max_hp_per_floor":[75,75,75,75,75,75,75,75,75,75,75,75,75,75,75,75,75,75,75,75,75,75,75,75,75,75,75,75,75],"card_choices":[{"not_picked":["Rip and Tear","Rebound"],"picked":"Gash","floor":1},{"not_picked":["Sweeping Beam","Self Repair"],"picked":"Glacier","floor":2},{"not_picked":["Redo","Turbo"],"picked":"Go for the Eyes","floor":4},{"not_picked":["Chaos","Compile Driver"],"picked":"Conserve Battery","floor":6},{"not_picked":["Conserve Battery","Steam Power"],"picked":"Skim","floor":8},{"not_picked":["Steam","Cold Snap"],"picked":"Streamline","floor":11},{"not_picked":["Force Field","Turbo"],"picked":"Consume","floor":14},{"not_picked":["Electrodynamics","Machine Learning"],"picked":"Hyperbeam","floor":16},{"not_picked":["Darkness+1","Streamline"],"picked":"Go for the Eyes","floor":18},{"not_picked":["Stack","Steam"],"picked":"Hologram","floor":21},{"not_picked":["Reinforced Body","Coolheaded"],"picked":"Stack+1","floor":23},{"not_picked":["Streamline","Ball Lightning"],"picked":"Go for the Eyes","floor":25},{"not_picked":["Cold Snap","Ball Lightning"],"picked":"Reprogram+1","floor":27},{"not_picked":["Blizzard","Go for the Eyes"],"picked":"Sweeping Beam+1","floor":28}],"player_experience":58033,"relics_obtained":[{"floor":6,"key":"Du-Vu Doll"},{"floor":9,"key":"FossilizedHelix"},{"floor":23,"key":"Frozen Egg 2"},{"floor":26,"key":"War Paint"},{"floor":27,"key":"MawBank"}],"event_choices":[{"damage_healed":0,"gold_gain":0,"player_choice":"Entered Light","damage_taken":15,"max_hp_gain":0,"max_hp_loss":0,"event_name":"Shining Light","floor":7,"gold_loss":0,"cards_upgraded":["FTL","Dualcast"]},{"damage_healed":0,"gold_gain":0,"player_choice":"Opened","damage_taken":0,"relics_obtained":["Nunchaku"],"max_hp_gain":0,"max_hp_loss":0,"event_name":"The Mausoleum","floor":19,"gold_loss":0,"cards_obtained":["Writhe"]},{"damage_healed":0,"gold_gain":0,"player_choice":"Read","damage_taken":0,"max_hp_gain":0,"max_hp_loss":0,"event_name":"The Library","floor":20,"gold_loss":0,"cards_obtained":["Turbo"]}],"is_beta":false,"boss_relics":[{"not_picked":["Lizard Tail","Philosopher\u0027s Stone"],"picked":"Nuclear Battery"}],"items_purged_floors":[3],"is_endless":false,"potions_floor_spawned":[1,6,11,14,25],"killed_by":"Cultist and Chosen","ascension_level":1}