{"gold_per_floor":[116,116,116,191,215,215,249,265,265,309,309,309,309,330,330,426,426,444,459,509,120,143,143,166,166],"floor_reached":25,"playtime":1675,"items_purged":[],"score":437,"play_id":"9b090570-99d4-4f11-9fb0-b9d31e91f811","local_time":"20190131143248","is_ascension_mode":true,"campfire_choices":[{"data":"Neutralize","floor":6,"key":"SMITH"},{"floor":13,"key":"REST"},{"data":"Leg Sweep","floor":15,"key":"SMITH"},{"data":"Infinite Blades","floor":23,"key":"SMITH"}],"neow_cost":"NONE","seed_source_timestamp":766204542499361,"circlet_count":0,"master_deck":["AscendersBane","Defend_G+1","Defend_G","Defend_G","Defend_G","Strike_G","Strike_G+1","Strike_G","Survivor","Neutralize+1","All Out Attack","Sucker Punch","Dash","Slice","Leg Sweep+1","PiercingWail","Die Die Die","Venomology+1","Malaise+1","Tactician+1","Deflect","Slice","Infinite Blades+1","PiercingWail"],"relics":["Ring of the Snake","NeowsBlessing","Golden Idol","Kunai","Potion Belt","Astrolabe","Membership Card","Gremlin Horn"],"potions_floor_usage":[16,19,19,22,24,24,24,24,25,25,25],"damage_taken":[{"damage":0,"enemies":"Jaw Worm","floor":1,"turns":1},{"damage":0,"enemies":"Small Slimes","floor":5,"turns":1},{"damage":0,"enemies":"3 Sentries","floor":7,"turns":1},{"damage":0,"enemies":"Cultist","floor":8,"turns":3},{"damage":18,"enemies":"Lagavulin","floor":10,"turns":8},{"damage":3,"enemies":"Large Slime","floor":14,"turns":7},{"damage":24,"enemies":"Hexaghost","floor":16,"turns":13},{"damage":0,"enemies":"3 Byrds","floor":18,"turns":7},{"damage":1,"enemies":"Chosen","floor":19,"turns":7},{"damage":3,"enemies":"Snake Plant","floor":22,"turns":9},{"damage":35,"enemies":"Sentry and Sphere","floor":24,"turns":8},{"damage":5,"enemies":"Book of Stabbing","floor":25,"turns":6}],"seed_played":"-7200971382452166316","potions_obtained":[{"floor":10,"key":"LiquidBronze"},{"floor":14,"key":"Explosive Potion"},{"floor":16,"key":"GamblersBrew"},{"floor":18,"key":"Weak Potion"},{"floor":24,"key":"Dexterity Potion"}],"is_trial":false,"path_per_floor":["M","?","?","?","M","R","E","M","T","E","?","?","R","M","R","B",null,"M","M","?","$","M","R","M","E"],"character_chosen":"THE_SILENT","items_purchased":["Membership Card","Gremlin Horn","SteroidPotion"],"campfire_rested":1,"item_purchase_floors":[21,21,21],"current_hp_per_floor":[59,59,59,48,48,48,48,48,48,30,30,10,29,26,26,2,50,50,49,43,43,40,40,5,0],"gold":166,"neow_bonus":"THREE_ENEMY_KILL","is_prod":false,"is_daily":false,"chose_seed":false,"campfire_upgraded":3,"win_rate":0,"timestamp":1548966768,"path_taken":["M","?","?","?","?","R","E","?","T","E","?","?","R","M","R","BOSS","M","M","?","$","?","R","?","E"],"build_version":"2019-01-23","purchased_purges":0,"victory":false,"max_hp_per_floor":[66,66,66,66,66,66,66,66,66,66,66,66,66,66,66,66,66,66,66,66,66,66,66,66,66],"card_choices":[{"not_picked":["Dodge and Roll","Cloak And Dagger"],"picked":"All Out Attack","floor":1},{"not_picked":["Dodge and Roll","Deflect"],"picked":"Sucker Punch","floor":5},{"not_picked":["Finisher","PiercingWail"],"picked":"Dash","floor":7},{"not_picked":["Dodge and Roll","Prepared"],"picked":"Slice","floor":8},{"not_picked":["Blur","Heel Hook"],"picked":"Leg Sweep","floor":10},{"not_picked":["All Out Attack","Terror"],"picked":"PiercingWail","floor":14},{"not_picked":["Burst","Phantasmal Killer"],"picked":"Die Die Die","floor":16},{"not_picked":["Choke","Accuracy"],"picked":"Deflect","floor":18},{"not_picked":["Underhanded Strike","Concentrate"],"picked":"Slice","floor":19},{"not_picked":["Flying Knee","Outmaneuver"],"picked":"Infinite Blades","floor":22},{"not_picked":["Terror","Backflip"],"picked":"PiercingWail","floor":24}],"player_experience":643433,"relics_obtained":[{"floor":9,"key":"Kunai"},{"floor":10,"key":"Potion Belt"}],"event_choices":[{"damage_healed":0,"gold_gain":0,"player_choice":"Take Wound","damage_taken":0,"relics_obtained":["Golden Idol"],"max_hp_gain":0,"max_hp_loss":0,"event_name":"Golden Idol","floor":2,"gold_loss":0,"cards_obtained":["Injury"]},{"cards_removed":["Injury"],"damage_healed":0,"gold_gain":0,"player_choice":"Forget","damage_taken":0,"max_hp_gain":0,"max_hp_loss":0,"event_name":"Living Wall","floor":3,"gold_loss":0},{"damage_healed":0,"gold_gain":75,"player_choice":"Gather Gold","damage_taken":11,"max_hp_gain":0,"max_hp_loss":0,"event_name":"World of Goop","floor":4,"gold_loss":0},{"damage_healed":0,"gold_gain":0,"player_choice":"Ignored","damage_taken":0,"max_hp_gain":0,"max_hp_loss":0,"event_name":"Liars Game","floor":11,"gold_loss":0},{"damage_healed":0,"gold_gain":0,"player_choice":"Entered Light","damage_taken":20,"max_hp_gain":0,"max_hp_loss":0,"event_name":"Shining Light","floor":12,"gold_loss":0,"cards_upgraded":["Strike_G","Defend_G"]},{"damage_healed":0,"gold_gain":50,"player_choice":"Touch","damage_taken":6,"max_hp_gain":0,"max_hp_loss":0,"event_name":"FaceTrader","floor":20,"gold_loss":0}],"is_beta":false,"boss_relics":[{"not_picked":["Runic Pyramid","Ring of the Serpent"],"picked":"Astrolabe"}],"items_purged_floors":[],"is_endless":false,"potions_floor_spawned":[10,14,16,18,22,24],"killed_by":"Book of Stabbing","ascension_level":17}