{"gold_per_floor":[359,45,56,73,23,23,35,35,35,35,65,65,11,31,31,31],"floor_reached":16,"playtime":388,"items_purged":["Strike_G"],"score":190,"play_id":"c5af7889-2f1e-4567-8f3f-f4afca9d323a","local_time":"20190115222310","is_ascension_mode":true,"campfire_choices":[{"data":"Thinking Ahead","floor":6,"key":"SMITH"},{"data":"Deadly Poison","floor":10,"key":"SMITH"},{"data":"Backflip","floor":12,"key":"SMITH"},{"data":"Bane","floor":15,"key":"SMITH"}],"neow_cost":"TEN_PERCENT_HP_LOSS","seed_source_timestamp":15826306478821,"circlet_count":0,"master_deck":["AscendersBane","Defend_G","Defend_G","Defend_G","Defend_G","Defend_G","Strike_G","Strike_G","Strike_G","Strike_G","Survivor","Neutralize","Deadly Poison+1","Backflip+1","Thinking Ahead+1","Escape Plan","Bane+1","Slice","Poisoned Stab+1","Escape Plan","Dodge and Roll"],"relics":["Ring of the Snake","Mummified Hand","Ninja Scroll"],"potions_floor_usage":[11,11,14,16],"damage_taken":[{"damage":5,"enemies":"Small Slimes","floor":1,"turns":7},{"damage":3,"enemies":"2 Louse","floor":3,"turns":4},{"damage":1,"enemies":"Cultist","floor":4,"turns":4},{"damage":1,"enemies":"Looter","floor":7,"turns":3},{"damage":24,"enemies":"Gremlin Nob","floor":11,"turns":4},{"damage":5,"enemies":"Gremlin Gang","floor":14,"turns":4},{"damage":24,"enemies":"Slime Boss","floor":16,"turns":8}],"seed_played":"-3081559258345246862","potions_obtained":[{"floor":3,"key":"Fire Potion"},{"floor":7,"key":"Weak Potion"},{"floor":11,"key":"Dexterity Potion"}],"is_trial":false,"path_per_floor":["M","$","M","M","$","R","M","?","T","R","E","R","$","M","R","B"],"character_chosen":"THE_SILENT","items_purchased":["Backflip","Thinking Ahead","Slice","PowerPotion"],"campfire_rested":0,"item_purchase_floors":[2,2,5,13],"current_hp_per_floor":[54,54,51,50,50,50,49,49,49,49,25,25,25,20,20,0],"gold":31,"neow_bonus":"TWO_FIFTY_GOLD","is_prod":false,"is_daily":false,"chose_seed":false,"campfire_upgraded":4,"win_rate":0,"timestamp":1547590990,"path_taken":["M","$","M","M","$","R","M","?","T","R","E","R","$","M","R","BOSS"],"build_version":"2019-01-10","purchased_purges":1,"victory":false,"max_hp_per_floor":[60,60,60,60,60,60,60,60,60,60,60,60,60,60,60,60],"card_choices":[{"not_picked":["Sucker Punch","PiercingWail"],"picked":"Deadly Poison","floor":1},{"not_picked":["Sucker Punch","Underhanded Strike"],"picked":"Escape Plan","floor":3},{"not_picked":["Flechettes","Sucker Punch"],"picked":"Bane","floor":4},{"not_picked":["Setup","Backflip"],"picked":"Poisoned Stab","floor":7},{"not_picked":["Blade Dance","Crippling Poison"],"picked":"Escape Plan","floor":11},{"not_picked":["Dagger Throw","Unload"],"picked":"Dodge and Roll","floor":14}],"player_experience":395912,"relics_obtained":[{"floor":9,"key":"Mummified Hand"},{"floor":11,"key":"Ninja Scroll"}],"event_choices":[{"damage_healed":0,"gold_gain":0,"player_choice":"Grow","damage_taken":0,"max_hp_gain":0,"max_hp_loss":0,"event_name":"Living Wall","floor":8,"gold_loss":0,"cards_upgraded":["Poisoned Stab"]}],"is_beta":false,"boss_relics":[],"items_purged_floors":[2],"is_endless":false,"potions_floor_spawned":[3,7,11],"killed_by":"Slime Boss","ascension_level":18}