{"gold_per_floor":[109,69,88,106,281,281,281,53,53,63,78,135,135,168,168,245,245,259,7,7,19,29,29,29,129,184,184,184,184,217,217,217,217],"floor_reached":33,"playtime":1746,"items_purged":["Doubt","Strike_B"],"score":456,"play_id":"0aa5fde1-e47e-40ac-b285-0c323ce19e59","local_time":"20190203141359","is_ascension_mode":true,"campfire_choices":[{"data":"Zap","floor":6,"key":"SMITH"},{"data":"Static Discharge","floor":13,"key":"SMITH"},{"data":"Dualcast","floor":15,"key":"SMITH"},{"data":"Sunder","floor":23,"key":"SMITH"},{"data":"Creative AI","floor":27,"key":"SMITH"},{"floor":29,"key":"DIG"},{"floor":32,"key":"DIG"}],"neow_cost":"NONE","seed_source_timestamp":2060533885098290,"circlet_count":0,"master_deck":["AscendersBane","Strike_B","Defend_B","Defend_B","Defend_B","Defend_B","Zap+1","Dualcast+1","Conserve Battery","Reinforced Body","Self Repair","Self Repair","Rebound","Static Discharge+1","Coolheaded","Rainbow","Static Discharge","Creative AI+1","Sunder+1","Glacier"],"relics":["Cracked Core","NeowsBlessing","Anchor","Mercury Hourglass","Mango","Bag of Marbles","Coffee Dripper","Bag of Preparation","Shovel","Molten Egg 2","Omamori","Pear","Ice Cream","Orichalcum"],"potions_floor_usage":[10,12,16,30],"damage_taken":[{"damage":0,"enemies":"2 Louse","floor":1,"turns":1},{"damage":0,"enemies":"Cultist","floor":3,"turns":1},{"damage":0,"enemies":"Small Slimes","floor":4,"turns":1},{"damage":0,"enemies":"2 Fungi Beasts","floor":10,"turns":3},{"damage":0,"enemies":"Exordium Wildlife","floor":11,"turns":2},{"damage":36,"enemies":"Gremlin Nob","floor":12,"turns":4},{"damage":18,"enemies":"3 Sentries","floor":14,"turns":6},{"damage":37,"enemies":"Slime Boss","floor":16,"turns":10},{"damage":11,"enemies":"2 Thieves","floor":18,"turns":4},{"damage":20,"enemies":"Spheric Guardian","floor":21,"turns":3},{"damage":14,"enemies":"Centurion and Healer","floor":22,"turns":6},{"damage":3,"enemies":"Colosseum Slavers","floor":25,"turns":3},{"damage":22,"enemies":"Colosseum Nobs","floor":25,"turns":4},{"damage":14,"enemies":"Gremlin Leader","floor":30,"turns":5},{"damage":78,"enemies":"Automaton","floor":33,"turns":12}],"seed_played":"8614039607176289016","potions_obtained":[{"floor":2,"key":"FocusPotion"},{"floor":2,"key":"FocusPotion"},{"floor":10,"key":"Block Potion"},{"floor":11,"key":"FocusPotion"},{"floor":18,"key":"SteroidPotion"},{"floor":22,"key":"FearPotion"},{"floor":25,"key":"LiquidBronze"},{"floor":30,"key":"SteroidPotion"}],"is_trial":false,"path_per_floor":["M","?","M","M","?","R","?","$","T","M","M","?","R","E","R","B",null,"M","$","?","M","M","R","?","?","T","R","?","R","E","?","R","B"],"character_chosen":"DEFECT","items_purchased":["Anchor","Bag of Preparation"],"campfire_rested":0,"item_purchase_floors":[8,19],"current_hp_per_floor":[68,68,68,68,68,68,68,68,68,75,75,67,67,56,56,33,75,78,78,78,72,72,72,72,68,68,68,51,61,54,54,54,0],"gold":217,"neow_bonus":"THREE_ENEMY_KILL","is_prod":false,"is_daily":false,"chose_seed":false,"campfire_upgraded":5,"win_rate":0,"timestamp":1549232039,"path_taken":["M","?","M","?","?","R","?","?","T","M","M","?","R","E","R","BOSS","M","$","?","M","?","R","?","?","T","R","?","R","E","?","R","BOSS"],"build_version":"2019-01-23","purchased_purges":2,"victory":false,"max_hp_per_floor":[75,75,75,75,75,75,75,75,75,75,75,89,89,89,89,89,89,89,89,89,89,89,89,89,89,89,89,94,104,104,104,104,104],"card_choices":[{"not_picked":["Stack","Beam Cell"],"picked":"Conserve Battery","floor":1},{"not_picked":["Beam Cell","Steam"],"picked":"Reinforced Body","floor":3},{"not_picked":["Cold Snap","Gash"],"picked":"Self Repair","floor":4},{"not_picked":["Compile Driver","Stack"],"picked":"Rebound","floor":10},{"not_picked":["Gash","Hello World","Compile Driver"],"picked":"SKIP","floor":11},{"not_picked":["Leap","Ball Lightning"],"picked":"Static Discharge","floor":12},{"not_picked":["All For One","Rebound"],"picked":"Coolheaded","floor":14},{"not_picked":["Reboot","All For One"],"picked":"Rainbow","floor":16},{"not_picked":["Rebound","Auto Shields"],"picked":"Static Discharge","floor":18},{"not_picked":["Tempest","Ball Lightning","Hologram"],"picked":"SKIP","floor":21},{"not_picked":["Sweeping Beam","Conserve Battery"],"picked":"Sunder","floor":22},{"not_picked":["Consume","Streamline"],"picked":"Glacier","floor":25},{"not_picked":["Rebound+1","Barrage+1","Chaos"],"picked":"SKIP","floor":30}],"player_experience":596856,"relics_obtained":[{"floor":9,"key":"Mercury Hourglass"},{"floor":12,"key":"Mango"},{"floor":14,"key":"Bag of Marbles"},{"floor":25,"key":"Shovel"},{"floor":25,"key":"Molten Egg 2"},{"floor":26,"key":"Omamori"},{"floor":29,"key":"Pear"},{"floor":30,"key":"Ice Cream"},{"floor":32,"key":"Orichalcum"}],"event_choices":[{"damage_healed":0,"gold_gain":0,"player_choice":"Bought 3 Potions","damage_taken":0,"max_hp_gain":0,"max_hp_loss":0,"event_name":"The Woman in Blue","floor":2,"gold_loss":0},{"damage_healed":0,"gold_gain":175,"player_choice":"AGREE","damage_taken":0,"max_hp_gain":0,"max_hp_loss":0,"event_name":"Liars Game","floor":5,"gold_loss":0,"cards_obtained":["Doubt"]},{"damage_healed":0,"gold_gain":0,"cards_transformed":["Strike_B"],"player_choice":"Change","damage_taken":0,"max_hp_gain":0,"max_hp_loss":0,"event_name":"Living Wall","floor":7,"gold_loss":0,"cards_obtained":["Self Repair"]},{"damage_healed":0,"gold_gain":30,"player_choice":"Searched \u00272\u0027 times","damage_taken":0,"max_hp_gain":0,"max_hp_loss":0,"event_name":"Dead Adventurer","floor":12,"gold_loss":0},{"damage_healed":0,"gold_gain":0,"player_choice":"1 cards matched","damage_taken":0,"max_hp_gain":0,"max_hp_loss":0,"event_name":"Match and Keep!","floor":20,"gold_loss":0,"cards_obtained":["Creative AI"]},{"damage_healed":0,"gold_gain":0,"player_choice":"Ignored","damage_taken":0,"max_hp_gain":0,"max_hp_loss":0,"event_name":"Beggar","floor":24,"gold_loss":0},{"damage_healed":0,"gold_gain":0,"player_choice":"Fight","damage_taken":0,"max_hp_gain":0,"max_hp_loss":0,"event_name":"Colosseum","floor":25,"gold_loss":0},{"damage_healed":0,"gold_gain":0,"player_choice":"Fought Nobs","damage_taken":0,"max_hp_gain":0,"max_hp_loss":0,"event_name":"Colosseum","floor":25,"gold_loss":0},{"damage_healed":0,"gold_gain":0,"player_choice":"Shed Blood","damage_taken":22,"max_hp_gain":5,"max_hp_loss":0,"event_name":"Forgotten Altar","floor":28,"gold_loss":0},{"cards_removed":["Strike_B"],"damage_healed":0,"gold_gain":0,"player_choice":"Elegance","damage_taken":0,"max_hp_gain":0,"max_hp_loss":0,"event_name":"Back to Basics","floor":31,"gold_loss":0}],"is_beta":false,"boss_relics":[{"not_picked":["Tiny House","Orrery"],"picked":"Coffee Dripper"}],"items_purged_floors":[8,19],"is_endless":false,"potions_floor_spawned":[10,11,18,22,25,30],"killed_by":"Automaton","ascension_level":13}