{"gold_per_floor":[116,116,135,135,72,72,101,101,101,119,129,129,139,64,64,142,142,158,0,14,32,32,32,32,32,32,32,51,51,67,67,67,67],"floor_reached":33,"playtime":724,"items_purged":["Strike_R"],"score":513,"play_id":"4b73ea17-09d2-4952-8bd6-9c89e25fd683","local_time":"20190122230805","is_ascension_mode":true,"campfire_choices":[{"data":"Flame Barrier","floor":6,"key":"SMITH"},{"data":"Body Slam","floor":8,"key":"SMITH"},{"data":"Burning Pact","floor":12,"key":"SMITH"},{"data":"Pommel Strike","floor":15,"key":"SMITH"},{"data":"Thunderclap","floor":23,"key":"SMITH"},{"data":"Feed","floor":25,"key":"SMITH"},{"data":"Headbutt","floor":27,"key":"SMITH"},{"data":"Defend_R","floor":29,"key":"SMITH"},{"floor":32,"key":"REST"}],"neow_cost":"NONE","seed_source_timestamp":16821905809972,"circlet_count":0,"master_deck":["AscendersBane","Strike_R","Strike_R","Strike_R","Defend_R","Defend_R","Defend_R+1","Bash","Flame Barrier+1","Body Slam+1","Body Slam+1","Feel No Pain+1","Burning Pact+1","Pommel Strike+1","Feed+1","Thunderclap+1","Headbutt+1","Writhe"],"relics":["Burning Blood","NeowsBlessing","Frozen Egg 2","Matryoshka","Cursed Key","Oddly Smooth Stone","Bag of Marbles","StoneCalendar"],"potions_floor_usage":[13,21,30,30],"damage_taken":[{"damage":0,"enemies":"Small Slimes","floor":1,"turns":1},{"damage":0,"enemies":"2 Louse","floor":3,"turns":1},{"damage":0,"enemies":"3 Sentries","floor":7,"turns":2},{"damage":9,"enemies":"Jaw Worm","floor":10,"turns":3},{"damage":3,"enemies":"Blue Slaver","floor":11,"turns":3},{"damage":0,"enemies":"Exordium Wildlife","floor":13,"turns":4},{"damage":62,"enemies":"Hexaghost","floor":16,"turns":10},{"damage":0,"enemies":"3 Byrds","floor":18,"turns":2},{"damage":6,"enemies":"Chosen","floor":20,"turns":4},{"damage":1,"enemies":"Snake Plant","floor":21,"turns":2},{"damage":4,"enemies":"3 Cultists","floor":28,"turns":6},{"damage":27,"enemies":"Snecko","floor":30,"turns":5},{"damage":79,"enemies":"Collector","floor":33,"turns":6}],"seed_played":"-471692927142071807","potions_obtained":[{"floor":3,"key":"Fire Potion"},{"floor":11,"key":"GamblersBrew"},{"floor":20,"key":"AttackPotion"},{"floor":21,"key":"Block Potion"},{"floor":28,"key":"AttackPotion"}],"is_trial":false,"path_per_floor":["M","?","M","?","?","R","E","R","T","M","M","R","M","$","R","B",null,"M","$","M","M","?","R","?","R","T","R","M","R","M","$","R","B"],"character_chosen":"IRONCLAD","items_purchased":["Oddly Smooth Stone"],"campfire_rested":1,"item_purchase_floors":[19],"current_hp_per_floor":[74,67,73,73,73,73,75,75,75,72,75,75,75,75,75,19,61,67,67,67,72,72,72,72,72,72,72,74,74,57,57,79,0],"gold":67,"neow_bonus":"THREE_ENEMY_KILL","is_prod":false,"is_daily":false,"chose_seed":false,"campfire_upgraded":8,"win_rate":0,"timestamp":1548198485,"path_taken":["M","?","M","?","?","R","E","R","T","M","M","R","?","$","R","BOSS","M","$","M","M","?","R","?","R","T","R","M","R","M","$","R","BOSS"],"build_version":"2019-01-17v2","purchased_purges":1,"victory":false,"max_hp_per_floor":[75,75,75,75,75,75,75,75,75,75,75,75,75,75,75,75,75,75,75,75,75,75,75,75,75,75,75,75,75,79,79,79,79],"card_choices":[{"not_picked":["Thunderclap","Clothesline"],"picked":"Flame Barrier","floor":1},{"not_picked":["Pommel Strike","Flame Barrier"],"picked":"Body Slam","floor":3},{"not_picked":["Hemokinesis","Anger"],"picked":"Body Slam","floor":7},{"not_picked":["Dual Wield","Uppercut"],"picked":"Feel No Pain+1","floor":10},{"not_picked":["Armaments","Heavy Blade"],"picked":"Burning Pact","floor":11},{"not_picked":["Sword Boomerang","Perfected Strike"],"picked":"Pommel Strike","floor":13},{"not_picked":["Offering","Immolate"],"picked":"Feed","floor":16},{"not_picked":["True Grit","Flex","Anger"],"picked":"SKIP","floor":18},{"not_picked":["Clothesline","Thunderclap","Anger"],"picked":"SKIP","floor":20},{"not_picked":["Clothesline","Anger"],"picked":"Thunderclap","floor":20},{"not_picked":["Clash","Bloodletting"],"picked":"Headbutt","floor":21},{"not_picked":["Clothesline","Sword Boomerang+1","Cleave"],"picked":"SKIP","floor":28},{"not_picked":["Twin Strike","Flex","Sentinel"],"picked":"SKIP","floor":30}],"player_experience":411468,"relics_obtained":[{"floor":7,"key":"Frozen Egg 2"},{"floor":9,"key":"Matryoshka"},{"floor":26,"key":"Bag of Marbles"},{"floor":26,"key":"StoneCalendar"}],"event_choices":[{"cards_removed":["Defend_R"],"damage_healed":0,"gold_gain":0,"player_choice":"Card Removal","damage_taken":7,"max_hp_gain":0,"max_hp_loss":0,"event_name":"Golden Wing","floor":2,"gold_loss":0},{"damage_healed":0,"gold_gain":0,"player_choice":"Grow","damage_taken":0,"max_hp_gain":0,"max_hp_loss":0,"event_name":"Living Wall","floor":4,"gold_loss":0,"cards_upgraded":["Body Slam"]},{"damage_healed":0,"gold_gain":0,"player_choice":"Left Gold","damage_taken":0,"max_hp_gain":0,"max_hp_loss":0,"event_name":"World of Goop","floor":5,"gold_loss":63},{"cards_removed":["Strike_R"],"damage_healed":0,"gold_gain":0,"player_choice":"Elegance","damage_taken":0,"max_hp_gain":0,"max_hp_loss":0,"event_name":"Back to Basics","floor":22,"gold_loss":0},{"damage_healed":0,"gold_gain":0,"player_choice":"Ignored","damage_taken":0,"max_hp_gain":0,"max_hp_loss":0,"event_name":"Ghosts","floor":24,"gold_loss":0}],"is_beta":false,"boss_relics":[{"not_picked":["Snecko Eye","Runic Cube"],"picked":"Cursed Key"}],"items_purged_floors":[14],"is_endless":false,"potions_floor_spawned":[3,11,20,21,28],"killed_by":"Collector","ascension_level":18}