{"gold_per_floor":[113,263,277,288,304,304,322,322,322,350,377,377,406,420,420,420],"floor_reached":16,"playtime":832,"items_purged":[],"score":202,"play_id":"3073cd7c-f94f-4ada-960a-a9c4906040e2","local_time":"20190201211922","is_ascension_mode":true,"campfire_choices":[{"data":"Cloak And Dagger","floor":6,"key":"SMITH"},{"data":"Dash","floor":8,"key":"SMITH"},{"data":"Neutralize","floor":12,"key":"SMITH"},{"data":"Choke","floor":15,"key":"SMITH"}],"neow_cost":"NONE","seed_source_timestamp":1914169201166440,"circlet_count":0,"master_deck":["AscendersBane","Defend_G","Defend_G","Defend_G","Defend_G","Defend_G","Strike_G","Strike_G","Strike_G","Strike_G","Strike_G","Survivor","Neutralize+1","Flying Knee","Doubt","Dash+1","Cloak And Dagger+1","Accuracy","Acrobatics","Caltrops","Choke+1"],"relics":["Coffee Dripper","Bottled Lightning","Odd Mushroom","Ice Cream","Toxic Egg 2"],"potions_floor_usage":[11,11],"damage_taken":[{"damage":0,"enemies":"Cultist","floor":1,"turns":5},{"damage":7,"enemies":"Small Slimes","floor":3,"turns":5},{"damage":0,"enemies":"2 Louse","floor":4,"turns":3},{"damage":0,"enemies":"Gremlin Gang","floor":5,"turns":6},{"damage":0,"enemies":"Blue Slaver","floor":7,"turns":4},{"damage":2,"enemies":"The Mushroom Lair","floor":10,"turns":5},{"damage":15,"enemies":"3 Sentries","floor":11,"turns":6},{"damage":29,"enemies":"Gremlin Nob","floor":13,"turns":5},{"damage":5,"enemies":"Looter","floor":14,"turns":3},{"damage":5,"enemies":"Slime Boss","floor":16,"turns":3}],"seed_played":"-7051725719326224188","potions_obtained":[{"floor":1,"key":"Strength Potion"},{"floor":10,"key":"LiquidBronze"},{"floor":11,"key":"Ancient Potion"}],"is_trial":false,"path_per_floor":["M","?","M","M","M","R","M","R","T","?","E","R","E","M","R","B"],"character_chosen":"THE_SILENT","items_purchased":[],"campfire_rested":0,"item_purchase_floors":[],"current_hp_per_floor":[59,59,52,52,52,52,52,52,52,50,35,35,6,1,1,0],"gold":420,"neow_bonus":"BOSS_RELIC","is_prod":false,"is_daily":false,"chose_seed":false,"campfire_upgraded":4,"win_rate":0,"timestamp":1549084762,"path_taken":["M","?","M","M","M","R","M","R","T","?","E","R","E","M","R","BOSS"],"build_version":"2019-01-23","purchased_purges":0,"victory":false,"max_hp_per_floor":[66,66,66,66,66,66,66,66,66,66,66,66,66,66,66,66],"card_choices":[{"not_picked":["Expertise","Blade Dance"],"picked":"Flying Knee","floor":1},{"not_picked":["Caltrops","Outmaneuver"],"picked":"Dash","floor":3},{"not_picked":["Blade Dance","Dagger Spray"],"picked":"Cloak And Dagger","floor":4},{"not_picked":["Dagger Throw","Heel Hook","Dodge and Roll"],"picked":"SKIP","floor":5},{"not_picked":["Sucker Punch","Slice","Quick Slash"],"picked":"SKIP","floor":7},{"not_picked":["Grand Finale","Acrobatics"],"picked":"Accuracy","floor":10},{"not_picked":["Tactician","Dagger Throw"],"picked":"Acrobatics","floor":11},{"not_picked":["PiercingWail","Acrobatics"],"picked":"Caltrops","floor":13},{"not_picked":["Sucker Punch","Flying Knee"],"picked":"Choke","floor":14}],"player_experience":583416,"relics_obtained":[{"floor":9,"key":"Bottled Lightning"},{"floor":10,"key":"Odd Mushroom"},{"floor":11,"key":"Ice Cream"},{"floor":13,"key":"Toxic Egg 2"}],"event_choices":[{"damage_healed":0,"gold_gain":150,"player_choice":"AGREE","damage_taken":0,"max_hp_gain":0,"max_hp_loss":0,"event_name":"Liars Game","floor":2,"gold_loss":0,"cards_obtained":["Doubt"]},{"damage_healed":0,"gold_gain":0,"player_choice":"Fought Mushrooms","damage_taken":0,"max_hp_gain":0,"max_hp_loss":0,"event_name":"Mushrooms","floor":10,"gold_loss":0}],"is_beta":false,"boss_relics":[],"items_purged_floors":[],"is_endless":false,"potions_floor_spawned":[1,10,11],"killed_by":"Slime Boss","ascension_level":16}