{"gold_per_floor":[119,89,99,99,111,111,144,144,144,175,190,261,53,53],"floor_reached":14,"playtime":403,"items_purged":["Strike_G"],"score":137,"play_id":"b468f5f9-0892-48c0-8fee-5ca571b38544","local_time":"20181125111651","is_ascension_mode":true,"campfire_choices":[{"data":"Neutralize","floor":6,"key":"SMITH"},{"data":"After Image","floor":8,"key":"SMITH"}],"neow_cost":"NONE","seed_source_timestamp":148982855559394,"circlet_count":0,"master_deck":["Defend_G","Defend_G","Defend_G","Defend_G","Defend_G","Strike_G","Strike_G","Strike_G","Strike_G","Survivor","Neutralize+1","Grand Finale","Cloak And Dagger","Blur","Dodge and Roll","After Image+1","Prepared","Footwork","Backflip"],"relics":["Ring of the Snake","Pantograph","Kunai","Question Card"],"potions_floor_usage":[7,10,10],"damage_taken":[{"damage":0,"enemies":"2 Louse","floor":1,"turns":4},{"damage":0,"enemies":"Cultist","floor":3,"turns":5},{"damage":1,"enemies":"Small Slimes","floor":5,"turns":4},{"damage":23,"enemies":"3 Sentries","floor":7,"turns":13},{"damage":32,"enemies":"Gremlin Nob","floor":10,"turns":6},{"damage":0,"enemies":"2 Fungi Beasts","floor":11,"turns":6},{"damage":0,"enemies":"Lagavulin","floor":14,"turns":2}],"seed_played":"-4977114824638787952","potions_obtained":[{"floor":1,"key":"Swift Potion"},{"floor":2,"key":"Fire Potion"},{"floor":2,"key":"PowerPotion"},{"floor":10,"key":"Explosive Potion"}],"is_trial":false,"path_per_floor":["M","?","M","?","M","R","E","R","T","E","M","?","$","E"],"character_chosen":"THE_SILENT","items_purchased":["Footwork","Backflip"],"campfire_rested":0,"item_purchase_floors":[13,13],"current_hp_per_floor":[63,63,63,63,62,62,39,39,39,7,7,7,7,7],"gold":53,"neow_bonus":"ONE_RANDOM_RARE_CARD","is_prod":false,"is_daily":false,"chose_seed":false,"campfire_upgraded":2,"win_rate":0,"timestamp":1543144611,"path_taken":["M","?","?","?","M","R","E","R","T","E","M","?","$","E"],"build_version":"2018-11-15","purchased_purges":1,"victory":false,"max_hp_per_floor":[70,70,70,70,70,70,70,70,70,70,70,70,70,70],"card_choices":[{"not_picked":["Dash","Setup"],"picked":"Cloak And Dagger","floor":1},{"not_picked":["Setup","PiercingWail"],"picked":"Blur","floor":3},{"not_picked":["Backflip","Acrobatics"],"picked":"Dodge and Roll","floor":5},{"not_picked":["Well Laid Plans","Bane"],"picked":"After Image","floor":7},{"not_picked":["Bouncing Flask","Expertise","Dodge and Roll"],"picked":"SKIP","floor":10},{"not_picked":["PiercingWail","Dagger Throw","Accuracy"],"picked":"Prepared","floor":11}],"player_experience":206743,"relics_obtained":[{"floor":7,"key":"Pantograph"},{"floor":9,"key":"Kunai"},{"floor":10,"key":"Question Card"}],"event_choices":[{"damage_healed":0,"gold_gain":0,"player_choice":"Bought 2 Potions","damage_taken":0,"max_hp_gain":0,"max_hp_loss":0,"event_name":"The Woman in Blue","floor":2,"gold_loss":0},{"damage_healed":0,"gold_gain":0,"player_choice":"Ignored","damage_taken":0,"max_hp_gain":0,"max_hp_loss":0,"event_name":"Liars Game","floor":4,"gold_loss":0},{"damage_healed":0,"gold_gain":71,"player_choice":"Gained Gold","damage_taken":0,"max_hp_gain":0,"max_hp_loss":0,"event_name":"Golden Wing","floor":12,"gold_loss":0}],"is_beta":false,"boss_relics":[],"items_purged_floors":[13],"is_endless":false,"potions_floor_spawned":[1,10],"killed_by":"Lagavulin","ascension_level":8}