{"gold_per_floor":[114,133,133,4,16,16,30,58,82,100,200,200,45,64,64,159,159,179,189,199,249,265,265,16,16,16,28,28,39,58,71,71,173,173,184,84,103,103,63,80,92,106,129,129,148,168,186,205,205,205],"floor_reached":50,"playtime":3475,"items_purged":["Defend_B","FTL","Strike_B"],"score":481,"play_id":"594e0022-57dc-4ab7-82a9-d9dc2af48f00","local_time":"20190130135253","is_ascension_mode":false,"campfire_choices":[{"data":"Hologram","floor":6,"key":"SMITH"},{"floor":12,"key":"REST"},{"data":"Zap","floor":15,"key":"SMITH"},{"data":"Streamline","floor":23,"key":"SMITH"},{"data":"Dualcast","floor":25,"key":"SMITH"},{"floor":32,"key":"REST"},{"floor":49,"key":"REST"}],"neow_cost":"NONE","seed_source_timestamp":155166248117428,"circlet_count":0,"master_deck":["Strike_B","Strike_B","Strike_B","Defend_B","Defend_B+1","Defend_B","Zap+1","Dualcast+1","Leap+1","Hologram+1","Gash","Compile Driver","Ball Lightning","Rebound","Compile Driver","Gash+1","Go for the Eyes+1","Sweeping Beam","Streamline+1","Hologram","Coolheaded","Gash","Cold Snap+1","Conserve Battery","Beam Cell+1","Hologram+1","Gash","Streamline+1"],"relics":["Cracked Core","NeowsBlessing","Anchor","Bag of Marbles","Bronze Scales","Nuclear Battery","DataDisk","The Courier","Inserter","Oddly Smooth Stone"],"potions_floor_usage":[50],"damage_taken":[{"damage":0,"enemies":"Small Slimes","floor":1,"turns":1},{"damage":0,"enemies":"Cultist","floor":2,"turns":1},{"damage":0,"enemies":"2 Louse","floor":5,"turns":1},{"damage":0,"enemies":"Exordium Wildlife","floor":7,"turns":2},{"damage":23,"enemies":"3 Sentries","floor":8,"turns":5},{"damage":0,"enemies":"Red Slaver","floor":10,"turns":2},{"damage":0,"enemies":"Lots of Slimes","floor":14,"turns":3},{"damage":40,"enemies":"Hexaghost","floor":16,"turns":7},{"damage":0,"enemies":"Shell Parasite","floor":18,"turns":4},{"damage":0,"enemies":"Chosen","floor":19,"turns":3},{"damage":10,"enemies":"Snake Plant","floor":20,"turns":3},{"damage":13,"enemies":"Shelled Parasite and Fungi","floor":22,"turns":3},{"damage":0,"enemies":"Sentry and Sphere","floor":27,"turns":3},{"damage":6,"enemies":"Snecko","floor":29,"turns":3},{"damage":5,"enemies":"3 Cultists","floor":30,"turns":4},{"damage":3,"enemies":"Sentry and Sphere","floor":31,"turns":3},{"damage":42,"enemies":"Champ","floor":33,"turns":10},{"damage":0,"enemies":"Orb Walker","floor":35,"turns":2},{"damage":0,"enemies":"3 Shapes","floor":37,"turns":3},{"damage":0,"enemies":"Transient","floor":40,"turns":5},{"damage":0,"enemies":"4 Shapes","floor":41,"turns":5},{"damage":16,"enemies":"3 Darklings","floor":42,"turns":6},{"damage":16,"enemies":"Sphere and 2 Shapes","floor":45,"turns":5},{"damage":8,"enemies":"Transient","floor":46,"turns":5},{"damage":14,"enemies":"3 Darklings","floor":47,"turns":6},{"damage":2,"enemies":"Maw","floor":48,"turns":6},{"damage":93,"enemies":"Time Eater","floor":50,"turns":9}],"seed_played":"-3141795142184059994","potions_obtained":[{"floor":2,"key":"SteroidPotion"},{"floor":10,"key":"SpeedPotion"},{"floor":16,"key":"FairyPotion"},{"floor":19,"key":"FairyPotion"},{"floor":20,"key":"Block Potion"}],"is_trial":false,"path_per_floor":["M","M","?","$","M","R","M","E","T","M","?","R","$","M","R","B",null,"M","M","M","?","M","R","$","R","T","M","$","M","M","M","R","B",null,"M","$","M","?","$","M","M","M","T","?","M","M","M","M","R","B"],"character_chosen":"DEFECT","items_purchased":["Gash","Bronze Scales","DataDisk","Conserve Battery"],"campfire_rested":3,"item_purchase_floors":[4,13,24,39],"current_hp_per_floor":[75,75,60,60,60,60,60,37,37,37,37,59,59,59,59,19,75,75,75,65,65,52,52,52,52,52,52,52,46,41,38,60,18,75,75,75,75,75,75,75,75,59,59,59,43,35,21,19,41,0],"gold":205,"neow_bonus":"THREE_ENEMY_KILL","is_prod":false,"is_daily":false,"chose_seed":false,"campfire_upgraded":4,"win_rate":0,"timestamp":1548885173,"path_taken":["M","M","?","$","M","R","M","E","T","M","?","R","$","M","R","BOSS","M","?","M","?","?","R","$","R","T","M","?","M","M","M","R","BOSS","M","$","M","?","$","M","M","M","T","?","?","M","M","?","R","BOSS"],"build_version":"2019-01-23","purchased_purges":3,"victory":false,"max_hp_per_floor":[75,75,75,75,75,75,75,75,75,75,75,75,75,75,75,75,75,75,75,75,75,75,75,75,75,75,75,75,75,75,75,75,75,75,75,75,75,75,75,75,75,75,75,75,75,75,75,75,75,75],"card_choices":[{"not_picked":["Stack","Aggregate"],"picked":"Leap","floor":1},{"not_picked":["Heatsinks","Tempest"],"picked":"Hologram","floor":2},{"not_picked":["Blizzard","Redo"],"picked":"Compile Driver","floor":5},{"not_picked":["Coolheaded","Amplify"],"picked":"Ball Lightning","floor":7},{"not_picked":["Coolheaded","Storm"],"picked":"Rebound","floor":8},{"not_picked":["Scrape","Rip and Tear"],"picked":"Compile Driver","floor":10},{"not_picked":["Ball Lightning","Hologram"],"picked":"FTL","floor":14},{"not_picked":["Barrage","Chill"],"picked":"Gash+1","floor":18},{"not_picked":["Electrodynamics","Coolheaded"],"picked":"Go for the Eyes+1","floor":19},{"not_picked":["Reprogram+1","Coolheaded"],"picked":"Sweeping Beam","floor":20},{"not_picked":["Leap","Go for the Eyes"],"picked":"Streamline","floor":22},{"not_picked":["FTL+1","Steam"],"picked":"Hologram","floor":27},{"not_picked":["Redo","Heatsinks","Doom and Gloom+1"],"picked":"SKIP","floor":29},{"not_picked":["Stack","Streamline"],"picked":"Conserve Battery","floor":30},{"not_picked":["Multi-Cast","Doom and Gloom"],"picked":"Coolheaded","floor":31},{"not_picked":["Go for the Eyes","Tempest"],"picked":"Gash","floor":35},{"not_picked":["Steam+1","Redo"],"picked":"Cold Snap+1","floor":37},{"not_picked":["Genetic Algorithm","Stack","Doom and Gloom"],"picked":"SKIP","floor":40},{"not_picked":["Self Repair","Cold Snap"],"picked":"Beam Cell+1","floor":41},{"not_picked":["FTL","Force Field+1","Chaos"],"picked":"SKIP","floor":42},{"not_picked":["Rip and Tear+1","Double Energy"],"picked":"Hologram+1","floor":45},{"not_picked":["Rebound","Leap"],"picked":"Gash","floor":46},{"not_picked":["Echo Form","Glacier+1","Recycle"],"picked":"SKIP","floor":47},{"not_picked":["Conserve Battery","Glacier+1"],"picked":"Streamline+1","floor":48}],"player_experience":371914,"relics_obtained":[{"floor":8,"key":"Anchor"},{"floor":9,"key":"Bag of Marbles"},{"floor":26,"key":"The Courier"},{"floor":43,"key":"Oddly Smooth Stone"}],"event_choices":[{"damage_healed":0,"gold_gain":0,"player_choice":"Entered Light","damage_taken":15,"max_hp_gain":0,"max_hp_loss":0,"event_name":"Shining Light","floor":3,"gold_loss":0,"cards_upgraded":["Defend_B","Leap"]},{"damage_healed":0,"gold_gain":100,"player_choice":"Pray","damage_taken":0,"max_hp_gain":0,"max_hp_loss":0,"event_name":"Golden Shrine","floor":11,"gold_loss":0},{"damage_healed":0,"gold_gain":100,"player_choice":"Bet on Murderer","damage_taken":0,"max_hp_gain":0,"max_hp_loss":0,"event_name":"The Joust","floor":21,"gold_loss":50},{"cards_removed":["Conserve Battery"],"damage_healed":0,"gold_gain":0,"player_choice":"Removed Skill","damage_taken":0,"max_hp_gain":0,"max_hp_loss":0,"event_name":"Falling","floor":38,"gold_loss":0},{"damage_healed":0,"gold_gain":0,"player_choice":"Ignored","damage_taken":0,"max_hp_gain":0,"max_hp_loss":0,"event_name":"NoteForYourself","floor":44,"gold_loss":0}],"is_beta":false,"boss_relics":[{"not_picked":["FrozenCore","Velvet Choker"],"picked":"Nuclear Battery"},{"not_picked":["Eternal Feather","Fusion Hammer"],"picked":"Inserter"}],"items_purged_floors":[4,24,36],"is_endless":false,"potions_floor_spawned":[2,10,16,19,20,27,30,37,41],"killed_by":"Time Eater","ascension_level":0}