{"gold_per_floor":[15,29,47,47,47,79,79,111,111,111,33,50,61,71,71,175,175,190,72,85,24,38,38,70,83,83,83,113,113,124,135,135,236,236,253,269,269,36,55,55,55,55,102,127,147,147,202,231,231,231],"floor_reached":51,"playtime":1349,"items_purged":["Strike_R","Strike_R","Strike_R"],"score":1063,"play_id":"78ba578c-203a-40e7-bb80-0cfc6a86ddc2","local_time":"20181115015209","is_ascension_mode":true,"campfire_choices":[{"data":"Clothesline","floor":7,"key":"SMITH"},{"data":"Sword Boomerang","floor":15,"key":"SMITH"},{"data":"Inflame","floor":23,"key":"SMITH"},{"floor":27,"key":"DIG"},{"data":"Limit Break","floor":29,"key":"SMITH"},{"floor":32,"key":"DIG"},{"floor":40,"key":"DIG"},{"floor":42,"key":"DIG"},{"floor":46,"key":"DIG"},{"floor":49,"key":"REST"}],"neow_cost":"NO_GOLD","seed_source_timestamp":24331790825845,"circlet_count":0,"master_deck":["Strike_R","Defend_R","Defend_R+1","Defend_R+1","Bash","Spot Weakness","Clothesline+1","Inflame+1","Flame Barrier","Sword Boomerang+1","Impervious","Thunderclap","Offering","Shrug It Off","Limit Break+1","Whirlwind","Sword Boomerang","Feed","Shrug It Off+1","Apotheosis","Seeing Red+1"],"relics":["Burning Blood","War Paint","The Courier","PreservedInsect","Velvet Choker","Shovel","Happy Flower","Juzu Bracelet","Mango","Bottled Tornado","Runic Dome","Meat on the Bone","Nunchaku","Art of War","Bottled Flame","Toxic Egg 2","Incense Burner","Lantern"],"potions_floor_usage":[8,12,16,20,35,39,47,47,50],"damage_taken":[{"damage":10,"enemies":"Cultist","floor":1,"turns":5},{"damage":1,"enemies":"2 Louse","floor":2,"turns":4},{"damage":4,"enemies":"Jaw Worm","floor":3,"turns":3},{"damage":36,"enemies":"Lagavulin","floor":6,"turns":8},{"damage":24,"enemies":"3 Sentries","floor":8,"turns":9},{"damage":16,"enemies":"3 Louse","floor":12,"turns":5},{"damage":0,"enemies":"Blue Slaver","floor":13,"turns":4},{"damage":3,"enemies":"Exordium Thugs","floor":14,"turns":5},{"damage":22,"enemies":"Slime Boss","floor":16,"turns":6},{"damage":5,"enemies":"Shell Parasite","floor":18,"turns":6},{"damage":6,"enemies":"Chosen","floor":20,"turns":4},{"damage":6,"enemies":"Snake Plant","floor":22,"turns":5},{"damage":27,"enemies":"Book of Stabbing","floor":24,"turns":4},{"damage":6,"enemies":"Shelled Parasite and Fungi","floor":25,"turns":3},{"damage":14,"enemies":"Gremlin Leader","floor":28,"turns":4},{"damage":6,"enemies":"3 Cultists","floor":30,"turns":2},{"damage":6,"enemies":"Centurion and Healer","floor":31,"turns":4},{"damage":31,"enemies":"Collector","floor":33,"turns":7},{"damage":0,"enemies":"3 Darklings","floor":35,"turns":1},{"damage":13,"enemies":"3 Shapes","floor":36,"turns":6},{"damage":6,"enemies":"3 Darklings","floor":39,"turns":2},{"damage":6,"enemies":"Giant Head","floor":44,"turns":6},{"damage":6,"enemies":"Maw","floor":45,"turns":5},{"damage":21,"enemies":"2 Orb Walkers","floor":47,"turns":4},{"damage":27,"enemies":"Nemesis","floor":48,"turns":5},{"damage":44,"enemies":"Time Eater","floor":50,"turns":7}],"seed_played":"7099700011447224169","potions_obtained":[{"floor":1,"key":"Energy Potion"},{"floor":6,"key":"GamblersBrew"},{"floor":8,"key":"BloodPotion"},{"floor":16,"key":"Fire Potion"},{"floor":20,"key":"Ancient Potion"},{"floor":28,"key":"Energy Potion"},{"floor":30,"key":"Energy Potion"},{"floor":35,"key":"PowerPotion"},{"floor":45,"key":"SneckoOil"},{"floor":48,"key":"PowerPotion"}],"is_trial":false,"path_per_floor":["M","M","M","?","?","E","R","E","T","?","$","M","M","M","R","B",null,"M","$","M","$","M","R","E","M","T","R","E","R","M","M","R","B",null,"M","M","?","$","M","R","$","R","T","E","M","R","?","E","R","B",null],"character_chosen":"IRONCLAD","items_purchased":["Sword Boomerang","Shrug It Off","Limit Break","Apotheosis"],"campfire_rested":1,"item_purchase_floors":[11,19,21,38],"current_hp_per_floor":[68,73,75,80,80,50,50,32,32,32,32,30,36,39,39,23,70,71,71,71,71,71,71,50,50,50,50,56,56,56,56,56,31,82,88,84,84,84,84,84,84,84,84,88,88,88,73,64,94,68],"gold":231,"neow_bonus":"REMOVE_TWO","is_prod":false,"is_daily":false,"chose_seed":false,"campfire_upgraded":4,"win_rate":0,"timestamp":1542246729,"path_taken":["M","?","M","?","?","E","R","E","T","?","$","M","?","M","R","BOSS","M","$","M","$","M","R","E","M","T","R","E","R","M","M","R","BOSS","M","M","?","$","M","R","$","R","T","E","M","R","?","E","R","BOSS"],"build_version":"2018-11-08","purchased_purges":3,"victory":true,"max_hp_per_floor":[80,80,80,85,85,85,85,85,85,85,85,85,85,85,85,85,85,85,85,85,85,85,85,85,85,85,85,99,99,99,99,99,99,99,99,102,97,97,97,97,97,97,97,101,101,101,101,101,101,101],"card_choices":[{"not_picked":["Warcry","Cleave"],"picked":"Spot Weakness","floor":1},{"not_picked":["Heavy Blade","Headbutt"],"picked":"Clothesline","floor":2},{"not_picked":["Armaments","Carnage","Anger"],"picked":"SKIP","floor":3},{"not_picked":["Anger","Perfected Strike"],"picked":"Inflame","floor":6},{"not_picked":["Flex","Warcry"],"picked":"Flame Barrier","floor":8},{"not_picked":["Corruption","Impervious","Clothesline"],"picked":"SKIP","floor":12},{"not_picked":["Corruption","Clothesline"],"picked":"Impervious","floor":12},{"not_picked":["Body Slam","Flame Barrier","Headbutt"],"picked":"SKIP","floor":13},{"not_picked":["Sentinel","True Grit"],"picked":"Thunderclap","floor":14},{"not_picked":["Impervious","Demon Form"],"picked":"Offering","floor":16},{"not_picked":["Cleave","Searing Blow","True Grit"],"picked":"SKIP","floor":18},{"not_picked":["Second Wind","Clothesline","Power Through"],"picked":"SKIP","floor":20},{"not_picked":["Combust","Reckless Charge"],"picked":"Whirlwind","floor":22},{"not_picked":["Bloodletting","Perfected Strike+1","Anger"],"picked":"SKIP","floor":24},{"not_picked":["Bludgeon","Heavy Blade"],"picked":"Sword Boomerang","floor":25},{"not_picked":["Limit Break","Sever Soul","Clothesline"],"picked":"SKIP","floor":28},{"not_picked":["Combust+1","Clothesline","Shrug It Off"],"picked":"SKIP","floor":30},{"not_picked":["Iron Wave","Clothesline","Armaments+1"],"picked":"SKIP","floor":31},{"not_picked":["Double Tap","Berserk"],"picked":"Feed","floor":33},{"not_picked":["Twin Strike","Pommel Strike","Cleave+1"],"picked":"SKIP","floor":35},{"not_picked":["True Grit","Warcry"],"picked":"Shrug It Off+1","floor":36},{"not_picked":["Reckless Charge+1","Ghostly Armor+1"],"picked":"Seeing Red+1","floor":39},{"not_picked":["Shrug It Off","Rampage+1","Wild Strike+1"],"picked":"SKIP","floor":44},{"not_picked":["Body Slam+1","Ghostly Armor","Anger+1"],"picked":"SKIP","floor":45},{"not_picked":["Feed","Impervious+1","Flex+1"],"picked":"SKIP","floor":48}],"player_experience":167994,"relics_obtained":[{"floor":6,"key":"War Paint"},{"floor":8,"key":"The Courier"},{"floor":9,"key":"PreservedInsect"},{"floor":24,"key":"Shovel"},{"floor":26,"key":"Happy Flower"},{"floor":27,"key":"Juzu Bracelet"},{"floor":28,"key":"Mango"},{"floor":32,"key":"Bottled Tornado"},{"floor":40,"key":"Meat on the Bone"},{"floor":42,"key":"Nunchaku"},{"floor":43,"key":"Art of War"},{"floor":44,"key":"Bottled Flame"},{"floor":46,"key":"Toxic Egg 2"},{"floor":47,"key":"Incense Burner"},{"floor":48,"key":"Lantern"}],"event_choices":[{"damage_healed":0,"gold_gain":0,"player_choice":"Donut","damage_taken":0,"max_hp_gain":5,"max_hp_loss":0,"event_name":"Big Fish","floor":4,"gold_loss":0},{"damage_healed":0,"gold_gain":0,"player_choice":"Ignored","damage_taken":0,"max_hp_gain":0,"max_hp_loss":0,"event_name":"Liars Game","floor":5,"gold_loss":0},{"damage_healed":0,"gold_gain":0,"player_choice":"Fled","damage_taken":0,"max_hp_gain":0,"max_hp_loss":0,"event_name":"Scrap Ooze","floor":10,"gold_loss":0},{"damage_healed":0,"gold_gain":0,"player_choice":"Max HP","damage_taken":0,"max_hp_gain":0,"max_hp_loss":5,"event_name":"Winding Halls","floor":37,"gold_loss":0},{"damage_healed":0,"gold_gain":0,"player_choice":"Fight","damage_taken":0,"max_hp_gain":0,"max_hp_loss":0,"event_name":"Mysterious Sphere","floor":47,"gold_loss":0}],"is_beta":false,"boss_relics":[{"not_picked":["Lizard Tail","Eternal Feather"],"picked":"Velvet Choker"},{"not_picked":["Mark of Pain","Coffee Dripper"],"picked":"Runic Dome"}],"items_purged_floors":[11,19,38],"is_endless":false,"potions_floor_spawned":[1,6,8,16,20,28,30,31,35,45,48],"ascension_level":7}