{"path_per_floor":["M","?","?","M","$","E","M","$","T","T","M","?","?","M","R","B",null,"M","M","?","?","?","R","M","$","T","M","R","?","?","?","R"],"character_chosen":"THE_SILENT","items_purchased":["Caltrops","Well Laid Plans"],"gold_per_floor":[110,110,110,120,43,73,83,83,133,179,191,366,427,440,440,543,573,591,608,523,523,523,523,543,433,433,443,443,443,593,593,593,593],"floor_reached":33,"campfire_rested":2,"playtime":1015,"item_purchase_floors":[5,25],"current_hp_per_floor":[70,70,58,58,58,41,41,41,41,41,39,39,39,38,59,29,75,75,55,55,55,55,55,47,47,47,33,55,55,55,55,55,0],"items_purged":["Writhe"],"gold":593,"score":242,"play_id":"fe47e306-b02c-42a1-91ff-5f18d1435248","local_time":"20180606221422","is_prod":false,"is_daily":false,"chose_seed":false,"is_ascension_mode":false,"campfire_upgraded":2,"win_rate":0.0,"timestamp":1528341262,"campfire_choices":[{"floor":15,"key":"REST"},{"data":"Phantasmal Killer","floor":23,"key":"SMITH"},{"floor":28,"key":"REST"},{"data":"Caltrops","floor":32,"key":"SMITH"}],"path_taken":["M","?","?","M","$","E","M","$","T","?","M","?","?","M","R","BOSS","M","M","?","?","?","R","M","$","T","M","R","?","?","?","R","BOSS"],"build_version":"2018-06-05","seed_source_timestamp":667892721554217,"purchased_purges":1,"victory":false,"master_deck":["Defend_G","Defend_G","Defend_G","Defend_G","Defend_G","Strike_G","Strike_G","Strike_G","Strike_G","Survivor","Neutralize+1","Riddle With Holes","Quick Slash","Phantasmal Killer+1","Backstab","Caltrops+1","Footwork","Backflip","Glass Knife","Flying Knee+1","Terror+1","Well Laid Plans"],"max_hp_per_floor":[70,70,70,70,70,70,70,70,70,70,70,70,70,70,70,70,75,75,75,75,75,75,75,75,75,75,75,75,75,75,75,75,75],"relics":["Ring of the Snake","Bag of Preparation","Juzu Bracelet","Oddly Smooth Stone","Happy Flower","Tiny House","Gremlin Horn","Spirit Poop","Bronze Scales","Potion Belt"],"card_choices":[{"not_picked":["Underhanded Strike","Calculated Gamble"],"picked":"Riddle With Holes","floor":0},{"not_picked":["Dodge and Roll","Acrobatics"],"picked":"Quick Slash","floor":1},{"not_picked":["Calculated Gamble","Dash"],"picked":"Backstab","floor":4},{"not_picked":["Riddle With Holes","Predator"],"picked":"Footwork","floor":6},{"not_picked":["Predator","Distraction","Calculated Gamble"],"picked":"SKIP","floor":7},{"not_picked":["Sucker Punch","Prepared"],"picked":"Backflip","floor":11},{"not_picked":["Dagger Spray","Sucker Punch","Noxious Fumes"],"picked":"SKIP","floor":14},{"not_picked":["Venomology","Night Terror"],"picked":"Glass Knife","floor":16},{"not_picked":["Underhanded Strike","Prepared"],"picked":"Flying Knee+1","floor":18},{"not_picked":["Dodge and Roll","Distraction"],"picked":"Terror+1","floor":19},{"not_picked":["Poisoned Stab+1","Endless Agony","Crippling Poison"],"picked":"SKIP","floor":24},{"not_picked":["Acrobatics+1","PiercingWail+1","Reflex+1"],"picked":"SKIP","floor":27}],"player_experience":15933,"potions_floor_usage":[16,16,18,19,33,33,33],"damage_taken":[{"damage":0,"enemies":"Small Slimes","floor":1,"turns":3},{"damage":0,"enemies":"Jaw Worm","floor":4,"turns":3},{"damage":17,"enemies":"Gremlin Nob","floor":6,"turns":4},{"damage":0,"enemies":"2 Louse","floor":7,"turns":2},{"damage":2,"enemies":"Large Slime","floor":11,"turns":7},{"damage":1,"enemies":"Blue Slaver","floor":14,"turns":4},{"damage":30,"enemies":"Slime Boss","floor":16,"turns":12},{"damage":0,"enemies":"3 Byrds","floor":18,"turns":4},{"damage":20,"enemies":"Shell Parasite","floor":19,"turns":5},{"damage":8,"enemies":"Snecko","floor":24,"turns":3},{"damage":14,"enemies":"Sentry and Sphere","floor":27,"turns":5},{"damage":59,"enemies":"Champ","floor":33,"turns":12}],"relics_obtained":[{"floor":6,"key":"Juzu Bracelet"},{"floor":9,"key":"Oddly Smooth Stone"},{"floor":10,"key":"Happy Flower"},{"floor":26,"key":"Potion Belt"}],"event_choices":[{"event_name":"Living Wall","player_choice":"Change","floor":2,"damage_taken":0},{"event_name":"Scrap Ooze","player_choice":"success","floor":3,"damage_taken":12},{"event_name":"Liars Game","player_choice":"agreed","floor":12,"damage_taken":0},{"event_name":"Golden Wing","player_choice":"Gained Gold","floor":13,"damage_taken":0},{"event_name":"Addict","player_choice":"Obtained Relic","floor":20,"damage_taken":0},{"event_name":"Bonfire Elementals","player_choice":"CURSE","floor":21,"damage_taken":0},{"event_name":"The Mausoleum","player_choice":"Yes","floor":22,"damage_taken":0},{"event_name":"Vampires","player_choice":"Ignored","floor":29,"damage_taken":0},{"event_name":"Nest","player_choice":"Stole From Cult","floor":30,"damage_taken":0},{"event_name":"Ghosts","player_choice":"Ignored","floor":31,"damage_taken":0}],"boss_relics":[{"not_picked":["Velvet Choker","Eternal Feather"],"picked":"Tiny House"}],"items_purged_floors":[25],"potions_floor_spawned":[6,11,14,16,18,19],"seed_played":"-1654286392226373784","killed_by":"Champ","ascension_level":0,"potions_obtained":[{"floor":6,"key":"Block Potion"},{"floor":11,"key":"SteroidPotion"},{"floor":14,"key":"Ancient Potion"},{"floor":16,"key":"Ancient Potion"},{"floor":17,"key":"AttackPotion"},{"floor":18,"key":"FearPotion"},{"floor":19,"key":"AttackPotion"}],"is_trial":false}