{"gold_per_floor":[113,132,149,149,324,358,358,144,144,144,144,144,156,169,169,169],"floor_reached":16,"playtime":1839,"items_purged":["Doubt"],"score":130,"play_id":"fc66cc19-f8c0-4d7a-b743-56020653e343","local_time":"20190109130456","is_ascension_mode":true,"campfire_choices":[{"data":"Bash","floor":7,"key":"SMITH"},{"data":"Armaments","floor":10,"key":"SMITH"},{"data":"Shockwave","floor":12,"key":"SMITH"},{"data":"Clothesline","floor":15,"key":"SMITH"}],"neow_cost":"TEN_PERCENT_HP_LOSS","seed_source_timestamp":3791450971970246,"circlet_count":0,"master_deck":["Strike_R","Strike_R","Strike_R","Strike_R","Strike_R","Defend_R","Defend_R","Defend_R","Defend_R","Bash+1","Armaments+1","Shockwave+1","Clothesline+1","Pommel Strike","Limit Break","Pommel Strike"],"relics":["Burning Blood","FossilizedHelix","Bottled Flame","Shuriken"],"potions_floor_usage":[14,16],"damage_taken":[{"damage":0,"enemies":"Cultist","floor":1,"turns":3},{"damage":0,"enemies":"Jaw Worm","floor":2,"turns":2},{"damage":0,"enemies":"2 Louse","floor":3,"turns":3},{"damage":50,"enemies":"Lagavulin","floor":6,"turns":9},{"damage":6,"enemies":"Looter","floor":13,"turns":3},{"damage":0,"enemies":"3 Louse","floor":14,"turns":3},{"damage":37,"enemies":"Hexaghost","floor":16,"turns":11}],"seed_played":"-8953962909372941165","potions_obtained":[{"floor":3,"key":"LiquidBronze"},{"floor":6,"key":"Poison Potion"},{"floor":14,"key":"Block Potion"}],"is_trial":false,"path_per_floor":["M","M","M","$","?","E","R","$","T","R","$","R","M","M","R","B"],"character_chosen":"IRONCLAD","items_purchased":["Limit Break"],"campfire_rested":0,"item_purchase_floors":[8],"current_hp_per_floor":[72,72,72,72,72,28,28,28,28,28,28,28,28,34,34,0],"gold":169,"neow_bonus":"ONE_RARE_RELIC","is_prod":false,"is_daily":false,"chose_seed":false,"campfire_upgraded":4,"win_rate":0,"timestamp":1547067896,"path_taken":["M","M","M","$","?","E","R","$","T","R","$","R","M","M","R","BOSS"],"build_version":"2019-01-03v4","purchased_purges":1,"victory":false,"max_hp_per_floor":[72,72,72,72,72,72,72,72,72,72,72,72,72,72,72,72],"card_choices":[{"not_picked":["Dropkick","Wild Strike"],"picked":"Armaments","floor":1},{"not_picked":["Iron Wave","Blood for Blood"],"picked":"Shockwave","floor":2},{"not_picked":["Warcry","Heavy Blade"],"picked":"Clothesline","floor":3},{"not_picked":["Thunderclap","Clash"],"picked":"Pommel Strike","floor":6},{"not_picked":["Heavy Blade","Rampage"],"picked":"Pommel Strike","floor":13},{"not_picked":["Cleave","Thunderclap","Warcry"],"picked":"SKIP","floor":14}],"player_experience":248372,"relics_obtained":[{"floor":6,"key":"Bottled Flame"},{"floor":9,"key":"Shuriken"}],"event_choices":[{"damage_healed":0,"gold_gain":175,"player_choice":"AGREE","damage_taken":0,"max_hp_gain":0,"max_hp_loss":0,"event_name":"Liars Game","floor":5,"gold_loss":0,"cards_obtained":["Doubt"]}],"is_beta":false,"boss_relics":[],"items_purged_floors":[8],"is_endless":false,"potions_floor_spawned":[3,6,14],"killed_by":"Hexaghost","ascension_level":6}