{"gold_per_floor":[367,377,49,14,68,118,148,148,201,201,276,341,341],"floor_reached":13,"playtime":572,"items_purged":[],"score":149,"play_id":"84837010-81cc-4863-b314-e0c910da2c58","local_time":"20190126001507","is_ascension_mode":true,"campfire_choices":[{"data":"HandOfGreed","floor":8,"key":"SMITH"},{"data":"Dodge and Roll","floor":10,"key":"SMITH"}],"neow_cost":"TEN_PERCENT_HP_LOSS","seed_source_timestamp":283853459805363,"circlet_count":0,"master_deck":["AscendersBane","Defend_G","Defend_G","Defend_G","Defend_G","Defend_G","Strike_G","Strike_G","Strike_G","Strike_G","Strike_G","Survivor","Neutralize","Dagger Spray","Leg Sweep","HandOfGreed+1","Riddle With Holes","Dagger Spray","Dodge and Roll+1","Footwork"],"relics":["Ring of the Snake","Oddly Smooth Stone","Kunai","Juzu Bracelet"],"potions_floor_usage":[6,13],"damage_taken":[{"damage":5,"enemies":"Cultist","floor":1,"turns":5},{"damage":0,"enemies":"2 Louse","floor":2,"turns":2},{"damage":0,"enemies":"Small Slimes","floor":5,"turns":4},{"damage":20,"enemies":"Lagavulin","floor":6,"turns":8},{"damage":2,"enemies":"Looter","floor":7,"turns":5},{"damage":1,"enemies":"3 Louse","floor":12,"turns":6},{"damage":27,"enemies":"Gremlin Nob","floor":13,"turns":3}],"seed_played":"-1948623065163592670","potions_obtained":[{"floor":5,"key":"Dexterity Potion"},{"floor":7,"key":"Ancient Potion"},{"floor":12,"key":"Poison Potion"}],"is_trial":false,"path_per_floor":["M","M","$","?","M","E","M","R","T","R","?","M","E"],"character_chosen":"THE_SILENT","items_purchased":["Oddly Smooth Stone","HandOfGreed"],"campfire_rested":0,"item_purchase_floors":[3,3],"current_hp_per_floor":[54,54,54,60,60,40,38,38,38,38,27,26,0],"gold":341,"neow_bonus":"TWO_FIFTY_GOLD","is_prod":false,"is_daily":false,"chose_seed":false,"campfire_upgraded":2,"win_rate":0,"timestamp":1548483307,"path_taken":["M","?","$","?","M","E","M","R","T","R","?","M","E"],"build_version":"2019-01-23","purchased_purges":0,"victory":false,"max_hp_per_floor":[60,60,60,60,60,60,60,60,60,60,60,60,60],"card_choices":[{"not_picked":["Deadly Poison","Bane"],"picked":"Dagger Spray","floor":1},{"not_picked":["Dagger Throw","Bane"],"picked":"Leg Sweep","floor":2},{"not_picked":["Accuracy","Tools of the Trade"],"picked":"Riddle With Holes","floor":5},{"not_picked":["Poisoned Stab","Backflip"],"picked":"Dagger Spray","floor":6},{"not_picked":["Terror","Concentrate"],"picked":"Dodge and Roll","floor":7},{"not_picked":["Prepared","Dagger Spray"],"picked":"Footwork","floor":12}],"player_experience":576064,"relics_obtained":[{"floor":6,"key":"Kunai"},{"floor":9,"key":"Juzu Bracelet"}],"event_choices":[{"damage_healed":15,"gold_gain":0,"player_choice":"Healed","damage_taken":0,"max_hp_gain":0,"max_hp_loss":0,"event_name":"The Cleric","floor":4,"gold_loss":35},{"damage_healed":0,"gold_gain":75,"player_choice":"Gather Gold","damage_taken":11,"max_hp_gain":0,"max_hp_loss":0,"event_name":"World of Goop","floor":11,"gold_loss":0}],"is_beta":false,"boss_relics":[],"items_purged_floors":[],"is_endless":false,"potions_floor_spawned":[5,7,12],"killed_by":"Gremlin Nob","ascension_level":15}