{"gold_per_floor":[114,132,57,76,76,76,91,102,102,114,14,32,46,66,66,165,165,178,194,214,63,63,63,91,91],"floor_reached":25,"playtime":891,"items_purged":["Strike_R","Strike_R","Strike_R"],"score":244,"play_id":"ced56801-12e6-4c17-a833-cdcb84c12c16","local_time":"20180908225554","is_ascension_mode":false,"campfire_choices":[{"data":"Uppercut","floor":6,"key":"SMITH"},{"data":"Inflame","floor":15,"key":"SMITH"},{"data":"True Grit","floor":23,"key":"SMITH"}],"neow_cost":"PERCENT_DAMAGE","seed_source_timestamp":31467220336002,"circlet_count":0,"master_deck":["Strike_R","Defend_R","Defend_R","Defend_R","Defend_R","Bash","Thunderclap","Inflame+1","Uppercut+1","True Grit+1","Thunderclap","Thunderclap","Pommel Strike","Dropkick","Shrug It Off","Armaments"],"relics":["Burning Blood","Incense Burner","Runic Pyramid","Paper Frog"],"potions_floor_usage":[10,10,19,24],"damage_taken":[{"damage":6,"enemies":"Jaw Worm","floor":1,"turns":5},{"damage":5,"enemies":"2 Louse","floor":2,"turns":2},{"damage":7,"enemies":"Small Slimes","floor":4,"turns":5},{"damage":18,"enemies":"Exordium Thugs","floor":7,"turns":6},{"damage":2,"enemies":"Looter","floor":8,"turns":4},{"damage":3,"enemies":"Exordium Wildlife","floor":10,"turns":3},{"damage":15,"enemies":"Lots of Slimes","floor":12,"turns":4},{"damage":4,"enemies":"Blue Slaver","floor":13,"turns":4},{"damage":3,"enemies":"Looter","floor":14,"turns":3},{"damage":36,"enemies":"The Guardian","floor":16,"turns":8},{"damage":9,"enemies":"Shell Parasite","floor":18,"turns":6},{"damage":20,"enemies":"Spheric Guardian","floor":19,"turns":4},{"damage":35,"enemies":"Shelled Parasite and Fungi","floor":20,"turns":7},{"damage":45,"enemies":"Slavers","floor":24,"turns":7},{"damage":11,"enemies":"Cultist and Chosen","floor":25,"turns":4}],"seed_played":"-3001973617114354465","potions_obtained":[{"floor":2,"key":"Regen Potion"},{"floor":4,"key":"SkillPotion"},{"floor":10,"key":"Dexterity Potion"},{"floor":13,"key":"SteroidPotion"},{"floor":16,"key":"Swift Potion"},{"floor":24,"key":"Explosive Potion"}],"is_trial":false,"path_per_floor":["M","M","$","M","?","R","M","M","T","M","$","M","M","M","R","B",null,"M","M","M","$","?","R","E"],"character_chosen":"IRONCLAD","items_purchased":["Armaments"],"campfire_rested":0,"item_purchase_floors":[21],"current_hp_per_floor":[69,70,70,69,62,62,50,54,54,66,66,57,59,62,62,32,96,93,79,50,50,50,50,11,0],"gold":91,"neow_bonus":"TWENTY_PERCENT_HP_BONUS","is_prod":false,"is_daily":false,"chose_seed":false,"campfire_upgraded":3,"win_rate":0,"timestamp":1536443754,"path_taken":["M","M","$","M","?","R","M","M","T","M","$","M","M","M","R","BOSS","M","M","M","$","?","R","E","M"],"build_version":"2018-09-06","purchased_purges":3,"victory":false,"max_hp_per_floor":[96,96,96,96,96,96,96,96,96,96,96,96,96,96,96,96,96,96,96,96,96,96,96,96,96],"card_choices":[{"not_picked":["Warcry","Sever Soul"],"picked":"Thunderclap","floor":1},{"not_picked":["Spot Weakness","Battle Trance"],"picked":"Inflame","floor":2},{"not_picked":["Armaments","Iron Wave"],"picked":"Uppercut","floor":4},{"not_picked":["Ghostly Armor","Whirlwind"],"picked":"True Grit","floor":7},{"not_picked":["Armaments","Clash"],"picked":"Thunderclap","floor":8},{"not_picked":["Anger","Hemokinesis","Pummel"],"picked":"SKIP","floor":10},{"not_picked":["Disarm","Battle Trance"],"picked":"Thunderclap","floor":12},{"not_picked":["Twin Strike","Iron Wave"],"picked":"Pommel Strike","floor":13},{"not_picked":["Headbutt","Cleave"],"picked":"Dropkick","floor":14},{"not_picked":["Blood for Blood+1","Bloodletting+1","Hemokinesis"],"picked":"SKIP","floor":18},{"not_picked":["Wild Strike","Headbutt","Thunderclap"],"picked":"SKIP","floor":19},{"not_picked":["Carnage","Metallicize"],"picked":"Shrug It Off","floor":20},{"not_picked":["Battle Trance","Searing Blow","Hemokinesis"],"picked":"SKIP","floor":24}],"player_experience":28131,"relics_obtained":[{"floor":9,"key":"Incense Burner"},{"floor":24,"key":"Paper Frog"}],"event_choices":[{"event_name":"Golden Wing","player_choice":"Card Removal","floor":5,"damage_taken":0},{"event_name":"Cursed Tome","player_choice":"Ignored","floor":22,"damage_taken":0}],"is_beta":false,"boss_relics":[{"not_picked":["Mark of Pain","Runic Cube"],"picked":"Runic Pyramid"}],"items_purged_floors":[3,11,21],"is_endless":false,"potions_floor_spawned":[2,4,10,13,16,18,24],"killed_by":"Cultist and Chosen","ascension_level":0}