{"gold_per_floor":[109,124,124,54,71,96,96,271,271,271,289,13,29,29,29,131,131,145,161,161,174,63,94,94,126,171,191,191,191,191,206,206,304,304,319,14,14,27,42,42],"floor_reached":40,"playtime":2430,"items_purged":["Doubt"],"score":564,"play_id":"79a9cb85-d93f-4b2b-bb9a-d7fba1499779","local_time":"20181002011537","is_ascension_mode":true,"campfire_choices":[{"floor":7,"key":"REST"},{"data":"Sunder","floor":10,"key":"SMITH"},{"data":"Glacier","floor":15,"key":"SMITH"},{"floor":24,"key":"REST"},{"floor":28,"key":"REST"},{"floor":30,"key":"REST"},{"floor":32,"key":"REST"}],"neow_cost":"NONE","seed_source_timestamp":834419742736387,"circlet_count":0,"master_deck":["Strike_B","Strike_B","Strike_B","Strike_B","Defend_B","Defend_B","Defend_B","Defend_B","Zap","Dualcast","Multi-Cast+1","Steam","Redo","Doom and Gloom","Sunder+1","Genetic Algorithm+1","Doom and Gloom","Glacier+1","Metamorphosis","Purity","Perfected Strike","Backstab","Double Energy","Aggregate","Mayhem","Capacitor","Cold Snap","Hologram+1","Die Die Die","Ball Lightning+1","Acrobatics"],"relics":["Cracked Core","Dead Branch","FossilizedHelix","PrismaticShard","Fusion Hammer","MutagenicStrength","Vajra","Omamori","Juzu Bracelet","Anchor","Cursed Key","Ice Cream"],"potions_floor_usage":[11,21,21,25,25,33,35,39,40],"damage_taken":[{"damage":1,"enemies":"Cultist","floor":1,"turns":4},{"damage":0,"enemies":"Small Slimes","floor":2,"turns":3},{"damage":2,"enemies":"Jaw Worm","floor":5,"turns":3},{"damage":20,"enemies":"Gremlin Nob","floor":6,"turns":4},{"damage":0,"enemies":"Large Slime","floor":11,"turns":6},{"damage":0,"enemies":"Exordium Thugs","floor":13,"turns":3},{"damage":18,"enemies":"The Guardian","floor":16,"turns":12},{"damage":0,"enemies":"Shell Parasite","floor":18,"turns":6},{"damage":0,"enemies":"Spheric Guardian","floor":19,"turns":3},{"damage":15,"enemies":"Shelled Parasite and Fungi","floor":21,"turns":4},{"damage":0,"enemies":"Slavers","floor":23,"turns":3},{"damage":48,"enemies":"Book of Stabbing","floor":25,"turns":5},{"damage":23,"enemies":"Centurion and Healer","floor":27,"turns":5},{"damage":0,"enemies":"3 Cultists","floor":31,"turns":5},{"damage":40,"enemies":"Champ","floor":33,"turns":10},{"damage":0,"enemies":"Orb Walker","floor":35,"turns":2},{"damage":0,"enemies":"3 Shapes","floor":38,"turns":4},{"damage":54,"enemies":"Transient","floor":39,"turns":5},{"damage":38,"enemies":"Giant Head","floor":40,"turns":5}],"seed_played":"-4380212131867904673","potions_obtained":[{"floor":2,"key":"Poison Potion"},{"floor":5,"key":"LiquidBronze"},{"floor":6,"key":"Block Potion"},{"floor":11,"key":"Fruit Juice"},{"floor":16,"key":"Block Potion"},{"floor":21,"key":"Swift Potion"},{"floor":25,"key":"Fire Potion"},{"floor":31,"key":"Weak Potion"},{"floor":35,"key":"Poison Potion"},{"floor":38,"key":"Regen Potion"}],"is_trial":false,"path_per_floor":["M","M","?","$","M","E","R","?","T","R","M","$","M","?","R","B",null,"M","M","?","M","$","E","R","E","T","M","R","?","R","M","R","B",null,"M","$","?","M","M"],"character_chosen":"DEFECT","items_purchased":["Doom and Gloom","PrismaticShard","Double Energy","Aggregate","Ice Cream"],"campfire_rested":5,"item_purchase_floors":[4,12,22,22,36],"current_hp_per_floor":[74,74,74,74,72,52,74,74,74,74,79,79,79,79,79,61,75,75,75,75,60,60,60,80,32,32,9,33,33,57,57,80,40,70,70,70,80,80,26,0],"gold":42,"neow_bonus":"ONE_RANDOM_RARE_CARD","is_prod":false,"is_daily":false,"chose_seed":false,"campfire_upgraded":2,"win_rate":0,"timestamp":1538460937,"path_taken":["M","M","?","$","M","E","R","?","T","R","M","$","M","?","R","BOSS","M","M","?","?","$","E","R","E","T","M","R","?","R","M","R","BOSS","M","$","?","M","M","E"],"build_version":"2018-09-27","purchased_purges":1,"victory":false,"max_hp_per_floor":[75,75,75,75,75,75,75,75,75,75,80,80,80,80,80,80,80,80,80,80,80,80,80,80,80,80,80,80,80,80,80,80,80,80,80,80,80,80,80,80],"card_choices":[{"not_picked":["Redo","Beam Cell"],"picked":"Steam","floor":1},{"not_picked":["Rebound","Gash"],"picked":"Redo","floor":2},{"not_picked":["Coolheaded","Heatsinks"],"picked":"Sunder","floor":5},{"not_picked":["Melter","Redo"],"picked":"Genetic Algorithm","floor":6},{"not_picked":["Lockon","Skim"],"picked":"Doom and Gloom","floor":11},{"not_picked":["Iron Wave","Coolheaded"],"picked":"Glacier","floor":13},{"not_picked":["Thunder Strike","Biased Cognition"],"picked":"Metamorphosis","floor":16},{"not_picked":["Wild Strike+1","Terror"],"picked":"Purity","floor":18},{"not_picked":["Wild Strike+1","Barrage"],"picked":"Perfected Strike","floor":19},{"not_picked":["Distraction+1","Sweeping Beam"],"picked":"Backstab","floor":21},{"not_picked":["Flash of Steel","Fission"],"picked":"Mayhem","floor":23},{"not_picked":["Flex+1","BootSequence+1"],"picked":"Capacitor","floor":25},{"not_picked":["Flying Knee+1","Armaments"],"picked":"Cold Snap","floor":27},{"not_picked":["Deadly Poison","True Grit+1"],"picked":"Hologram+1","floor":31},{"not_picked":["Phantasmal Killer","Bludgeon"],"picked":"Die Die Die","floor":33},{"not_picked":["Setup","Sword Boomerang"],"picked":"Ball Lightning+1","floor":35},{"not_picked":["Masterful Stab+1","Underhanded Strike+1"],"picked":"Acrobatics","floor":38},{"not_picked":["Steam Power+1","Undo","Body Slam+1"],"picked":"SKIP","floor":39}],"player_experience":374634,"relics_obtained":[{"floor":6,"key":"Dead Branch"},{"floor":9,"key":"FossilizedHelix"},{"floor":23,"key":"Vajra"},{"floor":25,"key":"Omamori"},{"floor":26,"key":"Juzu Bracelet"}],"event_choices":[{"event_name":"Living Wall","player_choice":"Grow","floor":3,"damage_taken":0},{"event_name":"Liars Game","player_choice":"agreed","floor":8,"damage_taken":0},{"event_name":"Upgrade Shrine","player_choice":"Upgraded","floor":14,"damage_taken":0},{"event_name":"Drug Dealer","player_choice":"Inject Mutagens","floor":20,"damage_taken":0},{"event_name":"The Mausoleum","player_choice":"Yes","floor":29,"damage_taken":0},{"event_name":"Winding Halls","player_choice":"Writhe","floor":37,"damage_taken":0}],"is_beta":false,"boss_relics":[{"not_picked":["White Beast Statue","Runic Pyramid"],"picked":"Fusion Hammer"},{"not_picked":["Snecko Eye","FrozenCore"],"picked":"Cursed Key"}],"items_purged_floors":[12],"is_endless":false,"potions_floor_spawned":[2,5,6,11,16,21,25,31,35,38],"killed_by":"Giant Head","ascension_level":5}