{"gold_per_floor":[18,18,93,111,111,144,156,168,180,117,151,151,171,195,195,293,293,309,309,309,51,70,70,90,115,139,164,198,198,213,236,236,335,335,356,356,689,701,701,735,735,413,413,142,153,187,187,203,203,203],"floor_reached":51,"playtime":4831,"items_purged":["Injury"],"score":1460,"play_id":"2eb6d464-5d37-4d3c-994f-e05f80aeffb5","local_time":"20190126153651","is_ascension_mode":true,"campfire_choices":[{"data":"Uppercut","floor":8,"key":"SMITH"},{"data":"Intimidate","floor":12,"key":"SMITH"},{"data":"Body Slam","floor":15,"key":"SMITH"},{"data":"Offering","floor":23,"key":"SMITH"},{"data":"Metallicize","floor":29,"key":"SMITH"},{"data":"Metallicize","floor":32,"key":"SMITH"},{"floor":41,"key":"REST"},{"floor":47,"key":"REST"},{"floor":49,"key":"REST"}],"neow_cost":"NO_GOLD","seed_source_timestamp":1371207693926363,"circlet_count":0,"master_deck":["AscendersBane","Defend_R","Defend_R","Defend_R","Defend_R","Bash","Uppercut+1","Shrug It Off","Shrug It Off","Intimidate+1","Body Slam+1","Impervious","Sword Boomerang+1","Bite","Bite","Bite","Bite","Offering+1","Spot Weakness","Metallicize+1","Metallicize+1","Shrug It Off","Shrug It Off","Metallicize","Fiend Fire","Blood for Blood+1","Shrug It Off","Flash of Steel","Pommel Strike+1","Inflame"],"relics":["Burning Blood","Gambling Chip","MawBank","Letter Opener","Charon\u0027s Ashes","Mark of Pain","FaceOfCleric","Anchor","Potion Belt","Oddly Smooth Stone","Fusion Hammer","Boot","Medical Kit","Dodecahedron","PreservedInsect","Strawberry"],"potions_floor_usage":[11,14,16,16,28,28,33,40,45,46,50],"damage_taken":[{"damage":6,"enemies":"2 Louse","floor":1,"turns":3},{"damage":4,"enemies":"Small Slimes","floor":4,"turns":4},{"damage":49,"enemies":"3 Sentries","floor":6,"turns":13},{"damage":6,"enemies":"Gremlin Nob","floor":11,"turns":3},{"damage":1,"enemies":"Jaw Worm","floor":13,"turns":3},{"damage":2,"enemies":"Red Slaver","floor":14,"turns":5},{"damage":46,"enemies":"Slime Boss","floor":16,"turns":11},{"damage":28,"enemies":"3 Byrds","floor":18,"turns":4},{"damage":7,"enemies":"Shell Parasite","floor":22,"turns":3},{"damage":26,"enemies":"Snecko","floor":24,"turns":4},{"damage":14,"enemies":"Centurion and Healer","floor":25,"turns":4},{"damage":7,"enemies":"Sentry and Sphere","floor":27,"turns":4},{"damage":7,"enemies":"Book of Stabbing","floor":28,"turns":5},{"damage":6,"enemies":"Shelled Parasite and Fungi","floor":30,"turns":3},{"damage":11,"enemies":"Cultist and Chosen","floor":31,"turns":5},{"damage":45,"enemies":"Champ","floor":33,"turns":15},{"damage":6,"enemies":"3 Darklings","floor":35,"turns":5},{"damage":18,"enemies":"3 Shapes","floor":38,"turns":5},{"damage":57,"enemies":"Reptomancer","floor":40,"turns":8},{"damage":11,"enemies":"Spire Growth","floor":45,"turns":5},{"damage":13,"enemies":"Giant Head","floor":46,"turns":5},{"damage":6,"enemies":"Writhing Mass","floor":48,"turns":6},{"damage":62,"enemies":"Awakened One","floor":50,"turns":11}],"seed_played":"-579213631941737495","potions_obtained":[{"floor":1,"key":"Fire Potion"},{"floor":6,"key":"Energy Potion"},{"floor":11,"key":"Weak Potion"},{"floor":14,"key":"Strength Potion"},{"floor":24,"key":"Poison Potion"},{"floor":25,"key":"Fire Potion"},{"floor":28,"key":"Poison Potion"},{"floor":33,"key":"SpeedPotion"},{"floor":38,"key":"GamblersBrew"},{"floor":40,"key":"PowerPotion"},{"floor":48,"key":"Poison Potion"}],"is_trial":false,"path_per_floor":["M","?","?","M","?","E","?","R","T","$","E","R","M","M","R","B",null,"M","?","?","$","M","R","M","M","T","M","E","R","M","M","R","B",null,"M","?","?","M","?","E","R","$","T","$","M","E","R","M","R","B",null],"character_chosen":"IRONCLAD","items_purchased":["Anchor","Offering","Medical Kit","Flash of Steel","PreservedInsect","FairyPotion"],"campfire_rested":3,"item_purchase_floors":[21,21,42,42,44,44],"current_hp_per_floor":[68,68,57,59,59,16,41,41,41,41,41,41,46,50,50,10,59,37,37,37,37,47,47,36,39,39,49,55,55,58,58,58,35,54,61,61,61,56,56,14,32,32,32,32,32,43,64,69,73,22],"gold":203,"neow_bonus":"ONE_RARE_RELIC","is_prod":false,"is_daily":false,"chose_seed":false,"campfire_upgraded":6,"win_rate":0,"timestamp":1548545811,"path_taken":["M","?","?","M","?","E","?","R","T","$","E","R","M","M","R","BOSS","M","?","?","$","M","R","M","M","T","M","E","R","M","M","R","BOSS","M","?","?","M","?","E","R","?","T","$","M","E","R","M","R","BOSS"],"build_version":"2019-01-23","purchased_purges":1,"victory":true,"max_hp_per_floor":[75,75,75,75,75,75,75,75,75,75,75,75,75,75,75,75,75,75,52,52,52,53,53,54,55,55,56,57,57,58,59,59,60,60,61,61,61,62,62,63,63,63,63,63,64,72,72,73,73,74],"card_choices":[{"not_picked":["Shrug It Off","Iron Wave"],"picked":"Uppercut","floor":1},{"not_picked":["Corruption","Searing Blow"],"picked":"Shrug It Off","floor":4},{"not_picked":["Limit Break","Power Through"],"picked":"Shrug It Off","floor":6},{"not_picked":["Combust","Hemokinesis"],"picked":"Intimidate","floor":11},{"not_picked":["Anger","Flex"],"picked":"Body Slam","floor":13},{"not_picked":["Heavy Blade","Cleave","Rage"],"picked":"SKIP","floor":14},{"not_picked":["Limit Break","Brutality"],"picked":"Impervious","floor":16},{"not_picked":["Pommel Strike","Clothesline"],"picked":"Sword Boomerang+1","floor":18},{"not_picked":["Clash","Havoc","Headbutt"],"picked":"SKIP","floor":22},{"not_picked":["Twin Strike","Thunderclap"],"picked":"Spot Weakness","floor":24},{"not_picked":["Shrug It Off","Headbutt"],"picked":"Metallicize","floor":25},{"not_picked":["Perfected Strike+1","Flame Barrier"],"picked":"Metallicize","floor":27},{"not_picked":["Pommel Strike","Heavy Blade"],"picked":"Shrug It Off","floor":28},{"not_picked":["Clash","Pummel"],"picked":"Shrug It Off","floor":30},{"not_picked":["Searing Blow+1","Inflame"],"picked":"Metallicize","floor":31},{"not_picked":["Dark Embrace","Bludgeon"],"picked":"Fiend Fire","floor":33},{"not_picked":["Perfected Strike","Clothesline"],"picked":"Blood for Blood+1","floor":35},{"not_picked":["Anger","Disarm"],"picked":"Shrug It Off","floor":38},{"not_picked":["Havoc","Warcry","Sever Soul"],"picked":"SKIP","floor":40},{"not_picked":["True Grit","Armaments","Hemokinesis"],"picked":"SKIP","floor":45},{"not_picked":["True Grit","Clash+1"],"picked":"Pommel Strike+1","floor":46},{"not_picked":["Havoc","Warcry+1"],"picked":"Inflame","floor":48}],"player_experience":493780,"relics_obtained":[{"floor":6,"key":"MawBank"},{"floor":9,"key":"Letter Opener"},{"floor":11,"key":"Charon\u0027s Ashes"},{"floor":26,"key":"Potion Belt"},{"floor":28,"key":"Oddly Smooth Stone"},{"floor":40,"key":"Boot"},{"floor":43,"key":"Dodecahedron"},{"floor":46,"key":"Strawberry"}],"event_choices":[{"damage_healed":0,"gold_gain":0,"player_choice":"Leave","damage_taken":0,"max_hp_gain":0,"max_hp_loss":0,"event_name":"The Cleric","floor":2,"gold_loss":0},{"damage_healed":0,"gold_gain":75,"player_choice":"Gather Gold","damage_taken":11,"max_hp_gain":0,"max_hp_loss":0,"event_name":"World of Goop","floor":3,"gold_loss":0},{"damage_healed":0,"gold_gain":0,"player_choice":"Take Wound","damage_taken":0,"relics_obtained":["Golden Idol"],"max_hp_gain":0,"max_hp_loss":0,"event_name":"Golden Idol","floor":5,"gold_loss":0,"cards_obtained":["Injury"]},{"damage_healed":25,"gold_gain":0,"player_choice":"Banana","damage_taken":0,"max_hp_gain":0,"max_hp_loss":0,"event_name":"Big Fish","floor":7,"gold_loss":0},{"damage_healed":0,"gold_gain":0,"player_choice":"Became a vampire","damage_taken":0,"max_hp_gain":0,"max_hp_loss":23,"event_name":"Vampires","floor":19,"gold_loss":0,"cards_obtained":["Bite","Bite","Bite","Bite","Bite"]},{"damage_healed":0,"gold_gain":0,"player_choice":"Trade","damage_taken":0,"relics_obtained":["FaceOfCleric"],"max_hp_gain":0,"max_hp_loss":0,"event_name":"FaceTrader","floor":20,"gold_loss":0},{"damage_healed":0,"gold_gain":0,"player_choice":"Ignored","damage_taken":0,"max_hp_gain":0,"max_hp_loss":0,"event_name":"Tomb of Lord Red Mask","floor":36,"gold_loss":0},{"damage_healed":0,"gold_gain":333,"player_choice":"Gave Idol","damage_taken":0,"max_hp_gain":0,"max_hp_loss":0,"event_name":"The Moai Head","floor":37,"relics_lost":["Golden Idol"],"gold_loss":0},{"cards_removed":["Bite"],"damage_healed":0,"gold_gain":0,"player_choice":"Removed Attack","damage_taken":0,"max_hp_gain":0,"max_hp_loss":0,"event_name":"Falling","floor":39,"gold_loss":0}],"is_beta":false,"boss_relics":[{"not_picked":["Astrolabe","Tiny House"],"picked":"Mark of Pain"},{"not_picked":["Snecko Eye","Black Star"],"picked":"Fusion Hammer"}],"items_purged_floors":[10],"is_endless":false,"potions_floor_spawned":[1,6,11,14,24,25,28,33,38,40,48],"ascension_level":19}