{"gold_per_floor":[116,0,75,75,75,75,115,130,130,148,168,168,168],"floor_reached":13,"playtime":543,"items_purged":["Strike_G"],"score":200,"play_id":"8721fc92-53aa-4931-989d-206662f36f59","local_time":"20190203164258","is_ascension_mode":true,"campfire_choices":[{"data":"Well Laid Plans","floor":6,"key":"SMITH"},{"floor":12,"key":"DIG"}],"neow_cost":"NONE","seed_source_timestamp":2070674457417779,"circlet_count":0,"master_deck":["AscendersBane","Defend_G","Defend_G+1","Defend_G","Defend_G","Defend_G","Strike_G+1","Strike_G","Strike_G","Strike_G","Survivor","Neutralize","PiercingWail","Well Laid Plans+1","Injury","Blur","Sucker Punch","Infinite Blades"],"relics":["Ring of the Snake","NeowsBlessing","Golden Idol","Shovel","Paper Crane","Smiling Mask"],"potions_floor_usage":[11,13],"damage_taken":[{"damage":0,"enemies":"Jaw Worm","floor":1,"turns":1},{"damage":0,"enemies":"Lagavulin","floor":7,"turns":1},{"damage":0,"enemies":"Small Slimes","floor":8,"turns":1},{"damage":1,"enemies":"2 Louse","floor":10,"turns":5},{"damage":7,"enemies":"Exordium Wildlife","floor":11,"turns":7},{"damage":50,"enemies":"Gremlin Nob","floor":13,"turns":6}],"seed_played":"-4463380772481586205","potions_obtained":[{"floor":7,"key":"Regen Potion"},{"floor":8,"key":"Ancient Potion"},{"floor":10,"key":"Regen Potion"}],"is_trial":false,"path_per_floor":["M","$","?","?","?","R","E","M","T","M","M","R","E"],"character_chosen":"THE_SILENT","items_purchased":["Well Laid Plans"],"campfire_rested":0,"item_purchase_floors":[2],"current_hp_per_floor":[59,59,48,28,28,28,28,28,28,27,35,35,0],"gold":168,"neow_bonus":"THREE_ENEMY_KILL","is_prod":false,"is_daily":false,"chose_seed":false,"campfire_upgraded":1,"win_rate":0,"timestamp":1549240978,"path_taken":["M","$","?","?","?","R","E","M","T","?","M","R","E"],"build_version":"2019-01-23","purchased_purges":1,"victory":false,"max_hp_per_floor":[66,66,66,66,66,66,66,66,66,66,66,66,66],"card_choices":[{"not_picked":["Dagger Spray","Blade Dance"],"picked":"PiercingWail","floor":1},{"not_picked":["Blade Dance","Accuracy"],"picked":"Blur","floor":7},{"not_picked":["Eviscerate","Skewer"],"picked":"Sucker Punch","floor":8},{"not_picked":["Tactician","Dagger Throw"],"picked":"Infinite Blades","floor":10},{"not_picked":["Acrobatics","Underhanded Strike","Bane"],"picked":"SKIP","floor":11}],"player_experience":601931,"relics_obtained":[{"floor":7,"key":"Shovel"},{"floor":9,"key":"Paper Crane"},{"floor":12,"key":"Smiling Mask"}],"event_choices":[{"damage_healed":0,"gold_gain":75,"player_choice":"Gather Gold","damage_taken":11,"max_hp_gain":0,"max_hp_loss":0,"event_name":"World of Goop","floor":3,"gold_loss":0},{"damage_healed":0,"gold_gain":0,"player_choice":"Entered Light","damage_taken":20,"max_hp_gain":0,"max_hp_loss":0,"event_name":"Shining Light","floor":4,"gold_loss":0,"cards_upgraded":["Strike_G","Defend_G"]},{"damage_healed":0,"gold_gain":0,"player_choice":"Take Wound","damage_taken":0,"relics_obtained":["Golden Idol"],"max_hp_gain":0,"max_hp_loss":0,"event_name":"Golden Idol","floor":5,"gold_loss":0,"cards_obtained":["Injury"]}],"is_beta":false,"boss_relics":[],"items_purged_floors":[2],"is_endless":false,"potions_floor_spawned":[7,8,10],"killed_by":"Gremlin Nob","ascension_level":17}