{"gold_per_floor":[112,126,139,158,158,158,83,96,96,122,132,161,161,173,173,272,272,284,303,403,318,331,331,362,112,137,153,153,153,153,172,172,276,276,295,307,27,37,37,62,79,110,110,110,122,147,147,0,0,0],"floor_reached":51,"playtime":9892,"items_purged":["Strike_B","Defend_B","Defend_B"],"score":869,"play_id":"83ef8508-f1a8-49fd-b301-ac093bb959c1","local_time":"20190119165126","is_ascension_mode":false,"campfire_choices":[{"data":"Capacitor","floor":6.0,"key":"SMITH"},{"floor":13.0,"key":"REST"},{"floor":15.0,"key":"REST"},{"data":"Biased Cognition","floor":23,"key":"SMITH"},{"data":"Chill","floor":28,"key":"SMITH"},{"data":"Echo Form","floor":30,"key":"SMITH"},{"floor":32,"key":"REST"},{"data":"Zap","floor":44,"key":"SMITH"},{"floor":49,"key":"REST"}],"neow_cost":"NONE","seed_source_timestamp":0,"circlet_count":0,"master_deck":["Strike_B+1","Zap+1","Dualcast","Compile Driver+1","Capacitor+1","BootSequence","Glacier","Chill+1","BootSequence","Undo","Echo Form+1","Conserve Battery","Biased Cognition+1","Auto Shields","Go for the Eyes+1","Tempest","Cold Snap+1","Ball Lightning+1","FTL+1","All For One+1","FTL+1","Fission+1","Buffer+1","Defragment+1","Barrage+1","Capacitor","Parasite","Ball Lightning+1"],"special_seed":0,"relics":["Cracked Core","NeowsBlessing","FossilizedHelix","StoneCalendar","Bottled Lightning","White Beast Statue","Du-Vu Doll","Molten Egg 2","Dream Catcher","Gremlin Horn","Whetstone","Bag of Preparation","Astrolabe","Happy Flower","Potion Belt","Question Card","Bag of Marbles","Darkstone Periapt","Boot","Red Mask"],"potions_floor_usage":[22,24,31,33,35,36,36,40,45,46,46,50],"damage_taken":[{"damage":0.0,"enemies":"Jaw Worm","floor":1.0,"turns":1.0},{"damage":0.0,"enemies":"Cultist","floor":2.0,"turns":1.0},{"damage":0.0,"enemies":"Small Slimes","floor":3.0,"turns":1.0},{"damage":10.0,"enemies":"Looter","floor":4.0,"turns":4.0},{"damage":11.0,"enemies":"Exordium Thugs","floor":8.0,"turns":6.0},{"damage":47.0,"enemies":"Gremlin Nob","floor":10.0,"turns":7.0},{"damage":0.0,"enemies":"3 Louse","floor":11.0,"turns":6.0},{"damage":3.0,"enemies":"3 Sentries","floor":12.0,"turns":7.0},{"damage":8.0,"enemies":"2 Fungi Beasts","floor":14.0,"turns":6.0},{"damage":6.0,"enemies":"The Guardian","floor":16.0,"turns":13.0},{"damage":26.0,"enemies":"3 Byrds","floor":18.0,"turns":7.0},{"damage":0.0,"enemies":"Spheric Guardian","floor":19.0,"turns":7.0},{"damage":8.0,"enemies":"Colosseum Slavers","floor":20.0,"turns":7.0},{"damage":15.0,"enemies":"Colosseum Nobs","floor":20.0,"turns":10.0},{"damage":0,"enemies":"Shelled Parasite and Fungi","floor":22,"turns":7},{"damage":0,"enemies":"Slavers","floor":24,"turns":7},{"damage":0,"enemies":"Snecko","floor":27,"turns":7},{"damage":3,"enemies":"Centurion and Healer","floor":31,"turns":7},{"damage":0,"enemies":"Champ","floor":33,"turns":12},{"damage":0,"enemies":"Orb Walker","floor":35,"turns":5},{"damage":0,"enemies":"3 Darklings","floor":36,"turns":5},{"damage":0,"enemies":"4 Shapes","floor":38,"turns":6},{"damage":0,"enemies":"Nemesis","floor":40,"turns":7},{"damage":0,"enemies":"Sphere and 2 Shapes","floor":41,"turns":6},{"damage":0,"enemies":"Giant Head","floor":42,"turns":10},{"damage":25,"enemies":"Writhing Mass","floor":45,"turns":7},{"damage":0,"enemies":"Reptomancer","floor":46,"turns":7},{"damage":25,"enemies":"Donu and Deca","floor":50,"turns":10}],"seed_played":"9112242375096105171","potions_obtained":[{"floor":4.0,"key":"FocusPotion"},{"floor":8.0,"key":"Poison Potion"},{"floor":11.0,"key":"Explosive Potion"},{"floor":14.0,"key":"Energy Potion"},{"floor":18.0,"key":"EssenceOfSteel"},{"floor":19.0,"key":"EssenceOfSteel"},{"floor":20.0,"key":"FearPotion"},{"floor":22,"key":"Explosive Potion"},{"floor":24,"key":"SkillPotion"},{"floor":27,"key":"Dexterity Potion"},{"floor":31,"key":"SpeedPotion"},{"floor":33,"key":"EssenceOfSteel"},{"floor":35,"key":"Fire Potion"},{"floor":36,"key":"Block Potion"},{"floor":38,"key":"SteroidPotion"},{"floor":40,"key":"SpeedPotion"},{"floor":41,"key":"Explosive Potion"},{"floor":42,"key":"Fire Potion"},{"floor":45,"key":"PowerPotion"},{"floor":46,"key":"Swift Potion"}],"is_trial":false,"path_per_floor":["M","M","M","M","?","R","$","M","T","E","M","E","R","M","R","B",null,"M","M","?","?","M","R","E","$","T","M","R","?","R","M","R","B",null,"M","M","$","M","?","E","M","E","T","R","M","E","$","?","R","B",null],"character_chosen":"DEFECT","items_purchased":["Whetstone","Happy Flower"],"campfire_rested":4,"item_purchase_floors":[25,37],"current_hp_per_floor":[75,75,75,65,65,65,65,54,54,7,7,4,26,18,40,34,75,49,49,26,26,26,26,26,26,26,26,26,26,26,23,45,45,75,75,75,75,75,75,75,75,75,75,75,56,56,56,56,80,55],"gold":0,"neow_bonus":"THREE_ENEMY_KILL","is_prod":false,"is_daily":false,"chose_seed":false,"campfire_upgraded":5,"win_rate":0.0,"timestamp":1547934686,"path_taken":["M","M","M","M","?","R","$","M","T","E","M","E","R","M","R","BOSS","M","?","?","?","M","R","E","$","T","M","R","?","R","M","R","BOSS","M","M","$","M","?","E","M","E","T","R","?","E","$","?","R","BOSS"],"build_version":"2019-01-17v2","purchased_purges":3,"victory":true,"max_hp_per_floor":[75,75,75,75,75,75,75,75,75,75,75,75,75,75,75,75,75,75,75,75,75,75,75,75,75,75,75,75,75,75,75,75,75,75,75,75,75,75,75,75,75,75,75,75,81,81,81,81,81,81],"card_choices":[{"not_picked":["Rebound","Gash"],"picked":"Compile Driver","floor":1.0},{"not_picked":["Chaos","Cold Snap"],"picked":"Capacitor","floor":2.0},{"not_picked":["Cold Snap","Barrage"],"picked":"BootSequence","floor":3.0},{"not_picked":["Cold Snap","Rip and Tear"],"picked":"Glacier","floor":4.0},{"not_picked":["Conserve Battery","Barrage"],"picked":"Chill","floor":8.0},{"not_picked":["Gash","Compile Driver"],"picked":"BootSequence","floor":10.0},{"not_picked":["Conserve Battery","Hologram"],"picked":"Undo","floor":11.0},{"not_picked":["Go for the Eyes","Storm"],"picked":"Echo Form","floor":12.0},{"not_picked":["Rebound","Heatsinks"],"picked":"Conserve Battery","floor":14.0},{"not_picked":["Machine Learning","Buffer"],"picked":"Biased Cognition","floor":16.0},{"not_picked":["Sweeping Beam","Compile Driver"],"picked":"Auto Shields","floor":18.0},{"not_picked":["Reinforced Body","Redo"],"picked":"Go for the Eyes+1","floor":19.0},{"not_picked":["Ball Lightning+1","Skim"],"picked":"Tempest","floor":22},{"not_picked":["Hello World+1","Chaos","Tempest"],"picked":"SKIP","floor":24},{"not_picked":["Doom and Gloom+1","Rebound+1"],"picked":"Cold Snap+1","floor":27},{"not_picked":["Self Repair+1","Conserve Battery"],"picked":"Ball Lightning+1","floor":31},{"not_picked":["Conserve Battery","Steam"],"picked":"FTL+1","floor":32},{"not_picked":["Seek","Rainbow"],"picked":"All For One+1","floor":33},{"not_picked":["Redo+1","Steam"],"picked":"Defragment+1","floor":35},{"not_picked":["Streamline+1","Hologram","Stack+1"],"picked":"SKIP","floor":36},{"not_picked":["Beam Cell+1","Redo+1","Stack"],"picked":"SKIP","floor":38},{"not_picked":["Hello World","Leap"],"picked":"Barrage+1","floor":40},{"not_picked":["Tempest+1","Go for the Eyes+1","Cold Snap+1"],"picked":"Capacitor","floor":41},{"not_picked":["Double Energy+1","Conserve Battery","Thunder Strike+1","Undo+1"],"picked":"SKIP","floor":42},{"not_picked":["Aggregate+1","BootSequence+1","Leap","White Noise"],"picked":"SKIP","floor":45},{"not_picked":["Conserve Battery","Double Energy","Rip and Tear+1"],"picked":"Ball Lightning+1","floor":46}],"player_experience":42938,"relics_obtained":[{"floor":9.0,"key":"FossilizedHelix"},{"floor":10.0,"key":"StoneCalendar"},{"floor":12.0,"key":"Bottled Lightning"},{"floor":20.0,"key":"Du-Vu Doll"},{"floor":20.0,"key":"Molten Egg 2"},{"floor":24,"key":"Gremlin Horn"},{"floor":26,"key":"Bag of Preparation"},{"floor":40,"key":"Question Card"},{"floor":42,"key":"Bag of Marbles"},{"floor":43,"key":"Darkstone Periapt"},{"floor":46,"key":"Boot"}],"event_choices":[{"cards_removed":["Strike_B"],"damage_healed":0.0,"max_hp_gain":0.0,"max_hp_loss":0.0,"gold_gain":0.0,"event_name":"Bonfire Elementals","player_choice":"Offered Basic","floor":5.0,"gold_loss":0.0,"damage_taken":0.0},{"damage_healed":0.0,"max_hp_gain":0.0,"max_hp_loss":0.0,"gold_gain":0.0,"event_name":"Colosseum","player_choice":"Fight","floor":20.0,"gold_loss":0.0,"damage_taken":0.0},{"damage_healed":0.0,"max_hp_gain":0.0,"max_hp_loss":0.0,"gold_gain":0.0,"event_name":"Colosseum","player_choice":"Fought Nobs","floor":20.0,"gold_loss":0.0,"damage_taken":0.0},{"damage_healed":0.0,"max_hp_gain":0.0,"max_hp_loss":0.0,"gold_gain":0.0,"event_name":"Addict","player_choice":"Obtained Relic","floor":21.0,"gold_loss":85.0,"damage_taken":0.0,"relics_obtained":["Dream Catcher"]},{"damage_healed":0,"gold_gain":0,"player_choice":"Ignored","damage_taken":0,"max_hp_gain":0,"max_hp_loss":0,"event_name":"Ghosts","floor":29,"gold_loss":0},{"damage_healed":0,"gold_gain":0,"player_choice":"Gave Potion","damage_taken":0,"relics_obtained":["Potion Belt"],"max_hp_gain":0,"max_hp_loss":0,"event_name":"WeMeetAgain","floor":39,"gold_loss":0},{"damage_healed":0,"gold_gain":0,"player_choice":"Paid","damage_taken":0,"relics_obtained":["Red Mask"],"max_hp_gain":0,"max_hp_loss":0,"event_name":"Tomb of Lord Red Mask","floor":48,"gold_loss":147}],"is_beta":false,"boss_relics":[{"not_picked":["Fusion Hammer","Lizard Tail"],"picked":"White Beast Statue"},{"not_picked":["Tiny House","Eternal Feather"],"picked":"Astrolabe"}],"items_purged_floors":[7,25,37],"is_endless":false,"potions_floor_spawned":[4,8,11,12,14,18,19,20,20,22,24,27,31,33,35,36,38,40,41,42,45,46],"ascension_level":0}