{"gold_per_floor":[117,127,140,140,154,187,197,197,197,197,197,297,323,341,341,418,418,432,125,144,65,27,27,44,59,86,86,113,113,127,127],"floor_reached":31,"playtime":1916,"items_purged":["Parasite"],"score":441,"play_id":"5149a394-8372-4db6-b432-71d9966a019d","local_time":"20190121214043","is_ascension_mode":true,"campfire_choices":[{"floor":8,"key":"REST"},{"data":"Adrenaline","floor":11,"key":"SMITH"},{"data":"Noxious Fumes","floor":15,"key":"SMITH"},{"data":"Catalyst","floor":23,"key":"SMITH"},{"data":"Footwork","floor":27,"key":"SMITH"},{"data":"Bouncing Flask","floor":29,"key":"SMITH"}],"neow_cost":"NONE","seed_source_timestamp":963970226670230,"circlet_count":0,"master_deck":["AscendersBane","Defend_G","Defend_G","Defend_G","Defend_G+1","Defend_G","Strike_G","Strike_G+1","Strike_G","Strike_G","Strike_G","Survivor","Neutralize","Catalyst+1","Adrenaline+1","Burst","Noxious Fumes+1","Bouncing Flask","Glass Knife","Bouncing Flask+1","Footwork+1","Backstab+1","PiercingWail"],"relics":["Velvet Choker","Question Card","Bottled Lightning","Orichalcum","Eternal Feather","Membership Card","Anchor","Happy Flower","Art of War","Bird Faced Urn"],"potions_floor_usage":[6,6,16,16,18,25,28],"damage_taken":[{"damage":4,"enemies":"2 Louse","floor":1,"turns":4},{"damage":0,"enemies":"Cultist","floor":2,"turns":5},{"damage":1,"enemies":"Small Slimes","floor":3,"turns":5},{"damage":12,"enemies":"3 Louse","floor":5,"turns":7},{"damage":24,"enemies":"Lagavulin","floor":6,"turns":11},{"damage":3,"enemies":"Blue Slaver","floor":7,"turns":5},{"damage":12,"enemies":"3 Sentries","floor":13,"turns":8},{"damage":0,"enemies":"2 Fungi Beasts","floor":14,"turns":4},{"damage":26,"enemies":"The Guardian","floor":16,"turns":9},{"damage":3,"enemies":"Chosen","floor":18,"turns":4},{"damage":16,"enemies":"Spheric Guardian","floor":20,"turns":4},{"damage":0,"enemies":"Snake Plant","floor":24,"turns":1},{"damage":13,"enemies":"Centurion and Healer","floor":25,"turns":4},{"damage":13,"enemies":"Book of Stabbing","floor":28,"turns":3},{"damage":8,"enemies":"Shelled Parasite and Fungi","floor":30,"turns":5},{"damage":62,"enemies":"Slavers","floor":31,"turns":4}],"seed_played":"-2608268597100284525","potions_obtained":[{"floor":2,"key":"Explosive Potion"},{"floor":6,"key":"Fruit Juice"},{"floor":7,"key":"Regen Potion"},{"floor":13,"key":"Swift Potion"},{"floor":16,"key":"Weak Potion"},{"floor":20,"key":"SteroidPotion"},{"floor":24,"key":"SkillPotion"},{"floor":28,"key":"Strength Potion"}],"is_trial":false,"path_per_floor":["M","M","M","?","M","E","M","R","T","?","R","?","E","M","R","B",null,"M","$","M","$","$","R","M","M","T","R","E","R","M","E"],"character_chosen":"THE_SILENT","items_purchased":["Membership Card","Anchor","Happy Flower","Footwork"],"campfire_rested":1,"item_purchase_floors":[19,19,21,22],"current_hp_per_floor":[59,59,58,44,32,13,10,32,32,50,50,50,38,38,38,27,63,60,60,44,44,44,56,56,43,43,55,42,54,50,0],"gold":127,"neow_bonus":"BOSS_RELIC","is_prod":false,"is_daily":false,"chose_seed":false,"campfire_upgraded":5,"win_rate":0,"timestamp":1548135643,"path_taken":["M","M","M","?","M","E","M","R","T","?","R","?","E","M","R","BOSS","M","$","M","?","$","R","M","M","T","R","E","R","M","E"],"build_version":"2019-01-17v2","purchased_purges":1,"victory":false,"max_hp_per_floor":[70,70,70,70,70,75,75,75,75,75,75,75,75,75,75,75,75,75,72,72,72,72,72,72,72,72,72,72,72,72,72],"card_choices":[{"not_picked":["Flying Knee","Expertise","Dodge and Roll"],"picked":"SKIP","floor":1},{"not_picked":["Flechettes","Prepared","Distraction"],"picked":"SKIP","floor":2},{"not_picked":["Expertise","All Out Attack"],"picked":"Catalyst","floor":3},{"not_picked":["Bane","Sucker Punch"],"picked":"Adrenaline","floor":5},{"not_picked":["Eviscerate","Deflect"],"picked":"Burst","floor":6},{"not_picked":["Dagger Spray","Choke","Slice"],"picked":"Noxious Fumes","floor":7},{"not_picked":["Prepared","Reflex","Accuracy","Infinite Blades"],"picked":"SKIP","floor":13},{"not_picked":["Deflect","Bane","Flechettes"],"picked":"Bouncing Flask","floor":14},{"not_picked":["Burst","Doppelganger","Die Die Die"],"picked":"Glass Knife","floor":16},{"not_picked":["Heel Hook","Cloak And Dagger+1","Tactician","Deadly Poison"],"picked":"SKIP","floor":18},{"not_picked":["Deadly Poison","Flechettes","Poisoned Stab"],"picked":"Bouncing Flask","floor":20},{"not_picked":["Sucker Punch+1","Acrobatics","Endless Agony+1","PiercingWail"],"picked":"SKIP","floor":24},{"not_picked":["Deflect","Poisoned Stab","Acrobatics","Flechettes"],"picked":"SKIP","floor":25},{"not_picked":["Blur","Predator","Setup"],"picked":"Backstab+1","floor":28},{"not_picked":["Sucker Punch+1","Burst","Bane"],"picked":"PiercingWail","floor":30}],"player_experience":462850,"relics_obtained":[{"floor":6,"key":"Question Card"},{"floor":9,"key":"Bottled Lightning"},{"floor":13,"key":"Orichalcum"},{"floor":26,"key":"Art of War"},{"floor":28,"key":"Bird Faced Urn"}],"event_choices":[{"damage_healed":0,"gold_gain":0,"player_choice":"Entered Light","damage_taken":14,"max_hp_gain":0,"max_hp_loss":0,"event_name":"Shining Light","floor":4,"gold_loss":0,"cards_upgraded":["Defend_G","Strike_G"]},{"damage_healed":18,"gold_gain":0,"player_choice":"Healed and dodged fight","damage_taken":0,"max_hp_gain":0,"max_hp_loss":0,"event_name":"Mushrooms","floor":10,"gold_loss":0,"cards_obtained":["Parasite"]},{"damage_healed":0,"gold_gain":100,"player_choice":"Pray","damage_taken":0,"max_hp_gain":0,"max_hp_loss":0,"event_name":"Golden Shrine","floor":12,"gold_loss":0}],"is_beta":false,"boss_relics":[{"not_picked":["Empty Cage","Tiny House"],"picked":"Eternal Feather"}],"items_purged_floors":[19],"is_endless":false,"potions_floor_spawned":[2,6,7,13,14,16,20,24,28],"killed_by":"Slavers","ascension_level":13}