{"gold_per_floor":[118,118,132,145,160,191,210,210,210,210,90,90,108,125,125,224,224,242,262,84,84,103,103,117,117,117,130,130,130,147,147,147,147],"floor_reached":33,"playtime":2755,"items_purged":["Strike_B","Strike_B"],"score":276,"play_id":"933e1907-c675-48d8-a991-42284e4f0a64","local_time":"20190129134652","is_ascension_mode":false,"campfire_choices":[{"data":"Dualcast","floor":12,"key":"SMITH"},{"data":"Double Energy","floor":15,"key":"SMITH"},{"floor":23,"key":"REST"},{"floor":28,"key":"REST"},{"floor":32,"key":"REST"}],"neow_cost":"NONE","seed_source_timestamp":69125553302654,"circlet_count":0,"master_deck":["Zap","Dualcast+1","Reinforced Body+1","Steam Power+1","Hyperbeam+1","Cold Snap","Reprogram","BootSequence","Cold Snap","Turbo","BootSequence","Coolheaded","Coolheaded","Rebound","Double Energy+1","Echo Form","Beam Cell+1","Beam Cell","Sunder","Conserve Battery","Conserve Battery+1","Glacier","Fusion+1"],"relics":["Astrolabe"],"potions_floor_usage":[6,16,33,33,33],"damage_taken":[{"damage":1,"enemies":"Jaw Worm","floor":1,"turns":2},{"damage":0,"enemies":"Cultist","floor":3,"turns":2},{"damage":0,"enemies":"Small Slimes","floor":4,"turns":1},{"damage":0,"enemies":"3 Louse","floor":5,"turns":2},{"damage":0,"enemies":"3 Sentries","floor":6,"turns":2},{"damage":0,"enemies":"Lots of Slimes","floor":7,"turns":2},{"damage":0,"enemies":"Blue Slaver","floor":13,"turns":4},{"damage":0,"enemies":"3 Louse","floor":14,"turns":3},{"damage":44,"enemies":"The Guardian","floor":16,"turns":16},{"damage":1,"enemies":"3 Byrds","floor":18,"turns":4},{"damage":0,"enemies":"Chosen","floor":19,"turns":5},{"damage":43,"enemies":"Sentry and Sphere","floor":22,"turns":6},{"damage":24,"enemies":"Cultist and Chosen","floor":24,"turns":8},{"damage":11,"enemies":"Snecko","floor":27,"turns":6},{"damage":5,"enemies":"Centurion and Healer","floor":30,"turns":4},{"damage":70,"enemies":"Collector","floor":33,"turns":19}],"seed_played":"-7317677834035549002","potions_obtained":[{"floor":5,"key":"Explosive Potion"},{"floor":7,"key":"PowerPotion"},{"floor":14,"key":"Ancient Potion"},{"floor":19,"key":"Weak Potion"},{"floor":22,"key":"Dexterity Potion"}],"is_trial":false,"path_per_floor":["M","?","M","M","M","E","M","?","T","?","$","R","M","M","R","B",null,"M","M","$","?","M","R","M","?","T","M","R","?","M","$","R","B"],"character_chosen":"DEFECT","items_purchased":["Coolheaded","Sunder"],"campfire_rested":3,"item_purchase_floors":[11,20],"current_hp_per_floor":[74,74,74,74,74,74,74,74,74,74,74,74,74,74,74,30,75,74,74,74,74,31,53,29,29,29,18,40,40,35,35,57,0],"gold":147,"neow_bonus":"BOSS_RELIC","is_prod":false,"is_daily":false,"chose_seed":false,"campfire_upgraded":2,"win_rate":0,"timestamp":1548798412,"path_taken":["M","?","?","?","M","E","M","?","T","?","$","R","?","M","R","BOSS","M","M","$","?","M","R","M","?","T","?","R","?","M","$","R","BOSS"],"build_version":"2019-01-23","purchased_purges":2,"victory":false,"max_hp_per_floor":[75,75,75,75,75,75,75,75,75,75,75,75,75,75,75,75,75,75,75,75,75,75,75,75,75,75,75,75,75,75,75,75,75],"card_choices":[{"not_picked":["Steam","Compile Driver"],"picked":"Cold Snap","floor":1},{"not_picked":["Compile Driver","Undo"],"picked":"BootSequence","floor":3},{"not_picked":["Loop","Redo"],"picked":"Cold Snap","floor":4},{"not_picked":["Cold Snap","Sweeping Beam"],"picked":"Turbo","floor":5},{"not_picked":["Scrape","Tempest"],"picked":"BootSequence","floor":6},{"not_picked":["Skim","Fission"],"picked":"Coolheaded","floor":7},{"not_picked":["Barrage","Turbo"],"picked":"Rebound","floor":13},{"not_picked":["Ball Lightning","Force Field"],"picked":"Double Energy","floor":14},{"not_picked":["Thunder Strike","All For One"],"picked":"Echo Form","floor":16},{"not_picked":["Gash","Melter+1"],"picked":"Beam Cell+1","floor":18},{"not_picked":["Recycle","Gash"],"picked":"Beam Cell","floor":19},{"not_picked":["Go for the Eyes","Loop"],"picked":"Conserve Battery","floor":22},{"not_picked":["Tempest","Beam Cell+1"],"picked":"Conserve Battery+1","floor":24},{"not_picked":["Storm+1","Steam Power+1"],"picked":"Fusion+1","floor":27},{"not_picked":["Biased Cognition","Reprogram","Force Field"],"picked":"SKIP","floor":30}],"player_experience":361413,"relics_obtained":[],"event_choices":[{"damage_healed":0,"gold_gain":0,"player_choice":"1 cards matched","damage_taken":0,"max_hp_gain":0,"max_hp_loss":0,"event_name":"Match and Keep!","floor":2,"gold_loss":0,"cards_obtained":["Reprogram"]},{"damage_healed":0,"gold_gain":0,"player_choice":"Fled","damage_taken":0,"max_hp_gain":0,"max_hp_loss":0,"event_name":"Scrap Ooze","floor":8,"gold_loss":0},{"cards_removed":["Defend_B"],"damage_healed":0,"gold_gain":0,"player_choice":"Offered Basic","damage_taken":0,"max_hp_gain":0,"max_hp_loss":0,"event_name":"Bonfire Elementals","floor":10,"gold_loss":0},{"damage_healed":0,"gold_gain":0,"player_choice":"Ignored","damage_taken":0,"max_hp_gain":0,"max_hp_loss":0,"event_name":"Cursed Tome","floor":21,"gold_loss":0},{"damage_healed":0,"gold_gain":0,"cards_transformed":["Defend_B"],"player_choice":"Transformed","damage_taken":0,"max_hp_gain":0,"max_hp_loss":0,"event_name":"Transmorgrifier","floor":25,"gold_loss":0,"cards_obtained":["Glacier"]},{"cards_removed":["Defend_B"],"damage_healed":0,"gold_gain":0,"player_choice":"Purged","damage_taken":0,"max_hp_gain":0,"max_hp_loss":0,"event_name":"Purifier","floor":29,"gold_loss":0}],"is_beta":false,"boss_relics":[{"not_picked":["Cursed Key","Snecko Eye","Fusion Hammer"]}],"items_purged_floors":[11,20],"is_endless":false,"potions_floor_spawned":[5,7,14,19,22,30],"killed_by":"Collector","ascension_level":0}