{"gold_per_floor":[110,110,35,35,48,73,93,124,124,24,58,87,97,97,97,202,202,217,55,74,88,88,120,120,145,145,187,216,153,165,191,203,317,329,355,381,120,175,0,25,25,39,63,163,177,25,25,50,50,50],"floor_reached":51,"playtime":1773,"items_purged":["Strike_B","Strike_B","Hello World","Storm+1","Defend_B"],"score":1234,"play_id":"02e09095-bb91-4f7e-93e5-182f60794909","local_time":"20181031010654","is_ascension_mode":true,"campfire_choices":[{"floor":15,"key":"REST"},{"floor":24,"key":"REST"},{"floor":30,"key":"REST"},{"data":"Scrape","floor":32,"key":"SMITH"},{"floor":41,"key":"REST"},{"data":"Coolheaded","floor":49,"key":"SMITH"}],"neow_cost":"NONE","seed_source_timestamp":31822373608887,"circlet_count":0,"master_deck":["AscendersBane","Gash","Cold Snap","Gash","Scrape+1","White Noise","Reboot","Gash","Self Repair","Coolheaded+1","Coolheaded","Defragment","Machine Learning","Blizzard+1","Core Surge+1","Scrape+1","Go for the Eyes+1","Gash+1","Defragment","Parasite"],"relics":["Cracked Core","NeowsBlessing","Anchor","Bottled Lightning","Regal Pillow","Pantograph","Odd Mushroom","Nuclear Battery","Matryoshka","Bottled Tornado","MawBank","Molten Egg 2","Ginger","Astrolabe","Thread and Needle","Blood Vial","Art of War","Lantern","Nunchaku","Bag of Preparation","Omamori"],"potions_floor_usage":[8,11,11,23,25,25,50,50],"damage_taken":[{"damage":0,"enemies":"Small Slimes","floor":1,"turns":1},{"damage":0,"enemies":"Jaw Worm","floor":5,"turns":1},{"damage":0,"enemies":"3 Sentries","floor":6,"turns":1},{"damage":0,"enemies":"2 Louse","floor":7,"turns":2},{"damage":21,"enemies":"Lagavulin","floor":8,"turns":6},{"damage":11,"enemies":"Gremlin Nob","floor":11,"turns":4},{"damage":13,"enemies":"The Mushroom Lair","floor":12,"turns":5},{"damage":4,"enemies":"Exordium Thugs","floor":13,"turns":4},{"damage":49,"enemies":"Hexaghost","floor":16,"turns":8},{"damage":5,"enemies":"Shell Parasite","floor":18,"turns":6},{"damage":9,"enemies":"3 Byrds","floor":20,"turns":5},{"damage":8,"enemies":"Snecko","floor":21,"turns":5},{"damage":59,"enemies":"Book of Stabbing","floor":23,"turns":6},{"damage":29,"enemies":"Gremlin Leader","floor":25,"turns":7},{"damage":25,"enemies":"Slavers","floor":27,"turns":7},{"damage":8,"enemies":"Chosen and Byrds","floor":28,"turns":5},{"damage":0,"enemies":"Cultist and Chosen","floor":31,"turns":7},{"damage":58,"enemies":"Automaton","floor":33,"turns":7},{"damage":6,"enemies":"Orb Walker","floor":35,"turns":3},{"damage":3,"enemies":"3 Shapes","floor":36,"turns":9},{"damage":46,"enemies":"2 Orb Walkers","floor":38,"turns":5},{"damage":5,"enemies":"Giant Head","floor":40,"turns":6},{"damage":0,"enemies":"Maw","floor":42,"turns":5},{"damage":4,"enemies":"Mind Bloom Boss Battle","floor":44,"turns":6},{"damage":0,"enemies":"Writhing Mass","floor":45,"turns":5},{"damage":21,"enemies":"Nemesis","floor":48,"turns":5},{"damage":24,"enemies":"Awakened One","floor":50,"turns":7}],"seed_played":"-6811039799623283237","potions_obtained":[{"floor":5,"key":"SteroidPotion"},{"floor":7,"key":"Regen Potion"},{"floor":8,"key":"Weak Potion"},{"floor":18,"key":"SpeedPotion"},{"floor":21,"key":"Regen Potion"},{"floor":23,"key":"Swift Potion"},{"floor":28,"key":"Ancient Potion"},{"floor":40,"key":"Regen Potion"},{"floor":45,"key":"Regen Potion"}],"is_trial":false,"path_per_floor":["M","?","$","?","M","E","M","E","T","$","E","?","M","?","R","B",null,"M","$","M","M","?","E","R","E","T","E","M","?","R","M","R","B",null,"M","M","$","?","$","E","R","M","T","?","M","$","?","E","R","B"],"character_chosen":"DEFECT","items_purchased":["Self Repair","Scrape+1","Go for the Eyes+1","Bag of Preparation"],"campfire_rested":4,"item_purchase_floors":[19,37,37,46],"current_hp_per_floor":[68,61,61,61,61,61,61,54,54,54,43,30,26,26,63,26,63,58,58,56,55,55,18,55,33,33,15,14,14,51,58,58,24,62,63,67,67,28,28,30,67,75,75,75,75,75,75,61,61,75],"gold":50,"neow_bonus":"THREE_ENEMY_KILL","is_prod":false,"is_daily":false,"chose_seed":false,"campfire_upgraded":2,"win_rate":0,"timestamp":1540948014,"path_taken":["M","?","$","?","M","E","M","E","T","$","E","?","?","?","R","BOSS","M","$","M","M","?","E","R","E","T","E","M","?","R","?","R","BOSS","M","M","$","?","$","E","R","?","T","?","M","$","?","E","R","BOSS"],"build_version":"2018-10-25v2","purchased_purges":5,"victory":true,"max_hp_per_floor":[75,75,75,75,75,75,75,75,75,75,75,75,75,75,75,75,75,75,75,75,75,75,75,75,75,75,75,75,75,75,75,75,75,75,75,75,75,75,75,75,75,75,75,75,75,75,75,75,75,75],"card_choices":[{"not_picked":["Ball Lightning","Conserve Battery"],"picked":"Gash","floor":1},{"not_picked":["Doom and Gloom","Steam Power"],"picked":"Cold Snap","floor":5},{"not_picked":["Barrage","Core Surge"],"picked":"Gash","floor":6},{"not_picked":["Beam Cell","Leap"],"picked":"Scrape","floor":7},{"not_picked":["Compile Driver","Chaos","Cold Snap"],"picked":"SKIP","floor":8},{"not_picked":["Sunder","Steam","Go for the Eyes"],"picked":"SKIP","floor":11},{"not_picked":["Hologram","Compile Driver"],"picked":"Hello World","floor":12},{"not_picked":["Compile Driver","Beam Cell"],"picked":"White Noise","floor":13},{"not_picked":["Thunder Strike","Buffer"],"picked":"Reboot","floor":16},{"not_picked":["Chill+1","Consume+1"],"picked":"Gash","floor":18},{"not_picked":["Conserve Battery","Barrage+1","BootSequence+1"],"picked":"SKIP","floor":20},{"not_picked":["Reinforced Body","Streamline"],"picked":"Coolheaded","floor":21},{"not_picked":["Barrage","Reprogram+1"],"picked":"Coolheaded","floor":23},{"not_picked":["Tempest","Rainbow"],"picked":"Defragment","floor":25},{"not_picked":["Ball Lightning+1","Sweeping Beam+1","Rip and Tear+1"],"picked":"SKIP","floor":27},{"not_picked":["Rip and Tear+1","Sweeping Beam+1"],"picked":"Chill+1","floor":28},{"not_picked":["Go for the Eyes+1","Aggregate","Streamline+1"],"picked":"SKIP","floor":31},{"not_picked":["Meteor Strike+1","Electrodynamics"],"picked":"Machine Learning","floor":33},{"not_picked":["Rebound+1","Lockon+1","BootSequence+1"],"picked":"SKIP","floor":35},{"not_picked":["Barrage+1","Compile Driver+1","Undo"],"picked":"SKIP","floor":36},{"not_picked":["Cold Snap+1","Stack"],"picked":"Gash+1","floor":38},{"not_picked":["Conserve Battery","Chill+1"],"picked":"Defragment","floor":40},{"not_picked":["All For One+1","Lockon+1","Ball Lightning+1"],"picked":"SKIP","floor":42},{"not_picked":["Ball Lightning+1","Recycle","Compile Driver+1"],"picked":"SKIP","floor":45},{"not_picked":["Stack","Ball Lightning+1","Rebound+1"],"picked":"SKIP","floor":48}],"player_experience":92302,"relics_obtained":[{"floor":6,"key":"Anchor"},{"floor":8,"key":"Bottled Lightning"},{"floor":9,"key":"Regal Pillow"},{"floor":11,"key":"Pantograph"},{"floor":12,"key":"Odd Mushroom"},{"floor":23,"key":"Matryoshka"},{"floor":25,"key":"Bottled Tornado"},{"floor":26,"key":"MawBank"},{"floor":26,"key":"Molten Egg 2"},{"floor":27,"key":"Ginger"},{"floor":38,"key":"Thread and Needle"},{"floor":40,"key":"Blood Vial"},{"floor":43,"key":"Art of War"},{"floor":43,"key":"Lantern"},{"floor":44,"key":"Nunchaku"},{"floor":48,"key":"Omamori"}],"event_choices":[{"cards_removed":["Strike_B"],"damage_healed":0,"gold_gain":0,"player_choice":"Card Removal","damage_taken":7,"max_hp_gain":0,"max_hp_loss":0,"event_name":"Golden Wing","floor":2,"gold_loss":0},{"cards_removed":["Strike_B"],"damage_healed":0,"gold_gain":0,"player_choice":"Forget","damage_taken":0,"max_hp_gain":0,"max_hp_loss":0,"event_name":"Living Wall","floor":4,"gold_loss":0},{"damage_healed":0,"gold_gain":0,"player_choice":"Fought Mushrooms","damage_taken":0,"max_hp_gain":0,"max_hp_loss":0,"event_name":"Mushrooms","floor":12,"gold_loss":0},{"damage_healed":0,"gold_gain":0,"player_choice":"Ignored","damage_taken":0,"max_hp_gain":0,"max_hp_loss":0,"event_name":"Liars Game","floor":14,"gold_loss":0},{"cards_removed":["Zap"],"damage_healed":0,"gold_gain":0,"player_choice":"Elegance","damage_taken":0,"max_hp_gain":0,"max_hp_loss":0,"event_name":"Back to Basics","floor":22,"gold_loss":0},{"cards_removed":["Defend_B"],"damage_healed":0,"gold_gain":0,"player_choice":"Gave Gold","damage_taken":0,"max_hp_gain":0,"max_hp_loss":0,"event_name":"Beggar","floor":29,"gold_loss":75},{"damage_healed":0,"gold_gain":0,"player_choice":"Fight","damage_taken":0,"max_hp_gain":0,"max_hp_loss":0,"event_name":"Mysterious Sphere","floor":38,"gold_loss":0},{"damage_healed":0,"gold_gain":0,"player_choice":"Fight","damage_taken":0,"max_hp_gain":0,"max_hp_loss":0,"event_name":"MindBloom","floor":44,"gold_loss":0},{"cards_removed":["Chill"],"damage_healed":0,"gold_gain":0,"player_choice":"Removed Skill","damage_taken":0,"max_hp_gain":0,"max_hp_loss":0,"event_name":"Falling","floor":47,"gold_loss":0}],"is_beta":false,"boss_relics":[{"not_picked":["Snecko Eye","Runic Pyramid"],"picked":"Nuclear Battery"},{"not_picked":["Calling Bell","White Beast Statue"],"picked":"Astrolabe"}],"items_purged_floors":[3,10,19,37,39],"is_endless":false,"potions_floor_spawned":[5,7,8,18,21,23,28,40,45],"ascension_level":10}