{"gold_per_floor":[99,99,99,99,99,99,99,99,99,99,69,69,69,69,69,69,69,69,69,69,69,69,69,69,69,69,69,69,69,69,69,69,69,69,69,69,69,69,69,69,69,69,69,69,69,69,69,69,69,69],"floor_reached":51,"playtime":3400,"items_purged":[],"score":1096,"play_id":"e97be184-8bc5-483c-a420-49a0230a5b48","local_time":"20181003172324","is_ascension_mode":true,"campfire_choices":[{"floor":6,"key":"REST"},{"data":"Leg Sweep","floor":8,"key":"SMITH"},{"data":"Skewer","floor":13,"key":"SMITH"},{"data":"Bouncing Flask","floor":15,"key":"SMITH"},{"floor":24,"key":"REST"},{"floor":28,"key":"REST"},{"floor":29,"key":"REST"},{"floor":32,"key":"REST"},{"data":"Footwork","floor":40,"key":"SMITH"},{"data":"Malaise","floor":41,"key":"SMITH"},{"floor":42,"key":"REST"},{"data":"Leg Sweep","floor":45,"key":"SMITH"},{"data":"Predator","floor":47,"key":"SMITH"},{"floor":49,"key":"REST"}],"neow_cost":"NONE","seed_source_timestamp":977881756804735,"circlet_count":0,"master_deck":["Defend_G","Defend_G","Defend_G","Defend_G","Defend_G","Strike_G","Strike_G","Strike_G","Strike_G","Strike_G","Survivor","Neutralize","AscendersBane","Flying Knee","Leg Sweep+1","Predator","Leg Sweep+1","Backflip","Bouncing Flask+1","Skewer+1","Malaise+1","Corpse Explosion+1","Deadly Poison","Terror","Predator+1","Footwork+1","Deadly Poison+1","Poisoned Stab+1","Dash+1","PiercingWail","Dodge and Roll","Die Die Die","PiercingWail+1","Dagger Throw+1","Footwork+1","PiercingWail"],"relics":["Ectoplasm","Ninja Scroll","Torii","Dream Catcher","FossilizedHelix","Velvet Choker","Red Mask","MutagenicStrength","Centennial Puzzle","WingedGreaves","Omamori","White Beast Statue","Anchor"],"potions_floor_usage":[7,19,23,27,33,35,39,39,48,50,50],"damage_taken":[{"damage":1,"enemies":"2 Louse","floor":1,"turns":3},{"damage":0,"enemies":"Small Slimes","floor":2,"turns":4},{"damage":0,"enemies":"Cultist","floor":5,"turns":3},{"damage":17,"enemies":"Gremlin Nob","floor":7,"turns":4},{"damage":0,"enemies":"Blue Slaver","floor":10,"turns":3},{"damage":0,"enemies":"Looter","floor":11,"turns":3},{"damage":9,"enemies":"Gremlin Gang","floor":12,"turns":6},{"damage":11,"enemies":"3 Sentries","floor":14,"turns":8},{"damage":0,"enemies":"The Guardian","floor":16,"turns":10},{"damage":1,"enemies":"Shell Parasite","floor":18,"turns":4},{"damage":31,"enemies":"Masked Bandits","floor":19,"turns":4},{"damage":0,"enemies":"3 Byrds","floor":20,"turns":4},{"damage":0,"enemies":"Snecko","floor":22,"turns":2},{"damage":30,"enemies":"Slavers","floor":23,"turns":5},{"damage":1,"enemies":"Book of Stabbing","floor":25,"turns":6},{"damage":11,"enemies":"Shelled Parasite and Fungi","floor":27,"turns":4},{"damage":7,"enemies":"Centurion and Healer","floor":30,"turns":3},{"damage":40,"enemies":"Collector","floor":33,"turns":10},{"damage":2,"enemies":"3 Darklings","floor":35,"turns":4},{"damage":1,"enemies":"3 Shapes","floor":36,"turns":6},{"damage":16,"enemies":"Reptomancer","floor":39,"turns":5},{"damage":10,"enemies":"Spire Growth","floor":46,"turns":4},{"damage":0,"enemies":"Sphere and 2 Shapes","floor":48,"turns":7},{"damage":43,"enemies":"Awakened One","floor":50,"turns":18}],"seed_played":"-5789741454460796561","potions_obtained":[{"floor":2,"key":"AttackPotion"},{"floor":12,"key":"EssenceOfSteel"},{"floor":14,"key":"SteroidPotion"},{"floor":20,"key":"SpeedPotion"},{"floor":22,"key":"Explosive Potion"},{"floor":30,"key":"Weak Potion"},{"floor":35,"key":"Block Potion"},{"floor":36,"key":"Ancient Potion"},{"floor":38,"key":"Explosive Potion"},{"floor":38,"key":"SteroidPotion"},{"floor":39,"key":"AttackPotion"},{"floor":46,"key":"FearPotion"},{"floor":48,"key":"FearPotion"}],"is_trial":false,"path_per_floor":["M","M","?","?","M","R","E","R","T","M","M","M","R","E","R","B",null,"M","?","M","?","M","E","R","E","T","M","R","R","M","?","R","B",null,"M","M","?","?","M","R","R","R","T","?","R","M","R","M","R","B"],"character_chosen":"THE_SILENT","items_purchased":[],"campfire_rested":7,"item_purchase_floors":[],"current_hp_per_floor":[62,62,67,42,42,64,47,47,47,47,47,38,38,27,27,27,63,62,31,31,31,31,1,23,22,22,11,33,55,48,48,70,30,64,62,61,61,61,45,45,45,66,66,66,66,56,56,56,71,28],"gold":69,"neow_bonus":"BOSS_RELIC","is_prod":false,"is_daily":false,"chose_seed":false,"campfire_upgraded":7,"win_rate":0,"timestamp":1538605404,"path_taken":["M","M","?","?","M","R","E","R","T","M","?","M","R","E","R","BOSS","M","?","?","?","M","E","R","E","T","M","R","R","M","?","R","BOSS","M","M","?","?","M","R","R","R","T","?","R","M","R","M","R","BOSS"],"build_version":"2018-09-27","purchased_purges":0,"victory":true,"max_hp_per_floor":[70,70,75,75,75,75,75,75,75,75,75,75,75,75,75,75,75,75,75,75,75,75,75,75,75,75,75,75,75,75,75,75,75,75,75,75,71,71,71,71,71,71,71,71,71,71,71,71,71,71],"card_choices":[{"not_picked":["Blade Dance","Deadly Poison"],"picked":"Flying Knee","floor":1},{"not_picked":["Acrobatics","Slice"],"picked":"Leg Sweep","floor":2},{"not_picked":["Bane","Concentrate"],"picked":"Predator","floor":5},{"not_picked":["Outmaneuver","Accuracy"],"picked":"Leg Sweep","floor":7},{"not_picked":["Outmaneuver","Deadly Poison"],"picked":"Backflip","floor":10},{"not_picked":["Finisher","Blur"],"picked":"Bouncing Flask","floor":11},{"not_picked":["Bane","Dagger Throw"],"picked":"Skewer","floor":12},{"not_picked":["Quick Slash","Flying Knee"],"picked":"Malaise","floor":14},{"not_picked":["Glass Knife","Burst"],"picked":"Corpse Explosion","floor":16},{"not_picked":["Concentrate","Expertise"],"picked":"Deadly Poison","floor":18},{"not_picked":["Bane","Quick Slash"],"picked":"Terror","floor":19},{"not_picked":["Acrobatics+1","Deflect+1"],"picked":"Predator","floor":20},{"not_picked":["Acrobatics","Backstab"],"picked":"Footwork","floor":22},{"not_picked":["Unload","Outmaneuver","Slice+1"],"picked":"SKIP","floor":23},{"not_picked":["Bane","Quick Slash+1"],"picked":"Deadly Poison+1","floor":24},{"not_picked":["Quick Slash+1","Backstab"],"picked":"Poisoned Stab+1","floor":25},{"not_picked":["Dagger Spray+1","Setup","Quick Slash"],"picked":"SKIP","floor":27},{"not_picked":["Underhanded Strike","Crippling Poison+1"],"picked":"Dash+1","floor":28},{"not_picked":["Outmaneuver","Flying Knee"],"picked":"PiercingWail","floor":29},{"not_picked":["Underhanded Strike","Quick Slash"],"picked":"Dodge and Roll","floor":30},{"not_picked":["Poisoned Stab","Underhanded Strike"],"picked":"PiercingWail+1","floor":35},{"not_picked":["Prepared","Quick Slash+1","Cloak And Dagger"],"picked":"SKIP","floor":36},{"not_picked":["Storm of Steel","Acrobatics+1"],"picked":"Dagger Throw+1","floor":39},{"not_picked":["Backflip+1","Prepared"],"picked":"Footwork+1","floor":42},{"not_picked":["Quick Slash","Accuracy","Flying Knee"],"picked":"SKIP","floor":46},{"not_picked":["Backstab","Dagger Throw+1","Reflex"],"picked":"SKIP","floor":48},{"not_picked":["Well Laid Plans","Reflex"],"picked":"PiercingWail","floor":49}],"player_experience":386199,"relics_obtained":[{"floor":7,"key":"Torii"},{"floor":9,"key":"Dream Catcher"},{"floor":14,"key":"FossilizedHelix"},{"floor":19,"key":"Red Mask"},{"floor":23,"key":"Centennial Puzzle"},{"floor":25,"key":"WingedGreaves"},{"floor":26,"key":"Omamori"},{"floor":43,"key":"Anchor"}],"event_choices":[{"event_name":"Big Fish","player_choice":"Donut","floor":3,"damage_taken":0},{"event_name":"Scrap Ooze","player_choice":"success","floor":4,"damage_taken":25},{"event_name":"Masked Bandits","player_choice":"Fought Bandits","floor":19,"damage_taken":0},{"event_name":"Drug Dealer","player_choice":"Inject Mutagens","floor":21,"damage_taken":0},{"event_name":"Match and Keep!","player_choice":"1 cards matched","floor":31,"damage_taken":0},{"event_name":"Winding Halls","player_choice":"Max HP","floor":37,"damage_taken":0},{"event_name":"The Lab","player_choice":"Got Potions","floor":38,"damage_taken":0},{"event_name":"Upgrade Shrine","player_choice":"Upgraded","floor":44,"damage_taken":0}],"is_beta":false,"boss_relics":[{"not_picked":["Busted Crown","Coffee Dripper"],"picked":"Velvet Choker"},{"not_picked":["Empty Cage","Runic Dome"],"picked":"White Beast Statue"}],"items_purged_floors":[],"is_endless":false,"potions_floor_spawned":[2,12,14,20,22,30,35,36,39,46,48],"ascension_level":10}