{"gold_per_floor":[117,117,129,146,159,187,206,206,206,206,226,246,227,252,252,252],"floor_reached":16,"playtime":685,"items_purged":[],"score":168,"play_id":"25a969a8-5a9e-4876-98f8-fb524b095852","local_time":"20190202134741","is_ascension_mode":true,"campfire_choices":[{"floor":10,"key":"REST"},{"floor":15,"key":"REST"}],"neow_cost":"NONE","seed_source_timestamp":135069479401581,"circlet_count":0,"master_deck":["Strike_R","Strike_R","Strike_R","Strike_R","Defend_R","Defend_R","Defend_R","Defend_R","Bash","Pommel Strike","Whirlwind","Heavy Blade","True Grit","Flame Barrier+1","Havoc+1","Anger","Pommel Strike"],"relics":["Burning Blood","NeowsBlessing","FaceOfCleric","The Courier","Toxic Egg 2","Magic Flower"],"potions_floor_usage":[6,12,12,14],"damage_taken":[{"damage":0,"enemies":"Cultist","floor":1,"turns":1},{"damage":0,"enemies":"Jaw Worm","floor":3,"turns":1},{"damage":0,"enemies":"Small Slimes","floor":4,"turns":1},{"damage":10,"enemies":"Exordium Wildlife","floor":5,"turns":5},{"damage":50,"enemies":"Lagavulin","floor":6,"turns":7},{"damage":34,"enemies":"Lots of Slimes","floor":7,"turns":4},{"damage":3,"enemies":"2 Fungi Beasts","floor":11,"turns":4},{"damage":3,"enemies":"Large Slime","floor":12,"turns":6},{"damage":11,"enemies":"Exordium Thugs","floor":13,"turns":4},{"damage":20,"enemies":"Gremlin Nob","floor":14,"turns":3},{"damage":64,"enemies":"Slime Boss","floor":16,"turns":11}],"seed_played":"1547714268041374335","potions_obtained":[{"floor":1,"key":"Energy Potion"},{"floor":4,"key":"Ancient Potion"},{"floor":6,"key":"SpeedPotion"},{"floor":7,"key":"AttackPotion"},{"floor":11,"key":"Block Potion"},{"floor":13,"key":"AttackPotion"}],"is_trial":false,"path_per_floor":["M","?","M","M","M","E","M","?","T","R","M","M","M","E","R","B"],"character_chosen":"IRONCLAD","items_purchased":[],"campfire_rested":2,"item_purchase_floors":[],"current_hp_per_floor":[78,78,81,82,79,36,9,9,9,34,38,42,38,25,51,0],"gold":252,"neow_bonus":"THREE_ENEMY_KILL","is_prod":false,"is_daily":false,"chose_seed":false,"campfire_upgraded":0,"win_rate":0,"timestamp":1549133261,"path_taken":["M","?","M","M","?","E","M","?","T","R","M","M","M","E","R","BOSS"],"build_version":"2019-01-23","purchased_purges":0,"victory":false,"max_hp_per_floor":[80,80,81,82,83,84,85,85,85,85,86,87,88,89,89,89],"card_choices":[{"not_picked":["Battle Trance","Searing Blow"],"picked":"Pommel Strike","floor":1},{"not_picked":["Clash","Searing Blow","Rupture"],"picked":"SKIP","floor":3},{"not_picked":["Fire Breathing","Headbutt"],"picked":"Whirlwind","floor":4},{"not_picked":["Infernal Blade","Headbutt"],"picked":"Heavy Blade","floor":5},{"not_picked":["Cleave","Iron Wave"],"picked":"True Grit","floor":6},{"not_picked":["Sword Boomerang","Body Slam","Twin Strike"],"picked":"SKIP","floor":7},{"not_picked":["Perfected Strike","Bludgeon"],"picked":"Flame Barrier+1","floor":11},{"not_picked":["Rage+1","Infernal Blade+1"],"picked":"Havoc+1","floor":12},{"not_picked":["Perfected Strike","Pummel"],"picked":"Anger","floor":13},{"not_picked":["Thunderclap","Warcry+1"],"picked":"Pommel Strike","floor":14}],"player_experience":429148,"relics_obtained":[{"floor":6,"key":"The Courier"},{"floor":9,"key":"Toxic Egg 2"},{"floor":14,"key":"Magic Flower"}],"event_choices":[{"damage_healed":0,"gold_gain":0,"player_choice":"Trade","damage_taken":0,"relics_obtained":["FaceOfCleric"],"max_hp_gain":0,"max_hp_loss":0,"event_name":"FaceTrader","floor":2,"gold_loss":0},{"cards_removed":["Strike_R"],"damage_healed":0,"gold_gain":0,"player_choice":"Purged","damage_taken":0,"max_hp_gain":0,"max_hp_loss":0,"event_name":"Purifier","floor":8,"gold_loss":0}],"is_beta":false,"boss_relics":[],"items_purged_floors":[],"is_endless":false,"potions_floor_spawned":[1,4,6,7,11,13],"killed_by":"Slime Boss","ascension_level":9}