{"gold_per_floor":[10,24,34,34,34,34,60,79,79,79,109,109],"floor_reached":12,"playtime":505,"items_purged":[],"score":121,"play_id":"7090b3d6-ed72-4b1c-909e-4c8d6fe7cde0","local_time":"20181024000337","is_ascension_mode":true,"campfire_choices":[{"data":"Cloak And Dagger","floor":6,"key":"SMITH"},{"floor":10,"key":"REST"}],"neow_cost":"NO_GOLD","seed_source_timestamp":2732795793034038,"circlet_count":0,"master_deck":["Defend_G","Defend_G","Defend_G","Defend_G","Defend_G","Strike_G","Strike_G","Strike_G","Strike_G","Strike_G","Survivor","Neutralize","AscendersBane","Leg Sweep","Cloak And Dagger+1","Dash","Backstab","Deadly Poison","PiercingWail","Grand Finale","Cloak And Dagger"],"relics":["Ring of the Snake","Incense Burner","Pen Nib","Bag of Preparation","Bottled Lightning"],"potions_floor_usage":[7,12],"damage_taken":[{"damage":0,"enemies":"Small Slimes","floor":1,"turns":5},{"damage":0,"enemies":"Cultist","floor":2,"turns":5},{"damage":0,"enemies":"2 Louse","floor":3,"turns":3},{"damage":38,"enemies":"Gremlin Nob","floor":7,"turns":5},{"damage":3,"enemies":"Exordium Thugs","floor":8,"turns":6},{"damage":34,"enemies":"Lagavulin Event","floor":11,"turns":9},{"damage":9,"enemies":"3 Sentries","floor":12,"turns":2}],"seed_played":"1083863778752349270","potions_obtained":[{"floor":3,"key":"Poison Potion"},{"floor":11,"key":"Poison Potion"}],"is_trial":false,"path_per_floor":["M","M","M","?","$","R","E","M","T","R","?"],"character_chosen":"THE_SILENT","items_purchased":[],"campfire_rested":1,"item_purchase_floors":[],"current_hp_per_floor":[63,63,63,63,63,63,25,22,22,43,9,0],"gold":109,"neow_bonus":"ONE_RARE_RELIC","is_prod":false,"is_daily":false,"chose_seed":false,"campfire_upgraded":1,"win_rate":0,"timestamp":1540357417,"path_taken":["M","M","M","?","?","R","E","M","T","R","?","E"],"build_version":"2018-10-18","purchased_purges":0,"victory":false,"max_hp_per_floor":[70,70,70,70,70,70,70,70,70,70,70,70],"card_choices":[{"not_picked":["Sucker Punch","Outmaneuver"],"picked":"Leg Sweep","floor":1},{"not_picked":["Blade Dance","Sucker Punch"],"picked":"Cloak And Dagger","floor":2},{"not_picked":["Dagger Spray","Cloak And Dagger"],"picked":"Dash","floor":3},{"not_picked":["Sucker Punch","Noxious Fumes"],"picked":"PiercingWail","floor":7},{"not_picked":["Dodge and Roll","Concentrate"],"picked":"Grand Finale","floor":8},{"not_picked":["Caltrops","Heel Hook"],"picked":"Cloak And Dagger","floor":11}],"player_experience":406217,"relics_obtained":[{"floor":7,"key":"Pen Nib"},{"floor":9,"key":"Bag of Preparation"},{"floor":11,"key":"Bottled Lightning"}],"event_choices":[{"damage_healed":0,"gold_gain":0,"player_choice":"2 cards matched","damage_taken":0,"max_hp_gain":0,"max_hp_loss":0,"event_name":"Match and Keep!","floor":4,"gold_loss":0,"cards_obtained":["Backstab","Deadly Poison"]},{"damage_healed":0,"gold_gain":30,"player_choice":"Searched \u00273\u0027 times","damage_taken":0,"max_hp_gain":0,"max_hp_loss":0,"event_name":"Dead Adventurer","floor":11,"gold_loss":0}],"is_beta":false,"boss_relics":[],"items_purged_floors":[],"is_endless":false,"potions_floor_spawned":[3,11],"killed_by":"3 Sentries","ascension_level":11}