{"gold_per_floor":[116,116,66,92,112,112,141,141,141,170,181,106,123,136,136,235,235,254,154,171,171,8,8,21,21,21,50,150,161,86,102,102,201,201,214,260,260,280,79,79,79,79,79,91,91,102,102,127,127,127],"floor_reached":51,"playtime":1454,"items_purged":["Strike_B","Strike_B","Strike_B"],"score":860,"play_id":"e33d93cd-bbb4-4ed0-af2b-fd6ab65e3970","local_time":"20180921232219","is_ascension_mode":true,"campfire_choices":[{"data":"Darkness","floor":6,"key":"SMITH"},{"data":"Hologram","floor":8,"key":"SMITH"},{"data":"Dualcast","floor":15,"key":"SMITH"},{"data":"Defragment","floor":23,"key":"SMITH"},{"data":"Reboot","floor":25,"key":"SMITH"},{"data":"Seek","floor":32,"key":"SMITH"},{"data":"Reboot","floor":40,"key":"SMITH"},{"data":"Deep Breath","floor":45,"key":"SMITH"},{"data":"Multi-Cast","floor":47,"key":"SMITH"},{"data":"Defend_B","floor":49,"key":"SMITH"}],"neow_cost":"NONE","seed_source_timestamp":19075848471213,"circlet_count":0,"master_deck":["Defend_B","Defend_B+1","Defend_B+1","Defend_B+1","Zap+1","Dualcast+1","Darkness+1","Hologram+1","Reboot+1","Reboot+1","Defragment+1","Chill+1","Seek+1","Multi-Cast+1","Darkness+1","Reboot+1","Deep Breath+1","Parasite"],"relics":["Cracked Core","Strawberry","Singing Bowl","Gremlin Horn","Odd Mushroom","Cursed Key","Centennial Puzzle","Symbiotic Virus","Ice Cream","Darkstone Periapt","DollysMirror","Mango","Molten Egg 2"],"potions_floor_usage":[7,28,28,50,50],"damage_taken":[{"damage":5,"enemies":"Small Slimes","floor":1,"turns":3},{"damage":0,"enemies":"Jaw Worm","floor":5,"turns":3},{"damage":0,"enemies":"Gremlin Nob","floor":7,"turns":2},{"damage":7,"enemies":"The Mushroom Lair","floor":10,"turns":3},{"damage":0,"enemies":"2 Louse","floor":11,"turns":2},{"damage":13,"enemies":"Large Slime","floor":13,"turns":3},{"damage":1,"enemies":"2 Fungi Beasts","floor":14,"turns":3},{"damage":20,"enemies":"The Guardian","floor":16,"turns":10},{"damage":4,"enemies":"Chosen","floor":18,"turns":5},{"damage":11,"enemies":"Shell Parasite","floor":20,"turns":5},{"damage":5,"enemies":"Shelled Parasite and Fungi","floor":24,"turns":3},{"damage":7,"enemies":"Slavers","floor":27,"turns":3},{"damage":8,"enemies":"Colosseum Slavers","floor":28,"turns":3},{"damage":14,"enemies":"Colosseum Nobs","floor":28,"turns":4},{"damage":0,"enemies":"Snecko","floor":29,"turns":4},{"damage":4,"enemies":"Snake Plant","floor":31,"turns":2},{"damage":18,"enemies":"Collector","floor":33,"turns":7},{"damage":5,"enemies":"3 Darklings","floor":35,"turns":4},{"damage":1,"enemies":"Mysterious Sphere","floor":36,"turns":3},{"damage":0,"enemies":"Orb Walker","floor":38,"turns":2},{"damage":0,"enemies":"Sphere and 2 Shapes","floor":44,"turns":3},{"damage":0,"enemies":"4 Shapes","floor":46,"turns":3},{"damage":4,"enemies":"Giant Head","floor":48,"turns":4},{"damage":65,"enemies":"Awakened One","floor":50,"turns":10}],"seed_played":"-6997441538150497967","potions_obtained":[{"floor":5,"key":"Fire Potion"},{"floor":11,"key":"FearPotion"},{"floor":13,"key":"EssenceOfSteel"},{"floor":16,"key":"PowerPotion"},{"floor":27,"key":"Regen Potion"},{"floor":29,"key":"Poison Potion"},{"floor":38,"key":"Ancient Potion"}],"is_trial":false,"path_per_floor":["M","?","?","T","M","R","E","R","T","?","M","$","M","M","R","B",null,"M","$","M","?","$","R","M","R","T","E","?","M","?","M","R","B",null,"M","?","?","M","$","R","$","?","T","M","R","M","R","E","R","B"],"character_chosen":"DEFECT","items_purchased":["Defragment","DollysMirror"],"campfire_rested":0,"item_purchase_floors":[22,39],"current_hp_per_floor":[70,55,55,62,62,62,64,64,64,59,61,61,50,49,49,29,90,88,88,79,79,79,79,74,74,74,67,59,61,61,59,59,41,97,92,93,93,95,95,95,95,89,109,111,111,113,113,111,111,46],"gold":127,"neow_bonus":"UPGRADE_CARD","is_prod":false,"is_daily":false,"chose_seed":false,"campfire_upgraded":10,"win_rate":0,"timestamp":1537568539,"path_taken":["M","?","?","?","?","R","E","R","T","?","M","?","M","?","R","BOSS","M","$","M","?","$","R","?","R","T","E","?","M","?","M","R","BOSS","M","?","?","?","$","R","?","?","T","M","R","M","R","E","R","BOSS"],"build_version":"2018-09-20","purchased_purges":3,"victory":true,"max_hp_per_floor":[75,75,75,82,82,82,84,84,84,86,88,88,90,90,90,90,90,92,92,94,94,94,94,94,94,94,94,96,98,95,97,97,97,97,97,99,94,96,96,96,96,100,120,122,122,124,124,126,126,126],"card_choices":[{"not_picked":["Turbo","Leap"],"picked":"Darkness","floor":1},{"not_picked":["Cold Snap","Beam Cell"],"picked":"Hologram","floor":5},{"not_picked":["Gash","Genetic Algorithm","Cold Snap"],"picked":"Singing Bowl","floor":7},{"not_picked":["Steam","Skim","Gash"],"picked":"Singing Bowl","floor":10},{"not_picked":["Fusion","Stack","Genetic Algorithm"],"picked":"Singing Bowl","floor":11},{"not_picked":["Cold Snap","Compile Driver","Barrage"],"picked":"Singing Bowl","floor":13},{"not_picked":["Sweeping Beam","Hologram"],"picked":"Reboot","floor":14},{"not_picked":["Fission","Buffer"],"picked":"Reboot","floor":16},{"not_picked":["Turbo","Hello World","Sweeping Beam"],"picked":"Singing Bowl","floor":18},{"not_picked":["Leap","White Noise","Recycle+1"],"picked":"Singing Bowl","floor":20},{"not_picked":["Defragment","Sweeping Beam+1"],"picked":"Chill+1","floor":24},{"not_picked":["Auto Shields+1","Leap+1"],"picked":"Seek","floor":27},{"not_picked":["Compile Driver","White Noise","Go for the Eyes"],"picked":"Singing Bowl","floor":28},{"not_picked":["Redo+1","FTL","Rebound"],"picked":"Singing Bowl","floor":29},{"not_picked":["Gash+1","Genetic Algorithm","Streamline+1"],"picked":"Singing Bowl","floor":31},{"not_picked":["Amplify","Buffer"],"picked":"Multi-Cast","floor":33},{"not_picked":["Coolheaded+1","Steam+1"],"picked":"Darkness+1","floor":35},{"not_picked":["Hologram+1","Hello World","Conserve Battery"],"picked":"Singing Bowl","floor":36},{"not_picked":["Ball Lightning","Hologram","Stack+1"],"picked":"Singing Bowl","floor":38},{"not_picked":["Bandage Up","Good Instincts"],"picked":"Deep Breath","floor":42},{"not_picked":["Dark Shackles","PanicButton","Apotheosis"],"picked":"Singing Bowl","floor":42},{"not_picked":["Metamorphosis","The Bomb","Panache"],"picked":"Singing Bowl","floor":42},{"not_picked":["Consume+1","Streamline+1","Ball Lightning"],"picked":"Singing Bowl","floor":44},{"not_picked":["Cold Snap+1","Go for the Eyes+1","Steam"],"picked":"Singing Bowl","floor":46},{"not_picked":["Streamline","Sweeping Beam","Hologram"],"picked":"Singing Bowl","floor":48}],"player_experience":36046,"relics_obtained":[{"floor":4,"key":"Strawberry"},{"floor":7,"key":"Singing Bowl"},{"floor":9,"key":"Gremlin Horn"},{"floor":10,"key":"Odd Mushroom"},{"floor":26,"key":"Centennial Puzzle"},{"floor":27,"key":"Symbiotic Virus"},{"floor":28,"key":"Ice Cream"},{"floor":28,"key":"Darkstone Periapt"},{"floor":43,"key":"Mango"},{"floor":48,"key":"Molten Egg 2"}],"event_choices":[{"event_name":"Shining Light","player_choice":"Entered Light","floor":2,"damage_taken":0},{"event_name":"The Cleric","player_choice":"Card Removal","floor":3,"damage_taken":0},{"event_name":"Mushrooms","player_choice":"Fought Mushrooms","floor":10,"damage_taken":0},{"event_name":"Vampires","player_choice":"Ignored","floor":21,"damage_taken":0},{"event_name":"Colosseum","player_choice":"Fight","floor":28,"damage_taken":0},{"event_name":"Colosseum","player_choice":"Fought Nobs","floor":28,"damage_taken":0},{"event_name":"Beggar","player_choice":"Gave Gold","floor":30,"damage_taken":0},{"event_name":"Mysterious Sphere","player_choice":"Fight","floor":36,"damage_taken":0},{"event_name":"Winding Halls","player_choice":"Max HP","floor":37,"damage_taken":0},{"event_name":"SensoryStone","player_choice":"Memory 3","floor":42,"damage_taken":0}],"is_beta":false,"boss_relics":[{"not_picked":["Runic Pyramid","Inserter"],"picked":"Cursed Key"},{"not_picked":["Snecko Eye","Coffee Dripper","Runic Dome"]}],"items_purged_floors":[12,19,22],"is_endless":false,"potions_floor_spawned":[5,11,13,16,24,27,29,38,48],"ascension_level":2}