{"gold_per_floor":[112,62,8,83,83,83,109,120,173,173,173,183,83,100,100,100],"floor_reached":16,"playtime":366,"items_purged":["Defend_R"],"score":167,"play_id":"a2ebc4a3-9e34-4968-a2c7-4fd309f5a8cc","local_time":"20181222014354","is_ascension_mode":true,"campfire_choices":[{"data":"Finesse","floor":6,"key":"SMITH"},{"data":"Impatience","floor":11,"key":"SMITH"},{"data":"Pommel Strike","floor":15,"key":"SMITH"}],"neow_cost":"TEN_PERCENT_HP_LOSS","seed_source_timestamp":23301658905389,"circlet_count":0,"master_deck":["AscendersBane","Strike_R","Strike_R","Strike_R","Defend_R","Defend_R","Defend_R","Bash","Finesse+1","Impatience+1","Feel No Pain","Pommel Strike+1","Thunderclap","Clash","Iron Wave","Fire Breathing"],"relics":["Burning Blood","Anchor","Bag of Marbles"],"potions_floor_usage":[16],"damage_taken":[{"damage":9,"enemies":"Small Slimes","floor":1,"turns":4},{"damage":25,"enemies":"3 Sentries","floor":7,"turns":10},{"damage":6,"enemies":"2 Louse","floor":8,"turns":4},{"damage":0,"enemies":"Cultist","floor":12,"turns":3},{"damage":0,"enemies":"Large Slime","floor":14,"turns":4},{"damage":53,"enemies":"The Guardian","floor":16,"turns":8}],"seed_played":"-8544170074120582616","potions_obtained":[{"floor":1,"key":"SteroidPotion"},{"floor":14,"key":"BloodPotion"}],"is_trial":false,"path_per_floor":["M","?","$","?","?","R","E","M","T","?","R","M","$","M","R","B"],"character_chosen":"IRONCLAD","items_purchased":["Pommel Strike","Iron Wave"],"campfire_rested":0,"item_purchase_floors":[3,13],"current_hp_per_floor":[65,65,65,54,54,54,35,35,35,35,35,41,41,47,47,0],"gold":100,"neow_bonus":"RANDOM_COLORLESS_2","is_prod":false,"is_daily":false,"chose_seed":false,"campfire_upgraded":3,"win_rate":0,"timestamp":1545443034,"path_taken":["M","?","$","?","?","R","E","?","T","?","R","M","$","M","R","BOSS"],"build_version":"2018-12-20","purchased_purges":1,"victory":false,"max_hp_per_floor":[68,68,68,68,68,68,68,68,68,68,68,68,68,68,68,68],"card_choices":[{"not_picked":["Corruption","Seeing Red"],"picked":"Feel No Pain","floor":1},{"not_picked":["Rage","Headbutt"],"picked":"Thunderclap","floor":7},{"not_picked":["Heavy Blade","Warcry"],"picked":"Clash","floor":8},{"not_picked":["Disarm","Perfected Strike","Warcry"],"picked":"SKIP","floor":12},{"not_picked":["Twin Strike","Armaments"],"picked":"Fire Breathing","floor":14}],"player_experience":292058,"relics_obtained":[{"floor":7,"key":"Anchor"},{"floor":9,"key":"Bag of Marbles"}],"event_choices":[{"cards_removed":["Strike_R"],"damage_healed":0,"gold_gain":0,"player_choice":"Card Removal","damage_taken":0,"max_hp_gain":0,"max_hp_loss":0,"event_name":"The Cleric","floor":2,"gold_loss":50},{"damage_healed":0,"gold_gain":75,"player_choice":"Gather Gold","damage_taken":11,"max_hp_gain":0,"max_hp_loss":0,"event_name":"World of Goop","floor":4,"gold_loss":0},{"cards_removed":["Strike_R"],"damage_healed":0,"gold_gain":0,"player_choice":"Purged","damage_taken":0,"max_hp_gain":0,"max_hp_loss":0,"event_name":"Purifier","floor":5,"gold_loss":0},{"damage_healed":0,"gold_gain":0,"player_choice":"Ignored","damage_taken":0,"max_hp_gain":0,"max_hp_loss":0,"event_name":"Golden Idol","floor":10,"gold_loss":0}],"is_beta":false,"boss_relics":[],"items_purged_floors":[13],"is_endless":false,"potions_floor_spawned":[1,14],"killed_by":"The Guardian","ascension_level":14}