{"gold_per_floor":[112,142,142,52,15,15,26,57,57,70,397,397,413,428,428,500,500,516,516,108,118,118,118,146,3,3,3,20,20],"floor_reached":29,"playtime":767,"items_purged":["Strike_R+1"],"score":524,"play_id":"c320ad22-1661-4cb4-9164-1bd60f78e4a5","local_time":"20190113234053","is_ascension_mode":true,"campfire_choices":[{"data":"Inflame","floor":6,"key":"SMITH"},{"data":"Limit Break","floor":12,"key":"SMITH"},{"data":"Disarm","floor":15,"key":"SMITH"},{"floor":23,"key":"REST"}],"neow_cost":"NONE","seed_source_timestamp":34046311429673,"circlet_count":0,"master_deck":["AscendersBane","Strike_R+1","Strike_R+1","Strike_R+1","Defend_R+1","Defend_R+1","Defend_R+1","Defend_R+1","Bash","Sword Boomerang","Dramatic Entrance","Inflame+1","Pommel Strike","Disarm+1","Limit Break+1","Intimidate","Offering","Chrysalis","Battle Trance","Sword Boomerang","Feel No Pain","Warcry"],"relics":["Burning Blood","Tiny Chest","Dead Branch","Sundial","Old Coin","Runic Cube","Bag of Preparation","Mercury Hourglass","Nloth\u0027s Gift"],"potions_floor_usage":[11,14,18,28,29],"damage_taken":[{"damage":0,"enemies":"2 Louse","floor":1,"turns":1},{"damage":0,"enemies":"Jaw Worm","floor":7,"turns":1},{"damage":0,"enemies":"Gremlin Nob","floor":8,"turns":1},{"damage":0,"enemies":"Cultist","floor":10,"turns":3},{"damage":13,"enemies":"Lagavulin","floor":11,"turns":5},{"damage":4,"enemies":"Lots of Slimes","floor":13,"turns":3},{"damage":11,"enemies":"Exordium Wildlife","floor":14,"turns":3},{"damage":20,"enemies":"Hexaghost","floor":16,"turns":7},{"damage":18,"enemies":"2 Thieves","floor":18,"turns":2},{"damage":9,"enemies":"Chosen","floor":21,"turns":3},{"damage":41,"enemies":"Book of Stabbing","floor":24,"turns":5},{"damage":19,"enemies":"Snake Plant","floor":28,"turns":6},{"damage":15,"enemies":"Shelled Parasite and Fungi","floor":29,"turns":3}],"seed_played":"-6919765783999409122","potions_obtained":[{"floor":7,"key":"Energy Potion"},{"floor":8,"key":"GamblersBrew"},{"floor":11,"key":"Fire Potion"},{"floor":14,"key":"EssenceOfSteel"},{"floor":18,"key":"Explosive Potion"},{"floor":28,"key":"SpeedPotion"}],"is_trial":false,"path_per_floor":["M","?","?","$","$","R","M","E","T","M","E","R","M","M","R","B",null,"M","?","$","M","?","R","E","$","T","?","M","M"],"character_chosen":"IRONCLAD","items_purchased":["Dramatic Entrance","Inflame","Chrysalis","Battle Trance","Sword Boomerang","Feel No Pain","Warcry"],"campfire_rested":1,"item_purchase_floors":[4,5,20,20,20,25,25],"current_hp_per_floor":[74,63,56,56,56,56,62,68,68,74,67,67,69,64,64,50,69,57,57,57,54,33,57,22,22,22,22,9,0],"gold":20,"neow_bonus":"THREE_ENEMY_KILL","is_prod":false,"is_daily":false,"chose_seed":false,"campfire_upgraded":3,"win_rate":0,"timestamp":1547422853,"path_taken":["M","?","?","?","$","R","?","E","T","?","E","R","M","?","R","BOSS","M","?","?","M","?","R","E","$","T","?","M","M"],"build_version":"2019-01-10","purchased_purges":1,"victory":false,"max_hp_per_floor":[75,75,75,75,75,75,75,75,75,75,75,75,75,75,75,75,75,75,75,75,75,80,80,80,80,80,80,80,80],"card_choices":[{"not_picked":["Armaments","Evolve"],"picked":"Sword Boomerang","floor":1},{"not_picked":["Burning Pact","Flex"],"picked":"Pommel Strike","floor":7},{"not_picked":["Wild Strike","Blood for Blood"],"picked":"Disarm","floor":8},{"not_picked":["Clothesline","Twin Strike"],"picked":"Limit Break","floor":10},{"not_picked":["Iron Wave","Cleave"],"picked":"Intimidate","floor":11},{"not_picked":["Hemokinesis","Clash","Rampage"],"picked":"SKIP","floor":13},{"not_picked":["Thunderclap","Armaments","Perfected Strike"],"picked":"SKIP","floor":14},{"not_picked":["Limit Break","Juggernaut"],"picked":"Offering","floor":16},{"not_picked":["Evolve","Bloodletting","Rage"],"picked":"SKIP","floor":18},{"not_picked":["Thunderclap","Headbutt","Iron Wave"],"picked":"SKIP","floor":21},{"not_picked":["Heavy Blade","Headbutt","Perfected Strike"],"picked":"SKIP","floor":24},{"not_picked":["Dual Wield+1","Body Slam","Rampage"],"picked":"SKIP","floor":28}],"player_experience":385108,"relics_obtained":[{"floor":8,"key":"Dead Branch"},{"floor":9,"key":"Sundial"},{"floor":11,"key":"Old Coin"},{"floor":24,"key":"Bag of Preparation"},{"floor":26,"key":"Mercury Hourglass"}],"event_choices":[{"damage_healed":0,"gold_gain":0,"player_choice":"Success","damage_taken":11,"relics_obtained":["Tiny Chest"],"max_hp_gain":0,"max_hp_loss":0,"event_name":"Scrap Ooze","floor":2,"gold_loss":0},{"cards_removed":["Strike_R"],"damage_healed":0,"gold_gain":0,"player_choice":"Card Removal","damage_taken":7,"max_hp_gain":0,"max_hp_loss":0,"event_name":"Golden Wing","floor":3,"gold_loss":0},{"damage_healed":0,"gold_gain":0,"player_choice":"Simplicity","damage_taken":0,"max_hp_gain":0,"max_hp_loss":0,"event_name":"Back to Basics","floor":19,"gold_loss":0,"cards_upgraded":["Strike_R","Strike_R","Strike_R","Strike_R","Defend_R","Defend_R","Defend_R","Defend_R"]},{"damage_healed":0,"gold_gain":0,"player_choice":"Shed Blood","damage_taken":26,"max_hp_gain":5,"max_hp_loss":0,"event_name":"Forgotten Altar","floor":22,"gold_loss":0},{"damage_healed":0,"gold_gain":0,"player_choice":"Traded Relic","damage_taken":0,"relics_obtained":["Nloth\u0027s Gift"],"max_hp_gain":0,"max_hp_loss":0,"event_name":"N\u0027loth","floor":27,"relics_lost":["NeowsBlessing"],"gold_loss":0}],"is_beta":false,"boss_relics":[{"not_picked":["Velvet Choker","Lizard Tail"],"picked":"Runic Cube"}],"items_purged_floors":[20],"is_endless":false,"potions_floor_spawned":[7,8,11,14,18,28],"killed_by":"Shelled Parasite and Fungi","ascension_level":18}