{"gold_per_floor":[115,115,130,150,44,370,388,388,469,498,498,86,86,99,99,99],"floor_reached":16,"playtime":399,"items_purged":["Parasite"],"score":187,"play_id":"cf58d54c-7db0-4928-8d67-38ddc5d5593e","local_time":"20181222015643","is_ascension_mode":true,"campfire_choices":[{"data":"Body Slam","floor":8,"key":"SMITH"},{"data":"Combust","floor":15,"key":"SMITH"}],"neow_cost":"NONE","seed_source_timestamp":24037995253123,"circlet_count":0,"master_deck":["AscendersBane","Strike_R","Strike_R","Strike_R","Strike_R","Strike_R","Defend_R","Defend_R","Defend_R","Defend_R","Bash","Combust+1","Feel No Pain","True Grit","Blind","Headbutt","Pommel Strike","Body Slam+1","Battle Trance","Metallicize","Evolve"],"relics":["Burning Blood","NeowsBlessing","Old Coin","Self Forming Clay","Potion Belt","Chemical X"],"potions_floor_usage":[10],"damage_taken":[{"damage":0,"enemies":"Small Slimes","floor":1,"turns":1},{"damage":0,"enemies":"Cultist","floor":3,"turns":1},{"damage":0,"enemies":"Jaw Worm","floor":4,"turns":1},{"damage":47,"enemies":"3 Sentries","floor":6,"turns":9},{"damage":3,"enemies":"Exordium Wildlife","floor":7,"turns":3},{"damage":17,"enemies":"Gremlin Nob","floor":10,"turns":5},{"damage":15,"enemies":"3 Louse","floor":14,"turns":4},{"damage":45,"enemies":"Slime Boss","floor":16,"turns":6}],"seed_played":"-102077320900071993","potions_obtained":[{"floor":1,"key":"Swift Potion"},{"floor":10,"key":"EssenceOfSteel"}],"is_trial":false,"path_per_floor":["M","?","M","M","$","E","M","R","T","E","?","$","?","M","R","B"],"character_chosen":"IRONCLAD","items_purchased":["Blind","Headbutt","Battle Trance","Metallicize","Chemical X"],"campfire_rested":0,"item_purchase_floors":[5,5,12,12,12],"current_hp_per_floor":[74,67,73,75,75,34,37,37,37,26,44,44,44,35,35,0],"gold":99,"neow_bonus":"THREE_ENEMY_KILL","is_prod":false,"is_daily":false,"chose_seed":false,"campfire_upgraded":2,"win_rate":0,"timestamp":1545443803,"path_taken":["M","?","M","M","$","E","?","R","T","E","?","$","?","M","R","BOSS"],"build_version":"2018-12-20","purchased_purges":1,"victory":false,"max_hp_per_floor":[75,75,75,75,75,75,75,75,75,75,75,72,72,72,72,72],"card_choices":[{"not_picked":["Shrug It Off","True Grit"],"picked":"Combust","floor":1},{"not_picked":["Rage","Havoc"],"picked":"Feel No Pain","floor":3},{"not_picked":["Flex","Feel No Pain"],"picked":"True Grit","floor":4},{"not_picked":["Iron Wave","Anger"],"picked":"Pommel Strike","floor":6},{"not_picked":["Pommel Strike","Clash"],"picked":"Body Slam","floor":7},{"not_picked":["Wild Strike","Twin Strike","Rage"],"picked":"SKIP","floor":10},{"not_picked":["Rage","Havoc"],"picked":"Evolve","floor":14}],"player_experience":292771,"relics_obtained":[{"floor":6,"key":"Old Coin"},{"floor":9,"key":"Self Forming Clay"},{"floor":10,"key":"Potion Belt"}],"event_choices":[{"damage_healed":0,"gold_gain":0,"player_choice":"Damaged","damage_taken":7,"max_hp_gain":0,"max_hp_loss":0,"event_name":"Wheel of Change","floor":2,"gold_loss":0},{"damage_healed":18,"gold_gain":0,"player_choice":"Healed and dodged fight","damage_taken":0,"max_hp_gain":0,"max_hp_loss":0,"event_name":"Mushrooms","floor":11,"gold_loss":0,"cards_obtained":["Parasite"]},{"damage_healed":0,"gold_gain":0,"player_choice":"Ignored","damage_taken":0,"max_hp_gain":0,"max_hp_loss":0,"event_name":"Liars Game","floor":13,"gold_loss":0}],"is_beta":false,"boss_relics":[],"items_purged_floors":[12],"is_endless":false,"potions_floor_spawned":[1,10],"killed_by":"Slime Boss","ascension_level":14}