{"gold_per_floor":[110,121,137,137,137,137,137,178,178,194,212,212,137,37,37,157,157,175,50,50,68,68,68,68],"floor_reached":24,"playtime":626,"items_purged":["Strike_G","Defend_G","Strike_G"],"score":252,"play_id":"67771013-fba9-4306-a23e-d23071ef8a29","local_time":"20181109230007","is_ascension_mode":true,"campfire_choices":[{"data":"Cloak And Dagger","floor":6,"key":"SMITH"},{"floor":12,"key":"REST"},{"floor":15,"key":"REST"},{"data":"Neutralize","floor":23,"key":"SMITH"}],"neow_cost":"NONE","seed_source_timestamp":17728599350153,"circlet_count":0,"master_deck":["Defend_G","Defend_G","Defend_G","Defend_G","Strike_G","Strike_G","Survivor","Neutralize+1","Dagger Spray","Cloak And Dagger+1","Infinite Blades","Deflect","Adrenaline","Cloak And Dagger","Footwork","Deflect"],"relics":["Ring of the Serpent","NeowsBlessing","Golden Idol","Omamori","Pantograph","Gremlin Horn"],"potions_floor_usage":[11,22],"damage_taken":[{"damage":0,"enemies":"Small Slimes","floor":1,"turns":1},{"damage":0,"enemies":"Jaw Worm","floor":2,"turns":1},{"damage":0,"enemies":"2 Louse","floor":3,"turns":1},{"damage":54,"enemies":"Gremlin Nob","floor":8,"turns":6},{"damage":0,"enemies":"Red Slaver","floor":10,"turns":4},{"damage":0,"enemies":"Exordium Thugs","floor":11,"turns":4},{"damage":63,"enemies":"The Guardian","floor":16,"turns":17},{"damage":2,"enemies":"3 Byrds","floor":18,"turns":5},{"damage":2,"enemies":"Chosen","floor":21,"turns":8},{"damage":6,"enemies":"Colosseum Slavers","floor":22,"turns":6},{"damage":40,"enemies":"Book of Stabbing","floor":24,"turns":9}],"seed_played":"8113654580429566621","potions_obtained":[{"floor":2,"key":"EssenceOfSteel"},{"floor":10,"key":"AttackPotion"},{"floor":18,"key":"SneckoOil"}],"is_trial":false,"path_per_floor":["M","M","M","?","?","R","?","E","T","M","M","R","$","$","R","B",null,"M","$","?","M","?","R","E"],"character_chosen":"THE_SILENT","items_purchased":[],"campfire_rested":2,"item_purchase_floors":[],"current_hp_per_floor":[63,63,63,63,56,56,56,2,2,2,2,21,21,21,40,2,49,47,47,47,45,39,39,0],"gold":68,"neow_bonus":"THREE_ENEMY_KILL","is_prod":false,"is_daily":false,"chose_seed":false,"campfire_upgraded":2,"win_rate":0,"timestamp":1541804407,"path_taken":["M","M","M","?","?","R","?","E","T","M","?","R","?","$","R","BOSS","M","$","?","M","?","R","E"],"build_version":"2018-11-08","purchased_purges":3,"victory":false,"max_hp_per_floor":[70,70,70,65,65,65,65,65,65,65,65,65,65,65,65,65,65,65,65,65,65,65,65,65],"card_choices":[{"not_picked":["Prepared","Dagger Throw"],"picked":"Dagger Spray","floor":1},{"not_picked":["Heel Hook","Flying Knee"],"picked":"Cloak And Dagger","floor":2},{"not_picked":["Poisoned Stab","Underhanded Strike"],"picked":"Infinite Blades","floor":3},{"not_picked":["Blade Dance","Dagger Throw"],"picked":"Deflect","floor":8},{"not_picked":["Tools of the Trade","Sucker Punch","Flying Knee"],"picked":"SKIP","floor":10},{"not_picked":["Sucker Punch","Quick Slash","Poisoned Stab"],"picked":"SKIP","floor":11},{"not_picked":["Doppelganger","Phantasmal Killer"],"picked":"Adrenaline","floor":16},{"not_picked":["Outmaneuver","Catalyst"],"picked":"Cloak And Dagger","floor":18},{"not_picked":["Crippling Poison","Dagger Spray"],"picked":"Deflect","floor":21}],"player_experience":131799,"relics_obtained":[{"floor":8,"key":"Pantograph"},{"floor":9,"key":"Gremlin Horn"}],"event_choices":[{"damage_healed":0,"gold_gain":0,"player_choice":"Lose Max HP","damage_taken":0,"relics_obtained":["Golden Idol"],"max_hp_gain":0,"max_hp_loss":5,"event_name":"Golden Idol","floor":4,"gold_loss":0},{"cards_removed":["Strike_G"],"damage_healed":0,"gold_gain":0,"player_choice":"Card Removal","damage_taken":7,"max_hp_gain":0,"max_hp_loss":0,"event_name":"Golden Wing","floor":5,"gold_loss":0},{"damage_healed":0,"gold_gain":0,"player_choice":"Gave Potion","damage_taken":0,"relics_obtained":["Omamori"],"max_hp_gain":0,"max_hp_loss":0,"event_name":"WeMeetAgain","floor":7,"gold_loss":0},{"damage_healed":0,"gold_gain":0,"player_choice":"Read","damage_taken":0,"max_hp_gain":0,"max_hp_loss":0,"event_name":"The Library","floor":20,"gold_loss":0,"cards_obtained":["Footwork"]},{"damage_healed":0,"gold_gain":0,"player_choice":"Fight","damage_taken":0,"max_hp_gain":0,"max_hp_loss":0,"event_name":"Colosseum","floor":22,"gold_loss":0},{"damage_healed":0,"gold_gain":0,"player_choice":"Fled From Nobs","damage_taken":0,"max_hp_gain":0,"max_hp_loss":0,"event_name":"Colosseum","floor":22,"gold_loss":0}],"is_beta":false,"boss_relics":[{"not_picked":["Ectoplasm","Pandora\u0027s Box"],"picked":"Ring of the Serpent"}],"items_purged_floors":[13,14,19],"is_endless":false,"potions_floor_spawned":[2,10,18],"killed_by":"Book of Stabbing","ascension_level":6}