{"gold_per_floor":[211,227,242,254,271,271,297,106,106,181,181,195,209,221,221,221],"floor_reached":16,"playtime":512,"items_purged":[],"score":106,"play_id":"d3ebf9a5-6f84-4f73-a481-609cdcb4161e","local_time":"20190129172751","is_ascension_mode":false,"campfire_choices":[{"data":"Bash","floor":6,"key":"SMITH"},{"floor":11,"key":"REST"},{"data":"Armaments","floor":15,"key":"SMITH"}],"neow_cost":"NONE","seed_source_timestamp":142857596556467,"circlet_count":0,"master_deck":["Strike_R","Strike_R","Strike_R","Strike_R","Strike_R","Defend_R","Defend_R","Defend_R","Defend_R","Bash+1","Inflame","Dual Wield","Headbutt","Rage","Cleave","Ghostly Armor","Armaments+1"],"relics":["Burning Blood","Ginger","Happy Flower","StoneCalendar"],"potions_floor_usage":[4,12,16,16],"damage_taken":[{"damage":1,"enemies":"Cultist","floor":1,"turns":3},{"damage":17,"enemies":"Small Slimes","floor":2,"turns":5},{"damage":8,"enemies":"2 Louse","floor":3,"turns":3},{"damage":14,"enemies":"Blue Slaver","floor":4,"turns":4},{"damage":18,"enemies":"Gremlin Gang","floor":5,"turns":6},{"damage":36,"enemies":"Lagavulin","floor":7,"turns":6},{"damage":14,"enemies":"3 Louse","floor":12,"turns":2},{"damage":9,"enemies":"Blue Slaver","floor":13,"turns":3},{"damage":0,"enemies":"Exordium Wildlife","floor":14,"turns":3},{"damage":25,"enemies":"Slime Boss","floor":16,"turns":6}],"seed_played":"-8317565284762355273","potions_obtained":[{"floor":3,"key":"Block Potion"},{"floor":7,"key":"Energy Potion"},{"floor":12,"key":"Block Potion"},{"floor":13,"key":"Dexterity Potion"},{"floor":14,"key":"PowerPotion"}],"is_trial":false,"path_per_floor":["M","M","M","M","M","R","E","$","T","?","R","M","M","M","R","B"],"character_chosen":"IRONCLAD","items_purchased":["Happy Flower","Cleave"],"campfire_rested":1,"item_purchase_floors":[8,8],"current_hp_per_floor":[80,69,67,59,47,47,17,17,17,6,30,22,19,25,25,0],"gold":221,"neow_bonus":"HUNDRED_GOLD","is_prod":false,"is_daily":false,"chose_seed":false,"campfire_upgraded":2,"win_rate":0,"timestamp":1548800871,"path_taken":["M","M","M","M","M","R","E","$","T","?","R","M","M","M","R","BOSS"],"build_version":"2019-01-23","purchased_purges":0,"victory":false,"max_hp_per_floor":[80,80,80,80,80,80,80,80,80,80,80,80,80,80,80,80],"card_choices":[{"not_picked":["Iron Wave","Second Wind","Intimidate"],"picked":"SKIP","floor":1},{"not_picked":["Corruption","Clothesline"],"picked":"Inflame","floor":2},{"not_picked":["Clash","Impervious"],"picked":"Dual Wield","floor":3},{"not_picked":["Havoc","Headbutt","Sentinel"],"picked":"SKIP","floor":4},{"not_picked":["Dropkick","Evolve"],"picked":"Headbutt","floor":5},{"not_picked":["Corruption","Sword Boomerang"],"picked":"Rage","floor":7},{"not_picked":["Corruption","Body Slam"],"picked":"Ghostly Armor","floor":12},{"not_picked":["Perfected Strike","Cleave","Havoc"],"picked":"SKIP","floor":13},{"not_picked":["Warcry","Pommel Strike"],"picked":"Armaments","floor":14}],"player_experience":405463,"relics_obtained":[{"floor":7,"key":"Ginger"},{"floor":9,"key":"StoneCalendar"}],"event_choices":[{"damage_healed":0,"gold_gain":75,"player_choice":"Gather Gold","damage_taken":11,"max_hp_gain":0,"max_hp_loss":0,"event_name":"World of Goop","floor":10,"gold_loss":0}],"is_beta":false,"boss_relics":[],"items_purged_floors":[],"is_endless":false,"potions_floor_spawned":[3,7,12,13,14],"killed_by":"Slime Boss","ascension_level":0}