{"gold_per_floor":[112,28,46,66,80,80,108,108,132,148,176,176,141,73,73,170,170,181,96,13,25,115,127,127,152,152,152,171,186,186,206,206,206],"floor_reached":33,"playtime":3328,"items_purged":[],"score":307,"play_id":"f2bdf216-f60e-4433-b816-2d386cda091c","local_time":"20190122223802","is_ascension_mode":true,"campfire_choices":[{"data":"Zap","floor":6,"key":"SMITH"},{"data":"Consume","floor":8,"key":"SMITH"},{"floor":12,"key":"REST"},{"floor":15,"key":"REST"},{"floor":24,"key":"REST"},{"floor":27,"key":"REST"},{"data":"Creative AI","floor":30,"key":"SMITH"},{"floor":32,"key":"REST"}],"neow_cost":"NONE","seed_source_timestamp":80237733557700,"circlet_count":0,"master_deck":["Strike_B","Strike_B","Strike_B","Strike_B","Defend_B","Defend_B","Defend_B","Defend_B","Zap+1","Dualcast+1","Ball Lightning","Loop","Heatsinks","Steam+1","Chaos","Hologram","Seek","Consume+1","Conserve Battery","Self Repair","Genetic Algorithm","Steam","Sweeping Beam","Chill","Biased Cognition","Undo","Panacea","Creative AI+1","Ball Lightning+1"],"relics":["Orrery","Vajra","Bag of Marbles","War Paint","Strawberry","Velvet Choker","PreservedInsect","Molten Egg 2","Singing Bowl"],"potions_floor_usage":[7,21,23,25,29,33],"damage_taken":[{"damage":0,"enemies":"Small Slimes","floor":1,"turns":3},{"damage":0,"enemies":"Cultist","floor":3,"turns":3},{"damage":3,"enemies":"2 Louse","floor":4,"turns":3},{"damage":1,"enemies":"Looter","floor":5,"turns":4},{"damage":11,"enemies":"3 Sentries","floor":7,"turns":4},{"damage":20,"enemies":"Lots of Slimes","floor":10,"turns":4},{"damage":27,"enemies":"Gremlin Nob","floor":11,"turns":4},{"damage":19,"enemies":"Exordium Thugs","floor":13,"turns":5},{"damage":41,"enemies":"Hexaghost","floor":16,"turns":11},{"damage":26,"enemies":"3 Byrds","floor":18,"turns":5},{"damage":18,"enemies":"Spheric Guardian","floor":21,"turns":5},{"damage":35,"enemies":"Centurion and Healer","floor":23,"turns":9},{"damage":19,"enemies":"Gremlin Leader","floor":25,"turns":6},{"damage":8,"enemies":"Cultist and Chosen","floor":28,"turns":6},{"damage":17,"enemies":"Shelled Parasite and Fungi","floor":29,"turns":7},{"damage":9,"enemies":"Sentry and Sphere","floor":31,"turns":6},{"damage":61,"enemies":"Automaton","floor":33,"turns":10}],"seed_played":"-3777944678708679964","potions_obtained":[{"floor":3,"key":"AttackPotion"},{"floor":4,"key":"Strength Potion"},{"floor":10,"key":"Ancient Potion"},{"floor":11,"key":"Ancient Potion"},{"floor":18,"key":"AttackPotion"},{"floor":23,"key":"Ancient Potion"},{"floor":31,"key":"Swift Potion"}],"is_trial":false,"path_per_floor":["M","?","M","M","M","R","E","R","T","M","E","R","M","$","R","B",null,"M","?","$","M","?","M","R","E","T","R","M","M","R","M","R","B"],"character_chosen":"DEFECT","items_purchased":["Chill","Panacea"],"campfire_rested":5,"item_purchase_floors":[14,20],"current_hp_per_floor":[75,75,75,72,71,71,60,60,60,47,27,51,39,39,63,22,82,63,63,63,52,36,8,32,20,20,44,45,35,35,35,60,0],"gold":206,"neow_bonus":"BOSS_RELIC","is_prod":false,"is_daily":false,"chose_seed":false,"campfire_upgraded":3,"win_rate":0,"timestamp":1548214682,"path_taken":["M","?","M","M","?","R","E","R","T","M","E","R","?","$","R","BOSS","M","?","$","M","?","?","R","E","T","R","M","?","R","M","R","BOSS"],"build_version":"2019-01-17v2","purchased_purges":0,"victory":false,"max_hp_per_floor":[75,75,75,75,75,75,75,75,75,75,82,82,82,82,82,82,82,82,82,82,82,82,82,82,82,82,82,84,84,84,86,86,86],"card_choices":[{"not_picked":["Rebound","Scrape"],"picked":"Ball Lightning","floor":0},{"not_picked":["Stack","Hologram"],"picked":"Loop","floor":0},{"not_picked":["Compile Driver","Rebound"],"picked":"Heatsinks","floor":0},{"not_picked":["Rebound","Blizzard"],"picked":"Steam","floor":0},{"not_picked":["Redo","Static Discharge"],"picked":"Chaos","floor":0},{"not_picked":["All For One","Double Energy"],"picked":"Hologram","floor":1},{"not_picked":["Leap","Steam"],"picked":"Seek","floor":3},{"not_picked":["Genetic Algorithm","Steam"],"picked":"Consume","floor":4},{"not_picked":["Coolheaded","Steam"],"picked":"Conserve Battery","floor":5},{"not_picked":["Static Discharge","Redo"],"picked":"Self Repair","floor":7},{"not_picked":["Double Energy","Conserve Battery"],"picked":"Genetic Algorithm","floor":10},{"not_picked":["Hologram","Turbo"],"picked":"Steam","floor":11},{"not_picked":["Rebound","Coolheaded"],"picked":"Sweeping Beam","floor":13},{"not_picked":["All For One","Multi-Cast"],"picked":"Biased Cognition","floor":16},{"not_picked":["Reprogram","Barrage"],"picked":"Undo","floor":18},{"not_picked":["Barrage+1","Turbo","Beam Cell"],"picked":"SKIP","floor":21},{"not_picked":["Reprogram","Gash+1","Lockon"],"picked":"SKIP","floor":23},{"not_picked":["Heatsinks","Turbo"],"picked":"Creative AI","floor":25},{"not_picked":["Fusion+1","Compile Driver+1","Reprogram"],"picked":"Singing Bowl","floor":28},{"not_picked":["Scrape+1","Compile Driver+1"],"picked":"Ball Lightning+1","floor":29},{"not_picked":["Rebound+1","Coolheaded+1","Hologram"],"picked":"Singing Bowl","floor":31}],"player_experience":63035,"relics_obtained":[{"floor":7,"key":"Bag of Marbles"},{"floor":9,"key":"War Paint"},{"floor":11,"key":"Strawberry"},{"floor":25,"key":"Molten Egg 2"},{"floor":26,"key":"Singing Bowl"}],"event_choices":[{"damage_healed":0,"gold_gain":0,"player_choice":"Paid Gold","damage_taken":0,"relics_obtained":["Vajra"],"max_hp_gain":0,"max_hp_loss":0,"event_name":"WeMeetAgain","floor":2,"gold_loss":84},{"damage_healed":0,"gold_gain":0,"player_choice":"Obtained Relic","damage_taken":0,"relics_obtained":["PreservedInsect"],"max_hp_gain":0,"max_hp_loss":0,"event_name":"Addict","floor":19,"gold_loss":85},{"damage_healed":0,"gold_gain":90,"player_choice":"GOLD ","damage_taken":16,"max_hp_gain":0,"max_hp_loss":0,"event_name":"Knowing Skull","floor":22,"potions_obtained":[],"gold_loss":0,"cards_obtained":[]}],"is_beta":false,"boss_relics":[{"not_picked":["Nuclear Battery","Snecko Eye"],"picked":"Velvet Choker"}],"items_purged_floors":[],"is_endless":false,"potions_floor_spawned":[3,4,10,11,13,18,23,31],"killed_by":"Automaton","ascension_level":2}