{"gold_per_floor":[113,113,63,63,80,110,185,185,264,292,292,87,112,124,124,124],"floor_reached":16,"playtime":334,"items_purged":["Strike_G"],"score":162,"play_id":"76c9bdd5-a02c-42fe-9e70-5e8d785acc86","local_time":"20181029202018","is_ascension_mode":true,"campfire_choices":[{"data":"Blur","floor":8,"key":"SMITH"},{"data":"Neutralize","floor":11,"key":"SMITH"},{"data":"Poisoned Stab","floor":15,"key":"SMITH"}],"neow_cost":"NONE","seed_source_timestamp":105667674732947,"circlet_count":0,"master_deck":["Defend_G","Defend_G","Defend_G","Defend_G","Strike_G","Strike_G","Strike_G","Survivor","Neutralize+1","Poisoned Stab+1","Dagger Throw","Blur+1","Footwork","Poisoned Stab"],"relics":["Ring of the Snake","NeowsBlessing","Omamori","Singing Bowl","Gremlin Horn","Matryoshka"],"potions_floor_usage":[13,16],"damage_taken":[{"damage":0,"enemies":"2 Louse","floor":1,"turns":1},{"damage":0,"enemies":"Cultist","floor":5,"turns":1},{"damage":0,"enemies":"3 Sentries","floor":6,"turns":1},{"damage":30,"enemies":"Gremlin Nob","floor":10,"turns":5},{"damage":16,"enemies":"3 Sentries","floor":13,"turns":11},{"damage":0,"enemies":"Small Slimes","floor":14,"turns":3},{"damage":17,"enemies":"Hexaghost","floor":16,"turns":9}],"seed_played":"346065842487403810","potions_obtained":[{"floor":1,"key":"SkillPotion"},{"floor":10,"key":"Dexterity Potion"}],"is_trial":false,"path_per_floor":["M","?","?","?","M","E","?","R","T","E","R","$","E","M","R"],"character_chosen":"THE_SILENT","items_purchased":["Footwork","Poisoned Stab"],"campfire_rested":0,"item_purchase_floors":[12,12],"current_hp_per_floor":[70,75,75,68,68,68,57,57,57,29,29,29,15,17,17,0],"gold":124,"neow_bonus":"THREE_ENEMY_KILL","is_prod":false,"is_daily":false,"chose_seed":false,"campfire_upgraded":3,"win_rate":0,"timestamp":1540844418,"path_taken":["M","?","?","?","?","E","?","R","T","E","R","$","E","M","R","BOSS"],"build_version":"2018-10-25v2","purchased_purges":1,"victory":false,"max_hp_per_floor":[70,75,75,75,75,75,75,75,75,77,77,77,79,81,81,81],"card_choices":[{"not_picked":["Footwork","Sucker Punch"],"picked":"Poisoned Stab","floor":1},{"not_picked":["Bane","Dodge and Roll"],"picked":"Dagger Throw","floor":5},{"not_picked":["Deflect","Expertise"],"picked":"Blur","floor":6},{"not_picked":["Calculated Gamble","Venomology","Deadly Poison"],"picked":"Singing Bowl","floor":10},{"not_picked":["Dodge and Roll","Deflect","Eviscerate"],"picked":"Singing Bowl","floor":13},{"not_picked":["Deadly Poison","Masterful Stab","Flying Knee"],"picked":"Singing Bowl","floor":14}],"player_experience":86343,"relics_obtained":[{"floor":6,"key":"Omamori"},{"floor":9,"key":"Singing Bowl"},{"floor":10,"key":"Gremlin Horn"},{"floor":13,"key":"Matryoshka"}],"event_choices":[{"damage_healed":0,"gold_gain":0,"player_choice":"Donut","damage_taken":0,"max_hp_gain":5,"max_hp_loss":0,"event_name":"Big Fish","floor":2,"gold_loss":0},{"cards_removed":["Defend_G"],"damage_healed":0,"gold_gain":0,"player_choice":"Card Removal","damage_taken":0,"max_hp_gain":0,"max_hp_loss":0,"event_name":"The Cleric","floor":3,"gold_loss":50},{"cards_removed":["Strike_G"],"damage_healed":0,"gold_gain":0,"player_choice":"Card Removal","damage_taken":7,"max_hp_gain":0,"max_hp_loss":0,"event_name":"Golden Wing","floor":4,"gold_loss":0},{"damage_healed":0,"gold_gain":75,"player_choice":"Gather Gold","damage_taken":11,"max_hp_gain":0,"max_hp_loss":0,"event_name":"World of Goop","floor":7,"gold_loss":0}],"is_beta":false,"boss_relics":[],"items_purged_floors":[12],"is_endless":false,"potions_floor_spawned":[1,10],"killed_by":"Hexaghost","ascension_level":3}