{"gold_per_floor":[115,131,81,156,171,171,198,198,245,258,186,216,216,291,291,396,396,415,93,192,102,115,115,115],"floor_reached":24,"playtime":1213,"items_purged":[],"score":230,"play_id":"40e759b4-d3bb-4d43-8127-da5983384d7d","local_time":"20190204022444","is_ascension_mode":true,"campfire_choices":[{"data":"Body Slam","floor":6.0,"key":"SMITH"},{"data":"Wild Strike","floor":8.0,"key":"SMITH"},{"data":"Evolve","floor":13.0,"key":"SMITH"},{"floor":15.0,"key":"REST"},{"data":"Metallicize","floor":23,"key":"SMITH"}],"neow_cost":"NONE","seed_source_timestamp":305707126660401,"circlet_count":0,"master_deck":["Strike_R+1","Strike_R","Defend_R","Defend_R","Defend_R+1","Defend_R","Twin Strike+1","Body Slam+1","Flex","Wild Strike+1","Flex","Evolve+1","Reaper","Juggernaut+1","Clothesline+1","Rampage+1","Heavy Blade+1","Shockwave","Metallicize+1","Iron Wave+1"],"special_seed":0,"relics":["Burning Blood","NeowsBlessing","Whetstone","Lantern","Astrolabe","Frozen Eye"],"potions_floor_usage":[22],"damage_taken":[{"damage":0.0,"enemies":"Small Slimes","floor":1.0,"turns":1.0},{"damage":0.0,"enemies":"Cultist","floor":2.0,"turns":1.0},{"damage":0.0,"enemies":"2 Louse","floor":5.0,"turns":1.0},{"damage":35.0,"enemies":"3 Sentries","floor":7.0,"turns":8.0},{"damage":4.0,"enemies":"Large Slime","floor":10.0,"turns":5.0},{"damage":3.0,"enemies":"Slime Boss","floor":16.0,"turns":8.0},{"damage":22.0,"enemies":"Spheric Guardian","floor":18.0,"turns":4.0},{"damage":26,"enemies":"Shell Parasite","floor":22,"turns":6},{"damage":66,"enemies":"Slavers","floor":24,"turns":4}],"seed_played":"-1771946585517684856","potions_obtained":[{"floor":2.0,"key":"GamblersBrew"},{"floor":5.0,"key":"LiquidBronze"},{"floor":16.0,"key":"Energy Potion"}],"is_trial":false,"path_per_floor":["?","M","?","?","?","?","M"],"character_chosen":"IRONCLAD","items_purchased":["Flex","Evolve","Shockwave","Metallicize","Frozen Eye"],"campfire_rested":1,"item_purchase_floors":[3,11,19,19,19],"current_hp_per_floor":[80,80,80,72,78,78,49,49,49,51,51,51,51,40,64,67,80,64,64,64,64,44,44,0],"gold":115,"neow_bonus":"THREE_ENEMY_KILL","is_prod":false,"is_daily":false,"chose_seed":false,"campfire_upgraded":4,"win_rate":0,"timestamp":1549243484,"path_taken":["M","M","$","?","M","R","E","R","T","?","$","?","R","?","R","BOSS","M","$","?","?","?","R","E"],"build_version":"2019-01-23","purchased_purges":0,"victory":false,"max_hp_per_floor":[80,80,80,80,80,80,80,80,80,80,80,80,80,80,80,80,80,80,80,80,80,80,80,80],"card_choices":[{"not_picked":["Warcry","Havoc"],"picked":"Twin Strike","floor":1.0},{"not_picked":["Anger","Sever Soul"],"picked":"Body Slam","floor":2.0},{"not_picked":["Bloodletting","Headbutt"],"picked":"Wild Strike","floor":5.0},{"not_picked":["Bloodletting","Anger","Rampage"],"picked":"SKIP","floor":7.0},{"not_picked":["Warcry","Rage"],"picked":"Flex","floor":10.0},{"not_picked":["Demon Form","Offering"],"picked":"Reaper","floor":16.0},{"not_picked":["Armaments","Metallicize"],"picked":"Heavy Blade+1","floor":18.0},{"not_picked":["Flex","Sever Soul+1"],"picked":"Iron Wave+1","floor":22}],"player_experience":179802,"relics_obtained":[{"floor":7.0,"key":"Whetstone"},{"floor":9.0,"key":"Lantern"}],"event_choices":[{"damage_healed":0.0,"max_hp_gain":0.0,"max_hp_loss":0.0,"gold_gain":75.0,"event_name":"FaceTrader","player_choice":"Touch","floor":4.0,"gold_loss":0.0,"damage_taken":8.0},{"damage_healed":0.0,"max_hp_gain":0.0,"max_hp_loss":0.0,"gold_gain":30.0,"event_name":"Dead Adventurer","player_choice":"Searched \u00272\u0027 times","floor":12.0,"gold_loss":0.0,"damage_taken":0.0},{"damage_healed":0.0,"max_hp_gain":0.0,"max_hp_loss":0.0,"gold_gain":75.0,"event_name":"World of Goop","player_choice":"Gather Gold","floor":14.0,"gold_loss":0.0,"damage_taken":11.0},{"damage_healed":0.0,"max_hp_gain":0.0,"max_hp_loss":0.0,"gold_gain":99.0,"event_name":"Nest","player_choice":"Stole From Cult","floor":20.0,"gold_loss":0.0,"damage_taken":0.0},{"cards_removed":["Bash"],"damage_healed":0.0,"max_hp_gain":0.0,"max_hp_loss":0.0,"gold_gain":0.0,"event_name":"Designer","player_choice":"Upgrade and Remove","floor":21.0,"gold_loss":90.0,"damage_taken":0.0,"cards_upgraded":["Defend_R"]}],"is_beta":false,"boss_relics":[{"not_picked":["Pandora\u0027s Box","Lizard Tail"],"picked":"Astrolabe"}],"items_purged_floors":[],"is_endless":false,"potions_floor_spawned":[2,5,16],"killed_by":"Slavers","ascension_level":4}