{"gold_per_floor":[99,66,66,66,66,66,66,66,66,66,66,66,66,66,66,66,66,6,6,6,6,6,6,6,6,6,6,6,6,6,6,6,6,6,6,6,6,6,6,6,6,6],"floor_reached":42,"playtime":1270,"items_purged":[],"score":518,"play_id":"fe6379be-c6ae-4993-bd4d-1e75354e251d","local_time":"20181020160252","is_ascension_mode":true,"campfire_choices":[{"data":"Whirlwind","floor":8,"key":"SMITH"},{"floor":15,"key":"REST"},{"data":"Limit Break","floor":23,"key":"SMITH"},{"floor":25,"key":"REST"},{"data":"RitualDagger","floor":29,"key":"SMITH"},{"data":"Reaper","floor":32,"key":"SMITH"},{"data":"True Grit","floor":41,"key":"SMITH"}],"neow_cost":"NONE","seed_source_timestamp":32048679026435,"circlet_count":0,"master_deck":["Strike_R","Strike_R","Defend_R","Defend_R","Defend_R+1","Defend_R","Bash","Feel No Pain","Sword Boomerang","Shockwave+1","Whirlwind+1","True Grit+1","Flex","Pummel","Limit Break+1","Reaper+1","RitualDagger+1","Metallicize+1","Disarm","Disarm","Feed","Exhume","Shrug It Off","Disarm+1"],"relics":["Ectoplasm","War Paint","Dream Catcher","Singing Bowl","Pantograph","Empty Cage","MutagenicStrength","Dead Branch","Anchor","Black Star","Old Coin","FossilizedHelix"],"potions_floor_usage":[6,14,18,30,30,40,40],"damage_taken":[{"damage":2,"enemies":"Small Slimes","floor":1,"turns":3},{"damage":0,"enemies":"2 Louse","floor":4,"turns":4},{"damage":2,"enemies":"Jaw Worm","floor":5,"turns":3},{"damage":17,"enemies":"3 Sentries","floor":6,"turns":8},{"damage":15,"enemies":"Gremlin Gang","floor":11,"turns":2},{"damage":0,"enemies":"Exordium Wildlife","floor":13,"turns":1},{"damage":24,"enemies":"Lagavulin Event","floor":14,"turns":7},{"damage":47,"enemies":"Slime Boss","floor":16,"turns":9},{"damage":15,"enemies":"2 Thieves","floor":18,"turns":3},{"damage":20,"enemies":"Book of Stabbing","floor":24,"turns":3},{"damage":0,"enemies":"Spheric Guardian","floor":27,"turns":1},{"damage":0,"enemies":"Chosen and Byrds","floor":30,"turns":5},{"damage":2,"enemies":"Centurion and Healer","floor":31,"turns":7},{"damage":56,"enemies":"Champ","floor":33,"turns":12},{"damage":11,"enemies":"Orb Walker","floor":35,"turns":4},{"damage":0,"enemies":"3 Shapes","floor":38,"turns":5},{"damage":63,"enemies":"Spire Growth","floor":39,"turns":6},{"damage":9,"enemies":"Mind Bloom Boss Battle","floor":40,"turns":9},{"damage":180,"enemies":"Giant Head","floor":42,"turns":11}],"seed_played":"-9187992131971673777","potions_obtained":[{"floor":4,"key":"Fire Potion"},{"floor":13,"key":"Weak Potion"},{"floor":14,"key":"AttackPotion"},{"floor":16,"key":"FairyPotion"},{"floor":18,"key":"SteroidPotion"},{"floor":24,"key":"Fire Potion"},{"floor":30,"key":"SteroidPotion"},{"floor":31,"key":"AttackPotion"}],"is_trial":false,"path_per_floor":["M","?","$","M","M","E","T","R","T","$","M","?","M","?","R","B",null,"M","?","?","?","?","R","E","R","T","M","?","R","M","M","R","B",null,"M","T","$","M","M","?","R"],"character_chosen":"IRONCLAD","items_purchased":[],"campfire_rested":2,"item_purchase_floors":[],"current_hp_per_floor":[78,78,78,78,76,59,59,59,59,59,44,44,44,20,44,22,66,61,61,61,61,55,55,35,59,59,61,61,61,76,84,84,42,75,64,64,64,85,59,82,82,0],"gold":6,"neow_bonus":"BOSS_RELIC","is_prod":false,"is_daily":false,"chose_seed":false,"campfire_upgraded":5,"win_rate":0,"timestamp":1540047772,"path_taken":["M","?","$","M","M","E","?","R","T","$","?","?","M","?","R","BOSS","M","?","?","?","?","R","E","R","T","?","?","R","M","M","R","BOSS","M","?","$","M","?","?","R","E"],"build_version":"2018-10-18","purchased_purges":0,"victory":false,"max_hp_per_floor":[80,80,80,80,80,80,80,80,80,80,80,80,80,80,80,80,80,82,82,82,82,82,82,82,82,82,84,84,84,86,86,86,86,86,86,86,86,91,93,93,93,93],"card_choices":[{"not_picked":["Sword Boomerang","Rupture"],"picked":"Feel No Pain","floor":1},{"not_picked":["Twin Strike","Anger"],"picked":"Sword Boomerang","floor":4},{"not_picked":["Armaments","Reckless Charge"],"picked":"Shockwave","floor":5},{"not_picked":["Clash","Carnage"],"picked":"Whirlwind","floor":6},{"not_picked":["Iron Wave","Entrench"],"picked":"True Grit","floor":11},{"not_picked":["Body Slam","True Grit"],"picked":"Flex","floor":13},{"not_picked":["Body Slam","Sword Boomerang"],"picked":"Pummel","floor":14},{"not_picked":["Iron Wave","Flex"],"picked":"Limit Break","floor":15},{"not_picked":["Bludgeon","Fiend Fire"],"picked":"Reaper","floor":16},{"not_picked":["Bloodletting+1","Burning Pact+1","Armaments+1"],"picked":"Singing Bowl","floor":18},{"not_picked":["Evolve","Reckless Charge"],"picked":"Metallicize+1","floor":24},{"not_picked":["Reckless Charge","Twin Strike"],"picked":"Disarm","floor":25},{"not_picked":["Seeing Red+1","Clothesline+1","Flex+1"],"picked":"Singing Bowl","floor":27},{"not_picked":["Perfected Strike","Rage+1","Havoc"],"picked":"Singing Bowl","floor":30},{"not_picked":["Entrench+1","Cleave"],"picked":"Feed","floor":31},{"not_picked":["Reaper","Offering"],"picked":"Exhume","floor":33},{"not_picked":["Flex+1","Warcry+1"],"picked":"Shrug It Off","floor":35},{"not_picked":["Searing Blow","Armaments+1","Flex"],"picked":"Singing Bowl","floor":38},{"not_picked":["Headbutt","Clash+1","Thunderclap+1"],"picked":"Singing Bowl","floor":39},{"not_picked":["Clothesline","Infernal Blade"],"picked":"Disarm+1","floor":40}],"player_experience":75025,"relics_obtained":[{"floor":6,"key":"War Paint"},{"floor":7,"key":"Dream Catcher"},{"floor":9,"key":"Singing Bowl"},{"floor":14,"key":"Pantograph"},{"floor":24,"key":"Dead Branch"},{"floor":26,"key":"Anchor"},{"floor":36,"key":"Old Coin"},{"floor":40,"key":"FossilizedHelix"}],"event_choices":[{"damage_healed":0,"gold_gain":0,"player_choice":"Left Gold","damage_taken":0,"max_hp_gain":0,"max_hp_loss":0,"event_name":"World of Goop","floor":2,"gold_loss":33},{"cards_removed":["Strike_R"],"damage_healed":0,"gold_gain":0,"player_choice":"Purged","damage_taken":0,"max_hp_gain":0,"max_hp_loss":0,"event_name":"Purifier","floor":12,"gold_loss":0},{"damage_healed":0,"gold_gain":0,"player_choice":"Searched \u00271\u0027 times","damage_taken":0,"max_hp_gain":0,"max_hp_loss":0,"event_name":"Dead Adventurer","floor":14,"gold_loss":0},{"damage_healed":0,"gold_gain":0,"player_choice":"Ignored","damage_taken":0,"max_hp_gain":0,"max_hp_loss":0,"event_name":"The Mausoleum","floor":19,"gold_loss":0},{"damage_healed":0,"gold_gain":0,"player_choice":"Ignored","damage_taken":0,"max_hp_gain":0,"max_hp_loss":0,"event_name":"Vampires","floor":20,"gold_loss":0},{"damage_healed":0,"gold_gain":0,"player_choice":"Inject Mutagens","damage_taken":0,"relics_obtained":["MutagenicStrength"],"max_hp_gain":0,"max_hp_loss":0,"event_name":"Drug Dealer","floor":21,"gold_loss":0},{"damage_healed":0,"gold_gain":0,"player_choice":"Joined the Cult","damage_taken":6,"max_hp_gain":0,"max_hp_loss":0,"event_name":"Nest","floor":22,"gold_loss":0,"cards_obtained":["RitualDagger"]},{"damage_healed":0,"gold_gain":0,"player_choice":"Read","damage_taken":0,"max_hp_gain":0,"max_hp_loss":0,"event_name":"The Library","floor":28,"gold_loss":0,"cards_obtained":["Disarm"]},{"damage_healed":0,"gold_gain":0,"player_choice":"Fight","damage_taken":0,"max_hp_gain":0,"max_hp_loss":0,"event_name":"MindBloom","floor":40,"gold_loss":0}],"is_beta":false,"boss_relics":[{"not_picked":["Philosopher\u0027s Stone","Busted Crown"],"picked":"Empty Cage"},{"not_picked":["White Beast Statue","Lizard Tail"],"picked":"Black Star"}],"items_purged_floors":[],"is_endless":false,"potions_floor_spawned":[4,13,14,16,18,24,30,31,35],"killed_by":"Giant Head","ascension_level":5}