{"gold_per_floor":[113,5,5,5,5,39,62,78,104,104,143,166,202,301,301,429,429,445,445,445,455,470,500,800,833,833,833,833,880,905,69,69,167,167,184,184,200,200,200,200,229,229,229,229,260,260,260],"floor_reached":47,"playtime":3105,"items_purged":["Strike_B"],"score":1022,"play_id":"50929743-e225-46f3-8140-3e82e25df10c","local_time":"20190128003941","is_ascension_mode":true,"campfire_choices":[{"data":"Beam Cell","floor":10,"key":"SMITH"},{"floor":15,"key":"DIG"},{"floor":24,"key":"DIG"},{"floor":32,"key":"DIG"},{"floor":40,"key":"DIG"},{"floor":46,"key":"DIG"}],"neow_cost":"NONE","seed_source_timestamp":455587383188175,"circlet_count":0,"master_deck":["Strike_B+1","Defend_B","Defend_B","Defend_B+1","Defend_B","Zap","Dualcast+1","Go for the Eyes","Beam Cell+1","Compile Driver","Conserve Battery","Cold Snap","Sunder","Beam Cell","Core Surge","Undo","Hologram+1","Coolheaded","Gash+1","Seek","Machine Learning","Gash","Beam Cell","Hologram+1","Sunder+1","Chill+1","Glacier+1","Mind Blast","Capacitor"],"relics":["Cracked Core","NeowsBlessing","Bloody Idol","Juzu Bracelet","Omamori","Shovel","War Paint","Tiny Chest","Singing Bowl","Coffee Dripper","PreservedInsect","Old Coin","Bronze Scales","The Courier","Blood Vial","Pantograph","Question Card","Vajra","Orichalcum","Strawberry","Oddly Smooth Stone","DataDisk","Gremlin Horn","Orrery","Blue Candle","Mercury Hourglass","Darkstone Periapt","Boot"],"potions_floor_usage":[13,14,16,21,23,25,41],"damage_taken":[{"damage":0,"enemies":"Small Slimes","floor":1,"turns":1},{"damage":0,"enemies":"Gremlin Nob","floor":6,"turns":1},{"damage":0,"enemies":"Jaw Worm","floor":7,"turns":1},{"damage":0,"enemies":"Cultist","floor":8,"turns":3},{"damage":12,"enemies":"Lagavulin","floor":11,"turns":7},{"damage":0,"enemies":"3 Louse","floor":12,"turns":2},{"damage":10,"enemies":"3 Sentries","floor":13,"turns":4},{"damage":4,"enemies":"3 Sentries","floor":14,"turns":4},{"damage":0,"enemies":"Slime Boss","floor":16,"turns":7},{"damage":6,"enemies":"Spheric Guardian","floor":18,"turns":4},{"damage":4,"enemies":"2 Thieves","floor":21,"turns":3},{"damage":0,"enemies":"Centurion and Healer","floor":22,"turns":6},{"damage":16,"enemies":"Gremlin Leader","floor":23,"turns":6},{"damage":17,"enemies":"Book of Stabbing","floor":25,"turns":6},{"damage":13,"enemies":"Gremlin Leader","floor":30,"turns":6},{"damage":43,"enemies":"Automaton","floor":33,"turns":12},{"damage":60,"enemies":"3 Darklings","floor":35,"turns":5},{"damage":0,"enemies":"Orb Walker","floor":37,"turns":3},{"damage":27,"enemies":"Giant Head","floor":41,"turns":7},{"damage":0,"enemies":"Reptomancer","floor":45,"turns":5},{"damage":30,"enemies":"Giant Head","floor":47,"turns":6}],"seed_played":"-541010483246477608","potions_obtained":[{"floor":7,"key":"SkillPotion"},{"floor":11,"key":"SteroidPotion"},{"floor":12,"key":"Strength Potion"},{"floor":14,"key":"SneckoOil"},{"floor":18,"key":"Swift Potion"},{"floor":22,"key":"Fire Potion"},{"floor":35,"key":"Strength Potion"},{"floor":45,"key":"LiquidBronze"}],"is_trial":false,"path_per_floor":["M","$","?","?","$","E","M","M","T","R","E","M","E","?","R","B",null,"M","?","?","M","M","E","R","E","T","?","?","T","E","$","R","B",null,"M","?","M","?","?","R","E","?","T","?","E","R","E"],"character_chosen":"DEFECT","items_purchased":["Beam Cell","Compile Driver","Question Card","Vajra","Orichalcum","Strawberry","Oddly Smooth Stone","DataDisk"],"campfire_rested":0,"item_purchase_floors":[2,2,31,31,31,31,31,31],"current_hp_per_floor":[68,68,68,54,54,54,54,54,54,54,42,42,32,28,28,30,61,57,62,62,70,75,64,69,57,57,57,75,75,67,74,74,44,77,24,24,31,31,31,31,11,11,11,11,18,18,0],"gold":260,"neow_bonus":"THREE_ENEMY_KILL","is_prod":false,"is_daily":false,"chose_seed":false,"campfire_upgraded":1,"win_rate":0,"timestamp":1548657581,"path_taken":["M","$","?","?","$","E","M","M","T","R","E","M","E","?","R","BOSS","M","?","?","M","M","E","R","E","T","?","?","?","E","$","R","BOSS","M","?","M","?","?","R","E","?","T","?","E","R","E"],"build_version":"2019-01-23","purchased_purges":1,"victory":false,"max_hp_per_floor":[75,75,69,69,69,69,69,69,69,69,69,69,69,69,69,71,71,73,73,73,75,75,75,75,75,75,75,75,75,75,82,82,82,86,86,86,86,86,86,86,86,86,86,86,86,86,86],"card_choices":[{"not_picked":["Coolheaded","Undo"],"picked":"Go for the Eyes","floor":1},{"not_picked":["Ball Lightning","Stack"],"picked":"Conserve Battery","floor":6},{"not_picked":["Loop","Lockon"],"picked":"Cold Snap","floor":7},{"not_picked":["Turbo","Loop"],"picked":"Ball Lightning","floor":8},{"not_picked":["Recycle","Beam Cell"],"picked":"Sunder","floor":11},{"not_picked":["Storm","Consume"],"picked":"Beam Cell","floor":12},{"not_picked":["Static Discharge","Stack"],"picked":"Core Surge","floor":13},{"not_picked":["Streamline","Loop"],"picked":"Undo","floor":14},{"not_picked":["Thunder Strike","Rainbow","Electrodynamics"],"picked":"Singing Bowl","floor":16},{"not_picked":["Cold Snap","Blizzard","Rebound"],"picked":"Singing Bowl","floor":18},{"not_picked":["Stack+1","Rip and Tear+1","Reinforced Body"],"picked":"Singing Bowl","floor":21},{"not_picked":["Ball Lightning","Sweeping Beam"],"picked":"Hologram+1","floor":22},{"not_picked":["Turbo","Blizzard"],"picked":"Coolheaded","floor":23},{"not_picked":["Coolheaded","Storm+1"],"picked":"Gash+1","floor":25},{"not_picked":["Chill","Hologram"],"picked":"Seek","floor":30},{"not_picked":["Buffer","Electrodynamics","Seek"],"picked":"Machine Learning","floor":33},{"not_picked":["Force Field","Stack+1","Barrage"],"picked":"Gash","floor":34},{"not_picked":["Auto Shields","Rebound","Conserve Battery"],"picked":"Beam Cell","floor":34},{"not_picked":["Amplify","Streamline","Ball Lightning+1"],"picked":"Hologram+1","floor":34},{"not_picked":["Barrage","Consume+1","Scrape","Static Discharge+1"],"picked":"Singing Bowl","floor":34},{"not_picked":["Compile Driver","Go for the Eyes","Stack","Rebound"],"picked":"Singing Bowl","floor":34},{"not_picked":["Rebound+1","Static Discharge+1","Chaos+1"],"picked":"Sunder+1","floor":35},{"not_picked":["FTL","Stack","Force Field"],"picked":"Chill+1","floor":37},{"not_picked":["Streamline+1","Chaos","Redo"],"picked":"Glacier+1","floor":41},{"not_picked":["Impatience","Deep Breath","Dramatic Entrance"],"picked":"Mind Blast","floor":44},{"not_picked":["Blizzard","Streamline","Amplify"],"picked":"Capacitor","floor":45}],"player_experience":588230,"relics_obtained":[{"floor":6,"key":"Juzu Bracelet"},{"floor":9,"key":"Omamori"},{"floor":11,"key":"Shovel"},{"floor":13,"key":"War Paint"},{"floor":14,"key":"Tiny Chest"},{"floor":15,"key":"Singing Bowl"},{"floor":23,"key":"PreservedInsect"},{"floor":24,"key":"Old Coin"},{"floor":25,"key":"Bronze Scales"},{"floor":26,"key":"The Courier"},{"floor":29,"key":"Blood Vial"},{"floor":30,"key":"Pantograph"},{"floor":32,"key":"Gremlin Horn"},{"floor":40,"key":"Blue Candle"},{"floor":41,"key":"Mercury Hourglass"},{"floor":45,"key":"Darkstone Periapt"},{"floor":46,"key":"Boot"}],"event_choices":[{"damage_healed":0,"gold_gain":0,"player_choice":"Lose Max HP","damage_taken":0,"relics_obtained":["Golden Idol"],"max_hp_gain":0,"max_hp_loss":6,"event_name":"Golden Idol","floor":3,"gold_loss":0},{"damage_healed":0,"gold_gain":0,"player_choice":"Entered Light","damage_taken":14,"max_hp_gain":0,"max_hp_loss":0,"event_name":"Shining Light","floor":4,"gold_loss":0,"cards_upgraded":["Strike_B","Strike_B"]},{"damage_healed":0,"gold_gain":0,"player_choice":"Searched \u00272\u0027 times","damage_taken":0,"max_hp_gain":0,"max_hp_loss":0,"event_name":"Dead Adventurer","floor":14,"gold_loss":0},{"cards_removed":["Ball Lightning"],"damage_healed":5,"gold_gain":0,"player_choice":"Offered Common","damage_taken":0,"max_hp_gain":0,"max_hp_loss":0,"event_name":"Bonfire Elementals","floor":19,"gold_loss":0},{"cards_removed":["Ball Lightning"],"damage_healed":5,"gold_gain":0,"player_choice":"Offered Special","damage_taken":0,"max_hp_gain":0,"max_hp_loss":0,"event_name":"Bonfire Elementals","floor":19,"gold_loss":0},{"damage_healed":0,"gold_gain":0,"player_choice":"Gave Idol","damage_taken":0,"relics_obtained":["Bloody Idol"],"max_hp_gain":0,"max_hp_loss":0,"event_name":"Forgotten Altar","floor":20,"relics_lost":["Golden Idol"],"gold_loss":0},{"damage_healed":0,"gold_gain":0,"player_choice":"Ignored","damage_taken":0,"max_hp_gain":0,"max_hp_loss":0,"event_name":"Ghosts","floor":27,"gold_loss":0},{"damage_healed":25,"gold_gain":0,"player_choice":"Heal","damage_taken":0,"max_hp_gain":0,"max_hp_loss":0,"event_name":"The Library","floor":28,"gold_loss":0},{"cards_removed":["Strike_B"],"damage_healed":0,"gold_gain":0,"player_choice":"Purged","damage_taken":0,"max_hp_gain":0,"max_hp_loss":0,"event_name":"Purifier","floor":36,"gold_loss":0},{"damage_healed":0,"gold_gain":0,"player_choice":"Ignored","damage_taken":0,"max_hp_gain":0,"max_hp_loss":0,"event_name":"Mysterious Sphere","floor":38,"gold_loss":0},{"cards_removed":["Strike_B"],"damage_healed":0,"gold_gain":0,"player_choice":"Removed Attack","damage_taken":0,"max_hp_gain":0,"max_hp_loss":0,"event_name":"Falling","floor":39,"gold_loss":0},{"damage_healed":0,"gold_gain":0,"player_choice":"Ignored","damage_taken":0,"max_hp_gain":0,"max_hp_loss":0,"event_name":"SecretPortal","floor":42,"gold_loss":0},{"damage_healed":0,"gold_gain":0,"player_choice":"Memory 1","damage_taken":0,"max_hp_gain":0,"max_hp_loss":0,"event_name":"SensoryStone","floor":44,"gold_loss":0}],"is_beta":false,"boss_relics":[{"not_picked":["Ectoplasm","Busted Crown"],"picked":"Coffee Dripper"},{"not_picked":["Pandora\u0027s Box","Snecko Eye"],"picked":"Orrery"}],"items_purged_floors":[31],"is_endless":false,"potions_floor_spawned":[7,11,12,14,18,22,35,45],"killed_by":"Giant Head","ascension_level":9}