{"gold_per_floor":[110,110,35,45,60,60,75,86,86,86,114,14,14,32,32,132,132,115,128,128,147,2,2],"floor_reached":23,"playtime":716,"items_purged":["Strike_B","Strike_B"],"score":290,"play_id":"01957953-209d-4fd9-9551-1b8fb9428715","local_time":"20190102011601","is_ascension_mode":true,"campfire_choices":[{"data":"Zap","floor":6,"key":"SMITH"},{"floor":13,"key":"REST"},{"data":"Blizzard","floor":15,"key":"SMITH"}],"neow_cost":"NONE","seed_source_timestamp":30060242253375,"circlet_count":0,"master_deck":["AscendersBane","Strike_B","Strike_B","Defend_B","Defend_B+1","Defend_B+1","Defend_B","Zap+1","Dualcast","Cold Snap","Blizzard+1","Conserve Battery","Hologram","Cold Snap","Buffer","Glacier","Buffer","Self Repair","Coolheaded"],"relics":["FrozenCore","NeowsBlessing","Molten Egg 2","Sundial","Shuriken","War Paint"],"potions_floor_usage":[11,18,23,23],"damage_taken":[{"damage":0,"enemies":"Jaw Worm","floor":1,"turns":1},{"damage":0,"enemies":"Cultist","floor":4,"turns":1},{"damage":0,"enemies":"2 Louse","floor":5,"turns":1},{"damage":18,"enemies":"Exordium Thugs","floor":7,"turns":7},{"damage":9,"enemies":"Exordium Wildlife","floor":8,"turns":4},{"damage":24,"enemies":"3 Sentries","floor":11,"turns":9},{"damage":5,"enemies":"3 Louse","floor":14,"turns":4},{"damage":2,"enemies":"Slime Boss","floor":16,"turns":11},{"damage":0,"enemies":"2 Thieves","floor":18,"turns":5},{"damage":0,"enemies":"Spheric Guardian","floor":19,"turns":8},{"damage":3,"enemies":"Snecko","floor":21,"turns":11},{"damage":81,"enemies":"Gremlin Leader","floor":23,"turns":11}],"seed_played":"4917318906483194907","potions_obtained":[{"floor":1,"key":"Dexterity Potion"},{"floor":5,"key":"SpeedPotion"},{"floor":7,"key":"PowerPotion"},{"floor":14,"key":"Fire Potion"},{"floor":19,"key":"Strength Potion"}],"is_trial":false,"path_per_floor":["M","?","$","M","M","R","M","M","T","T","E","$","R","M","R","B",null,"M","M","?","M","$","E"],"character_chosen":"DEFECT","items_purchased":["War Paint"],"campfire_rested":1,"item_purchase_floors":[22],"current_hp_per_floor":[68,68,68,68,68,68,50,41,41,41,17,17,39,34,34,32,64,64,71,71,75,75,0],"gold":2,"neow_bonus":"THREE_ENEMY_KILL","is_prod":false,"is_daily":false,"chose_seed":false,"campfire_upgraded":2,"win_rate":0,"timestamp":1546391761,"path_taken":["M","?","?","M","?","R","M","?","T","?","E","$","R","M","R","BOSS","M","M","?","M","$","E"],"build_version":"2018-12-20","purchased_purges":2,"victory":false,"max_hp_per_floor":[75,75,75,75,75,75,75,75,75,75,75,75,75,75,75,75,75,75,75,75,75,75,75],"card_choices":[{"not_picked":["Fusion","Conserve Battery"],"picked":"Cold Snap","floor":1},{"not_picked":["Coolheaded","Static Discharge"],"picked":"Blizzard","floor":4},{"not_picked":["Rebound","Barrage"],"picked":"Conserve Battery","floor":5},{"not_picked":["White Noise","Heatsinks"],"picked":"Hologram","floor":7},{"not_picked":["Beam Cell","Consume"],"picked":"Cold Snap","floor":8},{"not_picked":["Barrage+1","Streamline+1"],"picked":"Buffer","floor":11},{"not_picked":["Cold Snap+1","Gash+1"],"picked":"Glacier","floor":14},{"not_picked":["Rainbow","Meteor Strike+1"],"picked":"Buffer","floor":16},{"not_picked":["Conserve Battery","Barrage+1"],"picked":"Self Repair","floor":18},{"not_picked":["Gash+1","Redo"],"picked":"Coolheaded","floor":19},{"not_picked":["Redo+1","Barrage+1","Leap"],"picked":"SKIP","floor":21}],"player_experience":341180,"relics_obtained":[{"floor":9,"key":"Molten Egg 2"},{"floor":10,"key":"Sundial"},{"floor":11,"key":"Shuriken"}],"event_choices":[{"damage_healed":0,"gold_gain":0,"player_choice":"Ignored","damage_taken":0,"max_hp_gain":0,"max_hp_loss":0,"event_name":"Golden Idol","floor":2,"gold_loss":0},{"damage_healed":0,"gold_gain":0,"player_choice":"Ignored","damage_taken":0,"max_hp_gain":0,"max_hp_loss":0,"event_name":"Vampires","floor":20,"gold_loss":0}],"is_beta":false,"boss_relics":[{"not_picked":["Velvet Choker","Runic Pyramid"],"picked":"FrozenCore"}],"items_purged_floors":[3,12],"is_endless":false,"potions_floor_spawned":[1,5,7,14,19,21],"killed_by":"Gremlin Leader","ascension_level":10}