{"gold_per_floor":[116,41,51,51,68,68,95,95,95,113,113,113,113,127,127,127],"floor_reached":16,"playtime":348,"items_purged":["Strike_R"],"score":185,"play_id":"d3ec609f-41d2-4c47-a190-c270e46de3f9","local_time":"20190109213859","is_ascension_mode":true,"campfire_choices":[{"data":"Body Slam","floor":6,"key":"SMITH"},{"data":"Uppercut","floor":8,"key":"SMITH"},{"data":"Cleave","floor":12,"key":"SMITH"},{"floor":15,"key":"REST"}],"neow_cost":"PERCENT_DAMAGE","seed_source_timestamp":11847480579821,"circlet_count":0,"master_deck":["AscendersBane","Strike_R","Strike_R","Strike_R","Strike_R","Defend_R+1","Defend_R","Defend_R+1","Defend_R","Bash","Uppercut+1","Cleave+1","Body Slam+1","Shrug It Off+1","Thunderclap","Ghostly Armor"],"relics":["Burning Blood","Magic Flower","Nunchaku","Mango"],"potions_floor_usage":[7],"damage_taken":[{"damage":13,"enemies":"Small Slimes","floor":1,"turns":4},{"damage":12,"enemies":"2 Louse","floor":3,"turns":3},{"damage":8,"enemies":"Jaw Worm","floor":5,"turns":5},{"damage":32,"enemies":"Gremlin Nob","floor":7,"turns":4},{"damage":6,"enemies":"3 Louse","floor":10,"turns":3},{"damage":1,"enemies":"Large Slime","floor":14,"turns":5},{"damage":51,"enemies":"Hexaghost","floor":16,"turns":14}],"seed_played":"-4810896085269728588","potions_obtained":[{"floor":5,"key":"Fire Potion"},{"floor":7,"key":"Dexterity Potion"}],"is_trial":false,"path_per_floor":["M","$","M","?","M","R","E","R","T","M","?","R","?","M","R","B"],"character_chosen":"IRONCLAD","items_purchased":[],"campfire_rested":1,"item_purchase_floors":[],"current_hp_per_floor":[46,46,43,48,49,49,26,26,40,43,43,43,15,23,51,0],"gold":127,"neow_bonus":"ONE_RARE_RELIC","is_prod":false,"is_daily":false,"chose_seed":false,"campfire_upgraded":3,"win_rate":0,"timestamp":1547069939,"path_taken":["M","$","M","?","M","R","E","R","T","M","?","R","?","M","R","BOSS"],"build_version":"2019-01-03v4","purchased_purges":1,"victory":false,"max_hp_per_floor":[75,75,75,80,80,80,80,80,94,94,94,94,94,94,94,94],"card_choices":[{"not_picked":["Iron Wave","Thunderclap"],"picked":"Uppercut","floor":1},{"not_picked":["Sword Boomerang","Corruption"],"picked":"Cleave","floor":3},{"not_picked":["Havoc","Wild Strike"],"picked":"Body Slam","floor":5},{"not_picked":["Clash","Spot Weakness"],"picked":"Shrug It Off","floor":7},{"not_picked":["Iron Wave","Rampage"],"picked":"Thunderclap","floor":10},{"not_picked":["Clothesline","Corruption"],"picked":"Ghostly Armor","floor":14}],"player_experience":360799,"relics_obtained":[{"floor":7,"key":"Nunchaku"},{"floor":9,"key":"Mango"}],"event_choices":[{"damage_healed":0,"gold_gain":0,"player_choice":"Donut","damage_taken":0,"max_hp_gain":5,"max_hp_loss":0,"event_name":"Big Fish","floor":4,"gold_loss":0},{"damage_healed":0,"gold_gain":0,"player_choice":"Grow","damage_taken":0,"max_hp_gain":0,"max_hp_loss":0,"event_name":"Living Wall","floor":11,"gold_loss":0,"cards_upgraded":["Shrug It Off"]},{"damage_healed":0,"gold_gain":0,"player_choice":"Entered Light","damage_taken":28,"max_hp_gain":0,"max_hp_loss":0,"event_name":"Shining Light","floor":13,"gold_loss":0,"cards_upgraded":["Defend_R","Defend_R"]}],"is_beta":false,"boss_relics":[],"items_purged_floors":[2],"is_endless":false,"potions_floor_spawned":[5,7],"killed_by":"Hexaghost","ascension_level":17}