{"gold_per_floor":[316,90,106,116,116,141,141,216,240,257,287,287,299,309,309,411,411,430,440,390,407,46,46,46],"floor_reached":24,"playtime":1290,"items_purged":["Strike_G","Strike_G"],"score":333,"play_id":"07cb64bc-b95f-4676-ab5e-dcb45da81748","local_time":"20181110162227","is_ascension_mode":true,"campfire_choices":[{"floor":7,"key":"REST"},{"data":"Backflip","floor":12,"key":"SMITH"},{"data":"Deadly Poison","floor":15,"key":"SMITH"},{"floor":23,"key":"REST"}],"neow_cost":"NO_GOLD","seed_source_timestamp":1199602558983078,"circlet_count":0,"master_deck":["AscendersBane","Defend_G","Defend_G","Defend_G","Defend_G","Defend_G","Strike_G","Strike_G","Strike_G","Survivor","Neutralize","Dash","Footwork+1","Glass Knife","Deadly Poison+1","Backflip+1","Catalyst","Catalyst","Die Die Die","Poisoned Stab","PiercingWail","Unload","Dash"],"relics":["Ring of the Snake","Old Coin","PreservedInsect","Centennial Puzzle","Smiling Mask","Runic Dome","Prayer Wheel"],"potions_floor_usage":[10,16,16,16,19,21,24],"damage_taken":[{"damage":0,"enemies":"2 Louse","floor":1,"turns":3},{"damage":0,"enemies":"Jaw Worm","floor":3,"turns":6},{"damage":0,"enemies":"Small Slimes","floor":4,"turns":3},{"damage":22,"enemies":"Gremlin Nob","floor":6,"turns":5},{"damage":0,"enemies":"Red Slaver","floor":10,"turns":4},{"damage":12,"enemies":"3 Sentries","floor":11,"turns":9},{"damage":7,"enemies":"Exordium Thugs","floor":13,"turns":5},{"damage":1,"enemies":"Exordium Wildlife","floor":14,"turns":4},{"damage":18,"enemies":"The Guardian","floor":16,"turns":9},{"damage":22,"enemies":"2 Thieves","floor":18,"turns":4},{"damage":0,"enemies":"Chosen","floor":19,"turns":3},{"damage":9,"enemies":"Shelled Parasite and Fungi","floor":21,"turns":4},{"damage":47,"enemies":"Book of Stabbing","floor":24,"turns":5}],"seed_played":"-865307872096221720","potions_obtained":[{"floor":1,"key":"Fire Potion"},{"floor":4,"key":"SpeedPotion"},{"floor":11,"key":"EntropicBrew"},{"floor":13,"key":"LiquidBronze"},{"floor":19,"key":"PowerPotion"},{"floor":21,"key":"GamblersBrew"}],"is_trial":false,"path_per_floor":["M","$","M","M","?","E","R","?","T","M","E","R","M","M","R","B",null,"M","M","$","M","$","R","E"],"character_chosen":"THE_SILENT","items_purchased":["Footwork","Glass Knife","Prayer Wheel"],"campfire_rested":2,"item_purchase_floors":[2,2,22],"current_hp_per_floor":[63,63,63,63,63,41,62,51,51,51,39,39,32,31,31,13,56,34,34,34,25,25,46,0],"gold":46,"neow_bonus":"ONE_RARE_RELIC","is_prod":false,"is_daily":false,"chose_seed":false,"campfire_upgraded":2,"win_rate":0,"timestamp":1541888547,"path_taken":["M","$","M","M","?","E","R","?","T","M","E","R","M","M","R","BOSS","M","M","$","M","$","R","E"],"build_version":"2018-11-08","purchased_purges":2,"victory":false,"max_hp_per_floor":[70,70,70,70,70,70,70,70,70,70,70,70,70,70,70,70,70,70,70,70,70,70,70,70],"card_choices":[{"not_picked":["Caltrops","Crippling Poison"],"picked":"Dash","floor":1},{"not_picked":["Dagger Throw","Outmaneuver"],"picked":"Deadly Poison","floor":3},{"not_picked":["Sucker Punch","Deflect"],"picked":"Backflip","floor":4},{"not_picked":["Dagger Throw","Poisoned Stab"],"picked":"Catalyst","floor":6},{"not_picked":["Dagger Throw","Underhanded Strike"],"picked":"Catalyst","floor":10},{"not_picked":["All Out Attack","Expertise"],"picked":"Die Die Die","floor":11},{"not_picked":["Backflip","Bane"],"picked":"Poisoned Stab","floor":13},{"not_picked":["Deflect","Blade Dance"],"picked":"PiercingWail","floor":14},{"not_picked":["Tools of the Trade","Grand Finale"],"picked":"Unload","floor":16},{"not_picked":["Caltrops","Underhanded Strike+1"],"picked":"Dash","floor":18},{"not_picked":["Prepared","Outmaneuver","Eviscerate"],"picked":"SKIP","floor":19},{"not_picked":["Underhanded Strike","All Out Attack","Dagger Spray"],"picked":"SKIP","floor":21}],"player_experience":433799,"relics_obtained":[{"floor":6,"key":"PreservedInsect"},{"floor":9,"key":"Centennial Puzzle"},{"floor":11,"key":"Smiling Mask"}],"event_choices":[{"damage_healed":0,"gold_gain":0,"player_choice":"Grow","damage_taken":0,"max_hp_gain":0,"max_hp_loss":0,"event_name":"Living Wall","floor":5,"gold_loss":0,"cards_upgraded":["Footwork"]},{"damage_healed":0,"gold_gain":75,"player_choice":"Gather Gold","damage_taken":11,"max_hp_gain":0,"max_hp_loss":0,"event_name":"World of Goop","floor":8,"gold_loss":0}],"is_beta":false,"boss_relics":[{"not_picked":["Coffee Dripper","Snecko Eye"],"picked":"Runic Dome"}],"items_purged_floors":[20,22],"is_endless":false,"potions_floor_spawned":[1,4,11,13,14,19,21],"killed_by":"Book of Stabbing","ascension_level":12}