{"gold_per_floor":[112,112,132,132,148,179,179,211,211,227,227],"floor_reached":11,"playtime":886,"items_purged":[],"score":87,"play_id":"b1150860-6e1a-49a4-8b99-96ea6046b90b","local_time":"20190203102335","is_ascension_mode":true,"campfire_choices":[{"floor":7,"key":"REST"}],"neow_cost":"NONE","seed_source_timestamp":114612156653799,"circlet_count":0,"master_deck":["Defend_G","Defend_G","Defend_G+1","Defend_G","Defend_G","Strike_G","Strike_G","Strike_G","Strike_G","Strike_G","Survivor","Neutralize+1","Cloak And Dagger","Footwork","Cloak And Dagger"],"relics":["Ring of the Snake","FossilizedHelix","Bottled Lightning","Potion Belt","Bottled Flame"],"potions_floor_usage":[],"damage_taken":[{"damage":2,"enemies":"Jaw Worm","floor":1,"turns":6},{"damage":0,"enemies":"2 Louse","floor":3,"turns":2},{"damage":0,"enemies":"Cultist","floor":5,"turns":5},{"damage":37,"enemies":"Lagavulin","floor":6,"turns":9},{"damage":9,"enemies":"Gremlin Nob","floor":8,"turns":6},{"damage":0,"enemies":"Large Slime","floor":10,"turns":7},{"damage":43,"enemies":"Lagavulin","floor":11,"turns":14}],"seed_played":"1522046369062662101","potions_obtained":[{"floor":6,"key":"SmokeBomb"}],"is_trial":false,"path_per_floor":["M","?","M","?","M","E","R","E","T","M","E"],"character_chosen":"THE_SILENT","items_purchased":[],"campfire_rested":1,"item_purchase_floors":[],"current_hp_per_floor":[75,60,60,60,60,23,46,37,37,37,0],"gold":227,"neow_bonus":"TEN_PERCENT_HP_BONUS","is_prod":false,"is_daily":false,"chose_seed":false,"campfire_upgraded":0,"win_rate":0,"timestamp":1549218215,"path_taken":["M","?","M","?","M","E","R","E","T","M","E"],"build_version":"2019-01-23","purchased_purges":0,"victory":false,"max_hp_per_floor":[77,77,77,77,77,77,77,77,77,77,77],"card_choices":[{"not_picked":["Dodge and Roll","Bane","Dagger Throw"],"picked":"SKIP","floor":1},{"not_picked":["Dagger Throw","Sucker Punch"],"picked":"Cloak And Dagger","floor":3},{"not_picked":["Masterful Stab","Catalyst","Dagger Throw"],"picked":"SKIP","floor":5},{"not_picked":["Sucker Punch","Masterful Stab"],"picked":"Footwork","floor":6},{"not_picked":["Accuracy","Reflex"],"picked":"Cloak And Dagger","floor":8},{"not_picked":["Heel Hook","Blade Dance","Flying Knee"],"picked":"SKIP","floor":10}],"player_experience":251694,"relics_obtained":[{"floor":4,"key":"FossilizedHelix"},{"floor":6,"key":"Bottled Lightning"},{"floor":8,"key":"Potion Belt"},{"floor":9,"key":"Bottled Flame"}],"event_choices":[{"damage_healed":0,"gold_gain":0,"player_choice":"Entered Light","damage_taken":15,"max_hp_gain":0,"max_hp_loss":0,"event_name":"Shining Light","floor":2,"gold_loss":0,"cards_upgraded":["Neutralize","Defend_G"]},{"damage_healed":0,"gold_gain":0,"player_choice":"Relic","damage_taken":0,"max_hp_gain":0,"max_hp_loss":0,"event_name":"Wheel of Change","floor":4,"gold_loss":0}],"is_beta":false,"boss_relics":[],"items_purged_floors":[],"is_endless":false,"potions_floor_spawned":[6],"killed_by":"Lagavulin","ascension_level":1}