{"gold_per_floor":[118,193,193,204,46,76,76,76,76,76,93,120,120,132,132,209,209,227,237,237],"floor_reached":20,"playtime":1874,"items_purged":["Strike_G"],"score":328,"play_id":"6b25b440-7a9b-4c2e-9e7c-95eb001c50ee","local_time":"20190201055957","is_ascension_mode":true,"campfire_choices":[{"floor":7,"key":"REST"},{"data":"Well Laid Plans","floor":13,"key":"SMITH"},{"data":"Tools of the Trade","floor":15,"key":"SMITH"}],"neow_cost":"PERCENT_DAMAGE","seed_source_timestamp":1857961539030470,"circlet_count":0,"master_deck":["AscendersBane","Defend_G","Defend_G","Defend_G","Defend_G","Defend_G","Strike_G","Strike_G","Strike_G","Strike_G","Survivor","Neutralize","Good Instincts","Escape Plan","Flash of Steel","Choke","Backstab","PiercingWail","Parasite","Well Laid Plans+1","Tools of the Trade+1","Venomology","Flying Knee+1"],"relics":["Ring of the Snake","Tingsha","Mummified Hand","Vajra","Philosopher\u0027s Stone"],"potions_floor_usage":[6,11,11,12,16,18,18,19,20,20],"damage_taken":[{"damage":3,"enemies":"2 Louse","floor":1,"turns":4},{"damage":0,"enemies":"Cultist","floor":4,"turns":5},{"damage":26,"enemies":"Lagavulin","floor":6,"turns":6},{"damage":0,"enemies":"Jaw Worm","floor":11,"turns":5},{"damage":9,"enemies":"3 Sentries","floor":12,"turns":10},{"damage":12,"enemies":"Exordium Thugs","floor":14,"turns":4},{"damage":28,"enemies":"Hexaghost","floor":16,"turns":12},{"damage":4,"enemies":"Shell Parasite","floor":18,"turns":4},{"damage":7,"enemies":"2 Thieves","floor":19,"turns":4},{"damage":45,"enemies":"Masked Bandits","floor":20,"turns":4}],"seed_played":"4284954780881255001","potions_obtained":[{"floor":1,"key":"Block Potion"},{"floor":6,"key":"Regen Potion"},{"floor":10,"key":"EntropicBrew"},{"floor":16,"key":"Fire Potion"},{"floor":18,"key":"Poison Potion"}],"is_trial":false,"path_per_floor":["M","?","?","M","$","E","R","?","T","?","M","E","R","M","R","B",null,"M","M","?"],"character_chosen":"THE_SILENT","items_purchased":["Backstab"],"campfire_rested":1,"item_purchase_floors":[5],"current_hp_per_floor":[41,30,30,30,30,4,23,39,39,39,53,44,44,32,32,4,51,47,40,0],"gold":237,"neow_bonus":"RANDOM_COLORLESS_2","is_prod":false,"is_daily":false,"chose_seed":false,"campfire_upgraded":2,"win_rate":0,"timestamp":1549029597,"path_taken":["M","?","?","M","$","E","R","?","T","?","?","E","R","?","R","BOSS","M","M","?"],"build_version":"2019-01-23","purchased_purges":1,"victory":false,"max_hp_per_floor":[66,66,66,66,66,66,66,66,66,66,66,66,66,66,66,66,66,66,66,66],"card_choices":[{"not_picked":["Dodge and Roll","Acrobatics"],"picked":"Escape Plan","floor":1},{"not_picked":["Eviscerate","Prepared"],"picked":"Choke","floor":4},{"not_picked":["Quick Slash","Deadly Poison"],"picked":"PiercingWail","floor":6},{"not_picked":["Dagger Spray","Deflect","Acrobatics"],"picked":"SKIP","floor":11},{"not_picked":["Bane","Choke"],"picked":"Well Laid Plans","floor":12},{"not_picked":["Poisoned Stab","Quick Slash"],"picked":"Tools of the Trade","floor":14},{"not_picked":["Night Terror","Malaise"],"picked":"Venomology","floor":16},{"not_picked":["Predator","Poisoned Stab+1"],"picked":"Flying Knee+1","floor":18},{"not_picked":["Heel Hook","Flying Knee","Deadly Poison"],"picked":"SKIP","floor":19}],"player_experience":572615,"relics_obtained":[{"floor":6,"key":"Tingsha"},{"floor":9,"key":"Mummified Hand"},{"floor":12,"key":"Vajra"}],"event_choices":[{"damage_healed":0,"gold_gain":75,"player_choice":"Gather Gold","damage_taken":11,"max_hp_gain":0,"max_hp_loss":0,"event_name":"World of Goop","floor":2,"gold_loss":0},{"damage_healed":0,"gold_gain":0,"cards_transformed":["Forethought"],"player_choice":"Change","damage_taken":0,"max_hp_gain":0,"max_hp_loss":0,"event_name":"Living Wall","floor":3,"gold_loss":0,"cards_obtained":["Flash of Steel"]},{"damage_healed":16,"gold_gain":0,"player_choice":"Healed and dodged fight","damage_taken":0,"max_hp_gain":0,"max_hp_loss":0,"event_name":"Mushrooms","floor":8,"gold_loss":0,"cards_obtained":["Parasite"]},{"damage_healed":0,"gold_gain":0,"player_choice":"Got Potions","damage_taken":0,"max_hp_gain":0,"max_hp_loss":0,"event_name":"Lab","floor":10,"gold_loss":0},{"damage_healed":0,"gold_gain":0,"player_choice":"Fought Bandits","damage_taken":0,"max_hp_gain":0,"max_hp_loss":0,"event_name":"Masked Bandits","floor":20,"gold_loss":0}],"is_beta":false,"boss_relics":[{"not_picked":["Astrolabe","Fusion Hammer"],"picked":"Philosopher\u0027s Stone"}],"items_purged_floors":[5],"is_endless":false,"potions_floor_spawned":[1,6,16,18],"killed_by":"Masked Bandits","ascension_level":16}