{"gold_per_floor":[113,124,124,140,12,12,26,26,26,51,82,82,82,101,101,232,232,252,271,10,10,10,43,43,168,195,535,535,574,587,587],"floor_reached":31,"playtime":2219,"items_purged":["Injury"],"score":337,"play_id":"7ddb6554-2a92-4f18-ac4e-1dda9212609b","local_time":"20180826160822","is_ascension_mode":true,"campfire_choices":[{"data":"Go for the Eyes","floor":6,"key":"SMITH"},{"data":"Sweeping Beam","floor":8,"key":"SMITH"},{"data":"Streamline","floor":13,"key":"SMITH"},{"data":"Zap","floor":15,"key":"SMITH"},{"floor":24,"key":"REST"},{"floor":28,"key":"REST"}],"neow_cost":"NONE","seed_source_timestamp":396470957270461,"circlet_count":0,"master_deck":["Strike_B","Strike_B","Strike_B","Defend_B","Defend_B","Defend_B","Zap+1","Dualcast","Streamline+1","BootSequence","Sweeping Beam+1","Go for the Eyes+1","Leap","Ball Lightning","Double Energy","Hyperbeam","Decay","FTL+1","Consume+1","Sweeping Beam","Parasite","Steam+1","Streamline+1"],"relics":["Cursed Key","Golden Idol","Ornamental Fan","Singing Bowl","Astrolabe","Shuriken","Nilry\u0027s Codex","Shovel","Matryoshka","Cables","Bronze Scales","Old Coin","Torii"],"potions_floor_usage":[16,16,18,25,25,29,31],"damage_taken":[{"damage":0,"enemies":"Small Slimes","floor":1,"turns":2},{"damage":0,"enemies":"Cultist","floor":2,"turns":3},{"damage":2,"enemies":"Jaw Worm","floor":4,"turns":2},{"damage":0,"enemies":"Exordium Wildlife","floor":7,"turns":2},{"damage":18,"enemies":"Large Slime","floor":10,"turns":5},{"damage":12,"enemies":"3 Sentries","floor":11,"turns":8},{"damage":5,"enemies":"2 Fungi Beasts","floor":14,"turns":3},{"damage":1,"enemies":"Hexaghost","floor":16,"turns":8},{"damage":0,"enemies":"Chosen","floor":18,"turns":5},{"damage":0,"enemies":"Spheric Guardian","floor":19,"turns":3},{"damage":7,"enemies":"Gremlin Leader","floor":23,"turns":6},{"damage":12,"enemies":"Colosseum Slavers","floor":25,"turns":3},{"damage":6,"enemies":"Colosseum Nobs","floor":25,"turns":3},{"damage":35,"enemies":"Slavers","floor":27,"turns":4},{"damage":22,"enemies":"Gremlin Leader","floor":29,"turns":6},{"damage":23,"enemies":"Snake Plant","floor":30,"turns":4},{"damage":11,"enemies":"Snecko","floor":31,"turns":3}],"seed_played":"3568467381969360667","potions_obtained":[{"floor":2,"key":"EssenceOfSteel"},{"floor":7,"key":"Block Potion"},{"floor":10,"key":"Poison Potion"},{"floor":11,"key":"LiquidBronze"},{"floor":16,"key":"Strength Potion"},{"floor":18,"key":"GamblersBrew"},{"floor":23,"key":"Energy Potion"},{"floor":25,"key":"FocusPotion"},{"floor":30,"key":"Swift Potion"}],"is_trial":false,"path_per_floor":["M","M","?","M","$","R","M","R","T","M","E","$","R","M","R","B",null,"M","M","$","?","?","E","R","?","T","E","R","E","M"],"character_chosen":"DEFECT","items_purchased":["Go for the Eyes","Shuriken"],"campfire_rested":2,"item_purchase_floors":[5,20],"current_hp_per_floor":[75,75,75,73,73,73,73,73,73,55,43,43,43,38,38,37,75,75,77,77,61,54,49,72,56,56,21,45,25,2,0],"gold":587,"neow_bonus":"BOSS_RELIC","is_prod":false,"is_daily":false,"chose_seed":false,"campfire_upgraded":4,"win_rate":0,"timestamp":1535317702,"path_taken":["M","M","?","M","$","R","M","R","T","M","E","?","R","M","R","BOSS","M","M","$","?","?","E","R","?","T","E","R","E","M","M"],"build_version":"2018-08-23v2","purchased_purges":1,"victory":false,"max_hp_per_floor":[75,75,75,75,75,75,75,75,75,75,75,75,75,75,75,75,75,75,77,77,77,77,79,79,81,81,81,81,83,83,83],"card_choices":[{"not_picked":["Gash","Turbo"],"picked":"Streamline","floor":1},{"not_picked":["Turbo","Recycle"],"picked":"BootSequence","floor":2},{"not_picked":["BootSequence","Hologram"],"picked":"Sweeping Beam","floor":4},{"not_picked":["Reprogram","Stack","Redo"],"picked":"SKIP","floor":7},{"not_picked":["Recycle","Rebound"],"picked":"Leap","floor":10},{"not_picked":["Biased Cognition","Amplify"],"picked":"Ball Lightning","floor":11},{"not_picked":["Compile Driver","Rebound"],"picked":"Double Energy","floor":14},{"not_picked":["Amplify","Meteor Strike"],"picked":"Hyperbeam","floor":16},{"not_picked":["Conserve Battery","Ball Lightning+1"],"picked":"Sweeping Beam","floor":18},{"not_picked":["Storm+1","Redo","Conserve Battery"],"picked":"Singing Bowl","floor":19},{"not_picked":["Stack","Turbo+1","Steam Power"],"picked":"Singing Bowl","floor":23},{"not_picked":["Go for the Eyes","Glacier","Fusion"],"picked":"Singing Bowl","floor":25},{"not_picked":["Fusion","Meteor Strike"],"picked":"Steam+1","floor":27},{"not_picked":["Thunder Strike","Hologram","Gash"],"picked":"Singing Bowl","floor":29},{"not_picked":["Fusion","Blizzard"],"picked":"Streamline+1","floor":30}],"player_experience":230776,"relics_obtained":[{"floor":9,"key":"Ornamental Fan"},{"floor":11,"key":"Singing Bowl"},{"floor":21,"key":"Nilry\u0027s Codex"},{"floor":25,"key":"Shovel"},{"floor":25,"key":"Matryoshka"},{"floor":26,"key":"Cables"},{"floor":26,"key":"Bronze Scales"},{"floor":27,"key":"Old Coin"},{"floor":29,"key":"Torii"}],"event_choices":[{"event_name":"Golden Idol","player_choice":"Take Wound","floor":3,"damage_taken":0},{"event_name":"Cursed Tome","player_choice":"Obtained Book","floor":21,"damage_taken":0},{"event_name":"Wheel of Change","player_choice":"Damage","floor":22,"damage_taken":0},{"event_name":"Colosseum","player_choice":"Fight","floor":25,"damage_taken":0},{"event_name":"Colosseum","player_choice":"Fought Nobs","floor":25,"damage_taken":0}],"is_beta":false,"boss_relics":[{"not_picked":["Busted Crown","Runic Pyramid"],"picked":"Astrolabe"}],"items_purged_floors":[5],"is_endless":false,"potions_floor_spawned":[2,7,10,11,16,18,23,25,30],"killed_by":"Snecko","ascension_level":3}