{"gold_per_floor":[367,132,146,146,46,77,77,88,142,142,142,173,173,185,185,257,257,277,277,35,45,59,59,76,76,123,123,34,46,46,60,60,60],"floor_reached":33,"playtime":1000,"items_purged":["Clumsy","Strike_G"],"score":472,"play_id":"89877839-b3e4-4f87-af9d-3d90416a0c1a","local_time":"20190204014850","is_ascension_mode":true,"campfire_choices":[{"data":"Footwork","floor":7,"key":"SMITH"},{"floor":11,"key":"REST"},{"data":"Crippling Poison","floor":15,"key":"SMITH"},{"floor":23,"key":"REST"},{"data":"Noxious Fumes","floor":25,"key":"SMITH"},{"data":"Neutralize","floor":27,"key":"SMITH"},{"floor":32,"key":"REST"}],"neow_cost":"CURSE","seed_source_timestamp":20309622668300,"circlet_count":0,"master_deck":["AscendersBane","Defend_G","Defend_G","Defend_G","Defend_G","Defend_G","Strike_G","Strike_G+1","Strike_G+1","Strike_G","Survivor","Neutralize+1","Footwork+1","Glass Knife+1","PiercingWail","Dagger Spray","Backstab","Crippling Poison+1","Corpse Explosion","Poisoned Stab+1","Noxious Fumes+1","Leg Sweep+1","Terror","Well Laid Plans","Backflip+1"],"relics":["Ring of the Snake","Strawberry","Regal Pillow","Ginger","Gremlin Horn","Runic Pyramid","Vajra","Anchor","Darkstone Periapt"],"potions_floor_usage":[16,29,33],"damage_taken":[{"damage":4,"enemies":"Cultist","floor":1,"turns":5},{"damage":0,"enemies":"2 Louse","floor":3,"turns":4},{"damage":22,"enemies":"Gremlin Nob","floor":6,"turns":5},{"damage":1,"enemies":"Jaw Worm","floor":8,"turns":3},{"damage":12,"enemies":"3 Sentries","floor":12,"turns":7},{"damage":3,"enemies":"Red Slaver","floor":14,"turns":3},{"damage":12,"enemies":"The Guardian","floor":16,"turns":13},{"damage":21,"enemies":"Spheric Guardian","floor":18,"turns":7},{"damage":13,"enemies":"Chosen","floor":21,"turns":6},{"damage":19,"enemies":"Snake Plant","floor":22,"turns":4},{"damage":0,"enemies":"Cultist and Chosen","floor":24,"turns":5},{"damage":18,"enemies":"Chosen and Byrds","floor":29,"turns":5},{"damage":8,"enemies":"Sentry and Sphere","floor":31,"turns":7},{"damage":59,"enemies":"Champ","floor":33,"turns":13}],"seed_played":"-5000204610770522931","potions_obtained":[{"floor":1,"key":"LiquidBronze"},{"floor":12,"key":"Block Potion"},{"floor":19,"key":"SmokeBomb"},{"floor":21,"key":"Explosive Potion"},{"floor":31,"key":"Explosive Potion"}],"is_trial":false,"path_per_floor":["M","$","M","?","$","E","R","M","T","?","R","E","T","M","R","B",null,"M","?","$","M","M","R","M","R","T","R","$","M","?","M","R","B"],"character_chosen":"THE_SILENT","items_purchased":["Footwork","Glass Knife","Noxious Fumes","Vajra","Well Laid Plans"],"campfire_rested":3,"item_purchase_floors":[2,2,20,20,28],"current_hp_per_floor":[55,55,55,55,55,40,40,39,39,17,53,41,41,38,38,26,61,40,40,40,27,8,44,44,44,44,44,44,26,26,18,54,0],"gold":60,"neow_bonus":"TWO_FIFTY_GOLD","is_prod":false,"is_daily":false,"chose_seed":false,"campfire_upgraded":4,"win_rate":0,"timestamp":1549237730,"path_taken":["M","$","M","?","$","E","R","M","T","?","R","E","?","?","R","BOSS","M","?","$","M","M","R","M","R","T","R","$","?","?","?","R","BOSS"],"build_version":"2019-01-23","purchased_purges":2,"victory":false,"max_hp_per_floor":[66,66,66,66,66,73,73,73,73,73,73,73,73,73,73,73,73,73,73,73,73,73,73,73,73,73,73,73,73,73,73,73,73],"card_choices":[{"not_picked":["Acrobatics","Calculated Gamble","Accuracy"],"picked":"SKIP","floor":1},{"not_picked":["Bane","Acrobatics"],"picked":"PiercingWail","floor":3},{"not_picked":["Deflect","Concentrate"],"picked":"Dagger Spray","floor":6},{"not_picked":["Quick Slash","Flying Knee"],"picked":"Backstab","floor":8},{"not_picked":["Outmaneuver","Slice"],"picked":"Crippling Poison","floor":12},{"not_picked":["Reflex","Tools of the Trade","Sucker Punch"],"picked":"SKIP","floor":14},{"not_picked":["A Thousand Cuts","Bullet Time"],"picked":"Corpse Explosion","floor":16},{"not_picked":["Dagger Spray+1","Blade Dance"],"picked":"Poisoned Stab+1","floor":18},{"not_picked":["Masterful Stab","Acrobatics"],"picked":"Leg Sweep+1","floor":21},{"not_picked":["Sucker Punch","Dodge and Roll","Dagger Throw"],"picked":"SKIP","floor":22},{"not_picked":["Quick Slash","Masterful Stab"],"picked":"Terror","floor":24},{"not_picked":["Outmaneuver","Finisher"],"picked":"Backflip+1","floor":29},{"not_picked":["Slice","Poisoned Stab","Blade Dance"],"picked":"SKIP","floor":31}],"player_experience":599927,"relics_obtained":[{"floor":6,"key":"Strawberry"},{"floor":9,"key":"Regal Pillow"},{"floor":12,"key":"Ginger"},{"floor":13,"key":"Gremlin Horn"},{"floor":26,"key":"Anchor"}],"event_choices":[{"damage_healed":0,"gold_gain":0,"player_choice":"Grow","damage_taken":0,"max_hp_gain":0,"max_hp_loss":0,"event_name":"Living Wall","floor":4,"gold_loss":0,"cards_upgraded":["Glass Knife"]},{"damage_healed":0,"gold_gain":0,"player_choice":"Entered Light","damage_taken":22,"max_hp_gain":0,"max_hp_loss":0,"event_name":"Shining Light","floor":10,"gold_loss":0,"cards_upgraded":["Strike_G","Strike_G"]},{"damage_healed":0,"gold_gain":0,"player_choice":"Got Potions","damage_taken":0,"max_hp_gain":0,"max_hp_loss":0,"event_name":"Lab","floor":19,"gold_loss":0},{"damage_healed":0,"gold_gain":0,"player_choice":"Gave Potion","damage_taken":0,"relics_obtained":["Darkstone Periapt"],"max_hp_gain":0,"max_hp_loss":0,"event_name":"WeMeetAgain","floor":30,"gold_loss":0}],"is_beta":false,"boss_relics":[{"not_picked":["HoveringKite","Pandora\u0027s Box"],"picked":"Runic Pyramid"}],"items_purged_floors":[2,5],"is_endless":false,"potions_floor_spawned":[1,12,14,21,22,31],"killed_by":"Champ","ascension_level":17}