{"gold_per_floor":[113,113,113,73,3,31,31,31,55,73,84,84,100,25,25,128,128,103,3,21,21,34,34],"floor_reached":23,"playtime":741,"items_purged":["Strike_R","Strike_R"],"score":255,"play_id":"9b723819-2aec-4663-8c78-fa521725af28","local_time":"20181115012919","is_ascension_mode":true,"campfire_choices":[{"data":"Bash","floor":8,"key":"SMITH"},{"data":"Offering","floor":12,"key":"SMITH"},{"data":"True Grit","floor":15,"key":"SMITH"}],"neow_cost":"PERCENT_DAMAGE","seed_source_timestamp":23574869602347,"circlet_count":0,"master_deck":["Defend_R","Defend_R","Defend_R","Defend_R","Bash+1","Offering+1","Dropkick","Metallicize","Flame Barrier","True Grit+1","Reaper","Pommel Strike+1","Dual Wield","Thunderclap"],"relics":["Burning Blood","Self Forming Clay","Art of War","Potion Belt","Empty Cage"],"potions_floor_usage":[6,6,6,6,6,6,11,16,18,23],"damage_taken":[{"damage":1,"enemies":"Cultist","floor":1,"turns":3},{"damage":22,"enemies":"3 Sentries","floor":6,"turns":9},{"damage":6,"enemies":"2 Louse","floor":10,"turns":3},{"damage":10,"enemies":"Jaw Worm","floor":11,"turns":4},{"damage":6,"enemies":"Looter","floor":13,"turns":3},{"damage":40,"enemies":"The Guardian","floor":16,"turns":15},{"damage":20,"enemies":"2 Thieves","floor":18,"turns":5},{"damage":0,"enemies":"3 Byrds","floor":20,"turns":3},{"damage":39,"enemies":"Snake Plant","floor":22,"turns":6},{"damage":73,"enemies":"Gremlin Leader","floor":23,"turns":7}],"seed_played":"3607030191757846152","potions_obtained":[{"floor":4,"key":"Dexterity Potion"},{"floor":4,"key":"EntropicBrew"},{"floor":4,"key":"LiquidBronze"},{"floor":6,"key":"SkillPotion"},{"floor":13,"key":"Energy Potion"},{"floor":16,"key":"Regen Potion"},{"floor":18,"key":"Dexterity Potion"}],"is_trial":false,"path_per_floor":["M","?","?","?","$","E","$","R","T","M","M","R","M","$","R","B",null,"M","$","M","?","M","E"],"character_chosen":"IRONCLAD","items_purchased":["Metallicize"],"campfire_rested":0,"item_purchase_floors":[5],"current_hp_per_floor":[56,53,53,53,53,53,53,53,53,53,49,49,49,49,49,15,64,75,75,80,80,47,0],"gold":34,"neow_bonus":"THREE_RARE_CARDS","is_prod":false,"is_daily":false,"chose_seed":false,"campfire_upgraded":3,"win_rate":0,"timestamp":1542245359,"path_taken":["M","?","?","?","$","E","$","R","T","M","M","R","M","$","R","BOSS","M","$","?","?","M","E"],"build_version":"2018-11-08","purchased_purges":2,"victory":false,"max_hp_per_floor":[80,80,80,80,80,80,80,80,80,80,80,80,80,80,80,80,80,80,80,80,80,80,80],"card_choices":[{"not_picked":["Exhume","Juggernaut"],"picked":"Offering","floor":0},{"not_picked":["Iron Wave","Carnage"],"picked":"Dropkick","floor":1},{"not_picked":["Inflame","Shrug It Off"],"picked":"Flame Barrier","floor":6},{"not_picked":["Iron Wave","Carnage","Body Slam"],"picked":"SKIP","floor":10},{"not_picked":["Sword Boomerang","Anger","Whirlwind"],"picked":"SKIP","floor":11},{"not_picked":["Whirlwind","Second Wind"],"picked":"True Grit","floor":13},{"not_picked":["Impervious","Bludgeon"],"picked":"Reaper","floor":16},{"not_picked":["Flex+1","Shrug It Off+1"],"picked":"Pommel Strike+1","floor":18},{"not_picked":["Anger","Perfected Strike"],"picked":"Dual Wield","floor":20},{"not_picked":["Fire Breathing+1","Hemokinesis"],"picked":"Thunderclap","floor":22}],"player_experience":167253,"relics_obtained":[{"floor":6,"key":"Art of War"},{"floor":9,"key":"Potion Belt"}],"event_choices":[{"damage_healed":0,"gold_gain":0,"player_choice":"Success","damage_taken":3,"relics_obtained":["Self Forming Clay"],"max_hp_gain":0,"max_hp_loss":0,"event_name":"Scrap Ooze","floor":2,"gold_loss":0},{"cards_removed":["Strike_R"],"damage_healed":0,"gold_gain":0,"player_choice":"Forget","damage_taken":0,"max_hp_gain":0,"max_hp_loss":0,"event_name":"Living Wall","floor":3,"gold_loss":0},{"damage_healed":0,"gold_gain":0,"player_choice":"Bought 3 Potions","damage_taken":0,"max_hp_gain":0,"max_hp_loss":0,"event_name":"The Woman in Blue","floor":4,"gold_loss":0},{"damage_healed":0,"gold_gain":0,"player_choice":"Ignored","damage_taken":0,"max_hp_gain":0,"max_hp_loss":0,"event_name":"Vampires","floor":21,"gold_loss":0}],"is_beta":false,"boss_relics":[{"not_picked":["Pandora\u0027s Box","Runic Pyramid"],"picked":"Empty Cage"}],"items_purged_floors":[14,19],"is_endless":false,"potions_floor_spawned":[6,13,16,18],"killed_by":"Gremlin Leader","ascension_level":7}