{"gold_per_floor":[15,25,25,25,42,77,2,2,28,28,43,77,77,77,77,177,177,195,95,95,195,209,209,222,253,253,267,267,267,267,287,287,389,389,402,417,56,73,73,73,73],"floor_reached":41,"playtime":1115,"items_purged":["Strike_R","Wild Strike","Anger+1"],"score":654,"play_id":"828c7718-151d-4320-bb8b-c713fc4720df","local_time":"20181123200055","is_ascension_mode":true,"campfire_choices":[{"data":"Anger","floor":8,"key":"SMITH"},{"data":"Flex","floor":10,"key":"SMITH"},{"floor":15,"key":"REST"},{"floor":23,"key":"REST"},{"data":"Disarm","floor":30,"key":"SMITH"},{"floor":32,"key":"REST"},{"data":"True Grit","floor":40,"key":"SMITH"}],"neow_cost":"NO_GOLD","seed_source_timestamp":6921625273734,"circlet_count":0,"master_deck":["AscendersBane","Pommel Strike+1","Flex+1","Cleave","Ghostly Armor","Pommel Strike","Offering","Disarm+1","Feel No Pain","Intimidate","Shrug It Off","Warcry+1","Shrug It Off+1","Flame Barrier","Clothesline","Offering","Feed","Body Slam+1","Metallicize+1","Intimidate+1","Blind","True Grit+1","The Bomb","Flame Barrier+1"],"relics":["Burning Blood","Regal Pillow","Letter Opener","Anchor","Red Skull","Bird Faced Urn","The Courier","Ancient Tea Set","Pear","Nloth\u0027s Gift","Astrolabe"],"potions_floor_usage":[6,21,38],"damage_taken":[{"damage":0,"enemies":"2 Louse","floor":1,"turns":4},{"damage":0,"enemies":"Small Slimes","floor":2,"turns":3},{"damage":0,"enemies":"Cultist","floor":5,"turns":2},{"damage":18,"enemies":"Gremlin Nob","floor":6,"turns":3},{"damage":0,"enemies":"Blue Slaver","floor":11,"turns":3},{"damage":40,"enemies":"Lagavulin","floor":12,"turns":5},{"damage":38,"enemies":"The Guardian","floor":16,"turns":8},{"damage":6,"enemies":"Spheric Guardian","floor":18,"turns":3},{"damage":28,"enemies":"Colosseum Slavers","floor":21,"turns":4},{"damage":43,"enemies":"Colosseum Nobs","floor":21,"turns":4},{"damage":6,"enemies":"Chosen","floor":22,"turns":2},{"damage":14,"enemies":"Centurion and Healer","floor":24,"turns":4},{"damage":30,"enemies":"Book of Stabbing","floor":25,"turns":5},{"damage":13,"enemies":"Snecko","floor":27,"turns":4},{"damage":12,"enemies":"Chosen and Byrds","floor":31,"turns":4},{"damage":79,"enemies":"Champ","floor":33,"turns":11},{"damage":12,"enemies":"3 Shapes","floor":35,"turns":3},{"damage":12,"enemies":"Orb Walker","floor":36,"turns":3},{"damage":12,"enemies":"Sphere and 2 Shapes","floor":38,"turns":7},{"damage":16,"enemies":"Giant Head","floor":41,"turns":6}],"seed_played":"-730566429118705960","potions_obtained":[{"floor":1,"key":"AttackPotion"},{"floor":5,"key":"Dexterity Potion"},{"floor":12,"key":"PowerPotion"},{"floor":22,"key":"Ancient Potion"},{"floor":24,"key":"EssenceOfSteel"},{"floor":25,"key":"BloodPotion"}],"is_trial":false,"path_per_floor":["M","M","?","?","M","E","$","R","T","R","M","E","?","?","R","B",null,"M","$","?","?","M","R","M","E","T","M","?","?","R","M","R","B",null,"M","M","$","M","?","R","E"],"character_chosen":"IRONCLAD","items_purchased":["Blind","True Grit","The Bomb"],"campfire_rested":3,"item_purchase_floors":[37,37,37],"current_hp_per_floor":[78,80,85,82,85,73,73,73,73,73,79,45,28,21,61,29,71,71,71,71,12,14,54,50,28,38,35,35,35,35,33,76,7,73,71,72,72,79,79,79,67],"gold":73,"neow_bonus":"TRANSFORM_TWO_CARDS","is_prod":false,"is_daily":false,"chose_seed":false,"campfire_upgraded":4,"win_rate":0,"timestamp":1543003255,"path_taken":["M","M","?","?","M","E","$","R","T","R","M","E","?","?","R","BOSS","M","$","?","?","M","R","M","E","T","M","?","?","R","?","R","BOSS","M","M","$","M","?","R","E"],"build_version":"2018-11-15","purchased_purges":3,"victory":false,"max_hp_per_floor":[80,80,85,85,85,85,85,85,85,85,85,85,85,85,85,85,85,85,85,85,85,85,85,85,85,95,95,95,95,95,95,95,95,95,95,98,98,98,98,98,98],"card_choices":[{"not_picked":["Infernal Blade","Headbutt"],"picked":"Pommel Strike","floor":1},{"not_picked":["Warcry","Armaments"],"picked":"Flex","floor":2},{"not_picked":["Evolve","Intimidate"],"picked":"Anger","floor":5},{"not_picked":["Carnage","Evolve"],"picked":"Cleave","floor":6},{"not_picked":["Rampage","Perfected Strike"],"picked":"Ghostly Armor","floor":11},{"not_picked":["Berserk","Sever Soul"],"picked":"Pommel Strike","floor":12},{"not_picked":["Juggernaut","Barricade"],"picked":"Offering","floor":16},{"not_picked":["Dual Wield+1","Iron Wave"],"picked":"Shrug It Off","floor":18},{"not_picked":["Sever Soul","Cleave+1"],"picked":"Warcry+1","floor":21},{"not_picked":["Flex","Entrench","Evolve"],"picked":"SKIP","floor":22},{"not_picked":["Flex","Bloodletting+1"],"picked":"Shrug It Off+1","floor":24},{"not_picked":["Seeing Red","Havoc+1"],"picked":"Flame Barrier","floor":25},{"not_picked":["Sentinel+1","Shrug It Off"],"picked":"Clothesline","floor":27},{"not_picked":["Clothesline","Immolate","Headbutt+1"],"picked":"SKIP","floor":31},{"not_picked":["Immolate","Juggernaut"],"picked":"Feed","floor":33},{"not_picked":["Berserk","Seeing Red+1","Heavy Blade"],"picked":"SKIP","floor":35},{"not_picked":["Blood for Blood+1","Entrench","Flex"],"picked":"SKIP","floor":36},{"not_picked":["Combust","Armaments"],"picked":"Flame Barrier+1","floor":38}],"player_experience":202466,"relics_obtained":[{"floor":6,"key":"Letter Opener"},{"floor":9,"key":"Anchor"},{"floor":12,"key":"Red Skull"},{"floor":21,"key":"Bird Faced Urn"},{"floor":21,"key":"The Courier"},{"floor":25,"key":"Ancient Tea Set"},{"floor":26,"key":"Pear"}],"event_choices":[{"damage_healed":0,"gold_gain":0,"player_choice":"Donut","damage_taken":0,"max_hp_gain":5,"max_hp_loss":0,"event_name":"Big Fish","floor":3,"gold_loss":0},{"damage_healed":0,"gold_gain":0,"player_choice":"Success","damage_taken":3,"relics_obtained":["Regal Pillow"],"max_hp_gain":0,"max_hp_loss":0,"event_name":"Scrap Ooze","floor":4,"gold_loss":0},{"damage_healed":0,"gold_gain":0,"player_choice":"Entered Light","damage_taken":17,"max_hp_gain":0,"max_hp_loss":0,"event_name":"Shining Light","floor":13,"gold_loss":0,"cards_upgraded":["Twin Strike","Pommel Strike"]},{"cards_removed":["Strike_R"],"damage_healed":0,"gold_gain":0,"player_choice":"Card Removal","damage_taken":7,"max_hp_gain":0,"max_hp_loss":0,"event_name":"Golden Wing","floor":14,"gold_loss":0},{"damage_healed":0,"gold_gain":0,"player_choice":"Ignored","damage_taken":0,"max_hp_gain":0,"max_hp_loss":0,"event_name":"Vampires","floor":20,"gold_loss":0},{"damage_healed":0,"gold_gain":0,"player_choice":"Fight","damage_taken":0,"max_hp_gain":0,"max_hp_loss":0,"event_name":"Colosseum","floor":21,"gold_loss":0},{"damage_healed":0,"gold_gain":0,"player_choice":"Fought Nobs","damage_taken":0,"max_hp_gain":0,"max_hp_loss":0,"event_name":"Colosseum","floor":21,"gold_loss":0},{"damage_healed":0,"gold_gain":0,"player_choice":"Read","damage_taken":0,"max_hp_gain":0,"max_hp_loss":0,"event_name":"The Library","floor":28,"gold_loss":0,"cards_obtained":["Offering"]},{"damage_healed":0,"gold_gain":0,"player_choice":"Traded Relic","damage_taken":0,"relics_obtained":["Nloth\u0027s Gift"],"max_hp_gain":0,"max_hp_loss":0,"event_name":"N\u0027loth","floor":29,"relics_lost":["Pandora\u0027s Box"],"gold_loss":0},{"cards_removed":["Twin Strike"],"damage_healed":0,"gold_gain":0,"player_choice":"Removed Attack","damage_taken":0,"max_hp_gain":0,"max_hp_loss":0,"event_name":"Falling","floor":39,"gold_loss":0}],"is_beta":false,"boss_relics":[{"not_picked":["Ectoplasm","Orrery"],"picked":"Pandora\u0027s Box"},{"not_picked":["White Beast Statue","Runic Dome"],"picked":"Astrolabe"}],"items_purged_floors":[7,19,37],"is_endless":false,"potions_floor_spawned":[1,5,12,21,22,24,25,31,35,36],"killed_by":"Giant Head","ascension_level":10}