{"gold_per_floor":[114,166,186,198,51,51,81,81,111,111,111,127,153,228,228,327,327,310,326,338,351,351,351,369,369,392,72,87,120,120,139,139,238,238,250,266,89,99,115,142,142,17,17,17,28,47,47,47,47,47],"floor_reached":51,"playtime":4937,"items_purged":["Defend_R","Defend_R","Defend_R"],"score":758,"play_id":"f2545c8b-3ef9-459b-a2c3-445ae7e85311","local_time":"20190131122056","is_ascension_mode":true,"campfire_choices":[{"data":"Bash","floor":6,"key":"SMITH"},{"data":"Flame Barrier","floor":8,"key":"SMITH"},{"data":"Clothesline","floor":10,"key":"SMITH"},{"data":"Uppercut","floor":15,"key":"SMITH"},{"data":"Berserk","floor":23,"key":"SMITH"},{"data":"True Grit","floor":30,"key":"SMITH"},{"floor":32,"key":"REST"},{"floor":41,"key":"REST"},{"data":"Inflame","floor":44,"key":"SMITH"},{"data":"Whirlwind","floor":47,"key":"SMITH"},{"data":"Panacea","floor":49,"key":"SMITH"}],"neow_cost":"NONE","seed_source_timestamp":214933946830700,"circlet_count":0,"master_deck":["Strike_R","Strike_R","Strike_R","Strike_R","Strike_R","Bash+1","Clothesline+1","Shrug It Off","True Grit+1","Flame Barrier+1","Cleave","Uppercut+1","Limit Break","Flex","Berserk+1","Necronomicurse","Warcry+1","Panacea+1","Anger","Wild Strike+1","Immolate","Armaments","Power Through","Whirlwind+1","Disarm","Disarm","Inflame+1","Spot Weakness"],"relics":["Burning Blood","Orichalcum","Meat on the Bone","Tiny Chest","Bag of Preparation","Black Star","Necronomicon","Potion Belt","Red Skull","Bag of Marbles","Sundial","Anchor","Snecko Eye","Turnip","Smiling Mask","Omamori"],"potions_floor_usage":[16,20,21,33,40,50,50,50],"damage_taken":[{"damage":6,"enemies":"Cultist","floor":1,"turns":4},{"damage":0,"enemies":"Small Slimes","floor":3,"turns":3},{"damage":0,"enemies":"2 Louse","floor":4,"turns":2},{"damage":22,"enemies":"Gremlin Nob","floor":7,"turns":5},{"damage":0,"enemies":"2 Fungi Beasts","floor":12,"turns":4},{"damage":22,"enemies":"3 Sentries","floor":13,"turns":9},{"damage":17,"enemies":"The Guardian","floor":16,"turns":13},{"damage":16,"enemies":"2 Thieves","floor":18,"turns":4},{"damage":0,"enemies":"3 Byrds","floor":19,"turns":3},{"damage":15,"enemies":"3 Cultists","floor":20,"turns":6},{"damage":6,"enemies":"Snecko","floor":21,"turns":4},{"damage":16,"enemies":"Snake Plant","floor":24,"turns":4},{"damage":5,"enemies":"Sentry and Sphere","floor":28,"turns":3},{"damage":29,"enemies":"Slavers","floor":29,"turns":5},{"damage":4,"enemies":"Centurion and Healer","floor":31,"turns":5},{"damage":42,"enemies":"Automaton","floor":33,"turns":8},{"damage":4,"enemies":"Orb Walker","floor":35,"turns":3},{"damage":15,"enemies":"3 Darklings","floor":36,"turns":4},{"damage":6,"enemies":"Maw","floor":38,"turns":6},{"damage":8,"enemies":"4 Shapes","floor":39,"turns":3},{"damage":49,"enemies":"Nemesis","floor":40,"turns":8},{"damage":0,"enemies":"Jaw Worm Horde","floor":45,"turns":1},{"damage":15,"enemies":"Maw","floor":46,"turns":5},{"damage":47,"enemies":"Awakened One","floor":50,"turns":8}],"seed_played":"-895816764335215311","potions_obtained":[{"floor":3,"key":"Dexterity Potion"},{"floor":7,"key":"Poison Potion"},{"floor":16,"key":"GamblersBrew"},{"floor":19,"key":"AttackPotion"},{"floor":20,"key":"GamblersBrew"},{"floor":21,"key":"GamblersBrew"},{"floor":31,"key":"LiquidBronze"},{"floor":40,"key":"Weak Potion"},{"floor":45,"key":"Poison Potion"}],"is_trial":false,"path_per_floor":["M","?","M","M","$","R","E","R","T","R","?","M","E","?","R","B",null,"M","M","M","M","?","R","M","?","T","$","M","E","R","M","R","B",null,"M","M","$","M","M","E","R","$","T","R","M","M","R","?","R","B",null],"character_chosen":"IRONCLAD","items_purchased":["Orichalcum","Bag of Marbles","Panacea","Whirlwind","Inflame"],"campfire_rested":2,"item_purchase_floors":[5,27,27,37,42],"current_hp_per_floor":[88,88,88,88,88,88,72,72,72,72,72,78,62,51,51,52,88,78,84,75,75,59,59,61,61,61,61,62,51,51,53,79,55,88,88,79,79,79,77,46,72,72,72,72,78,69,69,88,88,59],"gold":47,"neow_bonus":"TEN_PERCENT_HP_BONUS","is_prod":false,"is_daily":false,"chose_seed":false,"campfire_upgraded":9,"win_rate":0,"timestamp":1548955256,"path_taken":["M","?","M","M","$","R","E","R","T","R","?","?","E","?","R","BOSS","M","M","M","M","?","R","M","?","T","$","M","E","R","?","R","BOSS","M","?","$","M","M","E","R","$","T","R","M","M","R","?","R","BOSS"],"build_version":"2019-01-23","purchased_purges":3,"victory":true,"max_hp_per_floor":[88,88,88,88,88,88,88,88,88,88,88,88,88,88,88,88,88,88,88,88,88,88,88,88,88,88,88,88,88,88,88,88,88,88,88,88,88,88,88,88,88,88,88,88,88,88,88,88,88,88],"card_choices":[{"not_picked":["Disarm","Rage"],"picked":"Clothesline","floor":1},{"not_picked":["Bloodletting","Intimidate"],"picked":"Shrug It Off","floor":3},{"not_picked":["Havoc","Dropkick"],"picked":"True Grit","floor":4},{"not_picked":["Rampage","Body Slam"],"picked":"Flame Barrier","floor":7},{"not_picked":["Hemokinesis","Clothesline"],"picked":"Cleave","floor":12},{"not_picked":["Corruption","Shrug It Off"],"picked":"Uppercut","floor":13},{"not_picked":["Exhume","Reaper"],"picked":"Limit Break","floor":16},{"not_picked":["Twin Strike","Entrench+1","Thunderclap"],"picked":"SKIP","floor":18},{"not_picked":["Battle Trance+1","Shrug It Off"],"picked":"Flex","floor":19},{"not_picked":["Clothesline","Thunderclap","Dropkick"],"picked":"SKIP","floor":20},{"not_picked":["Cleave","Body Slam"],"picked":"Berserk","floor":21},{"not_picked":["Clothesline","Clash"],"picked":"Warcry+1","floor":24},{"not_picked":["Warcry","Reckless Charge"],"picked":"Anger","floor":28},{"not_picked":["Anger+1","Shockwave+1","Exhume"],"picked":"SKIP","floor":29},{"not_picked":["Iron Wave+1","Fire Breathing"],"picked":"Wild Strike+1","floor":31},{"not_picked":["Limit Break","Impervious"],"picked":"Immolate","floor":33},{"not_picked":["Sever Soul+1","Fire Breathing+1"],"picked":"Armaments","floor":35},{"not_picked":["Sword Boomerang","Fire Breathing"],"picked":"Power Through","floor":36},{"not_picked":["Headbutt","Heavy Blade","Dropkick"],"picked":"SKIP","floor":38},{"not_picked":["Shrug It Off","Power Through+1"],"picked":"Disarm","floor":39},{"not_picked":["Havoc","Shrug It Off"],"picked":"Disarm","floor":40},{"not_picked":["Cleave","Rupture+1","Warcry+1"],"picked":"SKIP","floor":45},{"not_picked":["Feel No Pain+1","Clothesline"],"picked":"Spot Weakness","floor":46}],"player_experience":73450,"relics_obtained":[{"floor":7,"key":"Meat on the Bone"},{"floor":9,"key":"Tiny Chest"},{"floor":13,"key":"Bag of Preparation"},{"floor":22,"key":"Necronomicon"},{"floor":26,"key":"Red Skull"},{"floor":29,"key":"Sundial"},{"floor":29,"key":"Anchor"},{"floor":40,"key":"Turnip"},{"floor":40,"key":"Smiling Mask"},{"floor":43,"key":"Omamori"}],"event_choices":[{"damage_healed":0,"gold_gain":52,"player_choice":"Gained Gold","damage_taken":0,"max_hp_gain":0,"max_hp_loss":0,"event_name":"Golden Wing","floor":2,"gold_loss":0},{"cards_removed":["Defend_R"],"damage_healed":0,"gold_gain":0,"player_choice":"Offered Basic","damage_taken":0,"max_hp_gain":0,"max_hp_loss":0,"event_name":"Bonfire Elementals","floor":11,"gold_loss":0},{"damage_healed":0,"gold_gain":75,"player_choice":"Gather Gold","damage_taken":11,"max_hp_gain":0,"max_hp_loss":0,"event_name":"World of Goop","floor":14,"gold_loss":0},{"damage_healed":0,"gold_gain":0,"player_choice":"Obtained Book","damage_taken":16,"max_hp_gain":0,"max_hp_loss":0,"event_name":"Cursed Tome","floor":22,"gold_loss":0},{"damage_healed":0,"gold_gain":0,"player_choice":"Gave Potion","damage_taken":0,"relics_obtained":["Potion Belt"],"max_hp_gain":0,"max_hp_loss":0,"event_name":"WeMeetAgain","floor":25,"gold_loss":0},{"damage_healed":22,"gold_gain":0,"player_choice":"Writhe","damage_taken":0,"max_hp_gain":0,"max_hp_loss":0,"event_name":"Winding Halls","floor":48,"gold_loss":0,"cards_obtained":["Writhe"]}],"is_beta":false,"boss_relics":[{"not_picked":["Black Blood","Fusion Hammer"],"picked":"Black Star"},{"not_picked":["Cursed Key","Orrery"],"picked":"Snecko Eye"}],"items_purged_floors":[27,37,42],"is_endless":false,"potions_floor_spawned":[3,7,16,19,20,21,31,40,45],"ascension_level":3}