{"gold_per_floor":[117,130,145,145,163,163,194,369,395,470,470,483,32,64,64,139,139,159,159,159,177,92,125,125,135,160,160,185,260,15,47,47,121,121,136,153,166,56,104,104,129,129,129,143,143,143,168,184,184,184],"floor_reached":51,"playtime":5083,"items_purged":["Defend_G"],"score":1386,"play_id":"3224a5a1-447c-4a4a-b2dc-b7e6e451a058","local_time":"20190125223755","is_ascension_mode":true,"campfire_choices":[{"data":"Well Laid Plans","floor":6,"key":"SMITH"},{"data":"Apotheosis","floor":15,"key":"SMITH"},{"floor":24,"key":"REST"},{"floor":27,"key":"REST"},{"floor":32,"key":"REST"},{"floor":40,"key":"REST"},{"floor":42,"key":"REST"},{"floor":46,"key":"RECALL"},{"floor":49,"key":"REST"}],"neow_cost":"TEN_PERCENT_HP_LOSS","seed_source_timestamp":273492294597657,"circlet_count":0,"master_deck":["AscendersBane","Defend_G","Defend_G","Defend_G+1","Defend_G","Strike_G","Survivor","Neutralize","PiercingWail","All Out Attack","Burst","Well Laid Plans+1","Calculated Gamble","Doubt","Slice","Apotheosis+1","Die Die Die","Blade Dance+1","Die Die Die","Dagger Throw","Acrobatics","Sucker Punch","Terror","Accuracy","Dodge and Roll+1","Blade Dance","All Out Attack","Endless Agony","Accuracy","Secret Technique","Caltrops","Wraith Form v2","Blade Dance","Footwork","Caltrops","Quick Slash","Poisoned Stab+1","Poisoned Stab","Night Terror","Footwork","Blur","Flechettes","Writhe","Acrobatics+1","Prepared+1","A Thousand Cuts"],"relics":["Ring of the Snake","Tough Bandages","Happy Flower","Dream Catcher","Lee\u0027s Waffle","Oddly Smooth Stone","Fusion Hammer","War Paint","Orichalcum","Strawberry","Paper Crane","Darkstone Periapt","Orrery","Calipers","Sundial","Bottled Lightning","Kunai"],"potions_floor_usage":[7,7,16,23,31,33,41,50],"damage_taken":[{"damage":4,"enemies":"Small Slimes","floor":1,"turns":5},{"damage":1,"enemies":"2 Louse","floor":2,"turns":4},{"damage":0,"enemies":"Cultist","floor":3,"turns":3},{"damage":0,"enemies":"Large Slime","floor":5,"turns":6},{"damage":11,"enemies":"Lagavulin","floor":7,"turns":8},{"damage":19,"enemies":"2 Fungi Beasts","floor":12,"turns":6},{"damage":41,"enemies":"3 Sentries","floor":14,"turns":8},{"damage":10,"enemies":"Hexaghost","floor":16,"turns":15},{"damage":0,"enemies":"Chosen","floor":18,"turns":5},{"damage":1,"enemies":"2 Thieves","floor":21,"turns":2},{"damage":22,"enemies":"Gremlin Leader","floor":23,"turns":8},{"damage":5,"enemies":"Centurion and Healer","floor":25,"turns":5},{"damage":9,"enemies":"Slavers","floor":28,"turns":4},{"damage":0,"enemies":"Gremlin Leader","floor":31,"turns":5},{"damage":38,"enemies":"Automaton","floor":33,"turns":9},{"damage":0,"enemies":"3 Shapes","floor":35,"turns":4},{"damage":0,"enemies":"Orb Walker","floor":36,"turns":4},{"damage":7,"enemies":"Transient","floor":37,"turns":5},{"damage":10,"enemies":"2 Orb Walkers","floor":39,"turns":6},{"damage":21,"enemies":"Reptomancer","floor":41,"turns":6},{"damage":26,"enemies":"Spire Growth","floor":44,"turns":4},{"damage":0,"enemies":"Giant Head","floor":47,"turns":8},{"damage":0,"enemies":"Jaw Worm Horde","floor":48,"turns":2},{"damage":50,"enemies":"Time Eater","floor":50,"turns":17}],"seed_played":"4581554391242365441","potions_obtained":[{"floor":1,"key":"Block Potion"},{"floor":3,"key":"PowerPotion"},{"floor":14,"key":"Weak Potion"},{"floor":16,"key":"Fruit Juice"},{"floor":28,"key":"GamblersBrew"},{"floor":31,"key":"Fire Potion"},{"floor":36,"key":"Block Potion"},{"floor":37,"key":"LiquidBronze"},{"floor":44,"key":"SteroidPotion"}],"is_trial":false,"path_per_floor":["M","M","M","?","M","R","E","?","T","?","?","M","$","E","R","B",null,"M","?","?","M","?","E","R","M","T","R","E","?","$","E","R","B",null,"M","M","M","$","?","R","E","R","T","M","?","R","E","M","R","B",null],"character_chosen":"THE_SILENT","items_purchased":["Lee\u0027s Waffle","Apotheosis","Die Die Die","Accuracy","Secret Technique","Footwork"],"campfire_rested":6,"item_purchase_floors":[13,13,13,30,30,38],"current_hp_per_floor":[55,54,54,47,47,47,36,36,36,25,25,6,67,26,26,21,59,59,59,59,58,58,36,57,52,59,79,70,63,63,63,79,41,70,70,70,63,63,53,76,55,78,78,52,78,78,78,78,85,35],"gold":184,"neow_bonus":"ONE_RARE_RELIC","is_prod":false,"is_daily":false,"chose_seed":false,"campfire_upgraded":2,"win_rate":0,"timestamp":1548477475,"path_taken":["M","M","M","?","M","R","E","?","T","?","?","M","$","E","R","BOSS","M","?","?","?","?","E","R","M","T","R","E","?","$","E","R","BOSS","M","?","M","$","?","R","E","R","T","M","?","R","E","M","R","BOSS"],"build_version":"2019-01-23","purchased_purges":1,"victory":true,"max_hp_per_floor":[60,60,60,60,60,60,60,60,60,60,60,60,67,67,67,72,72,72,72,72,72,72,72,72,72,79,79,79,79,79,79,79,79,79,79,79,79,79,79,79,79,79,79,79,85,85,85,85,85,85],"card_choices":[{"not_picked":["Finisher","Flying Knee"],"picked":"PiercingWail","floor":1},{"not_picked":["Deadly Poison","Flying Knee"],"picked":"All Out Attack","floor":2},{"not_picked":["Deflect","Quick Slash"],"picked":"Burst","floor":3},{"not_picked":["Backflip","Backstab"],"picked":"Well Laid Plans","floor":5},{"not_picked":["Poisoned Stab","Dagger Spray"],"picked":"Calculated Gamble","floor":7},{"not_picked":["Masterful Stab","Reflex"],"picked":"Slice","floor":12},{"not_picked":["Concentrate","Poisoned Stab"],"picked":"Blade Dance","floor":14},{"not_picked":["After Image","Tools of the Trade"],"picked":"Die Die Die","floor":16},{"not_picked":["Reflex","Endless Agony"],"picked":"Dagger Throw","floor":18},{"not_picked":["Dagger Throw","Bane"],"picked":"Terror","floor":21},{"not_picked":["Escape Plan","Bane+1"],"picked":"Accuracy","floor":23},{"not_picked":["Sucker Punch","Quick Slash"],"picked":"Dodge and Roll+1","floor":24},{"not_picked":["A Thousand Cuts","Poisoned Stab"],"picked":"Blade Dance","floor":25},{"not_picked":["Finisher","Deadly Poison"],"picked":"All Out Attack","floor":27},{"not_picked":["Expertise","Masterful Stab"],"picked":"Endless Agony","floor":28},{"not_picked":["Endless Agony","Masterful Stab+1","Bane"],"picked":"SKIP","floor":31},{"not_picked":["Underhanded Strike+1","Predator"],"picked":"Caltrops","floor":32},{"not_picked":["Unload","Phantasmal Killer"],"picked":"Wraith Form v2","floor":33},{"not_picked":["Quick Slash","Deflect"],"picked":"Blade Dance","floor":34},{"not_picked":["Sucker Punch","Acrobatics"],"picked":"Footwork","floor":34},{"not_picked":["Noxious Fumes","Deflect"],"picked":"Caltrops","floor":34},{"not_picked":["Deadly Poison","Deflect"],"picked":"Quick Slash","floor":34},{"not_picked":["Slice+1","Noxious Fumes"],"picked":"Poisoned Stab+1","floor":35},{"not_picked":["Sucker Punch","Bane+1"],"picked":"Poisoned Stab","floor":36},{"not_picked":["Caltrops+1","Flechettes"],"picked":"Night Terror","floor":37},{"not_picked":["Dagger Spray+1","Quick Slash+1","Skewer"],"picked":"SKIP","floor":41},{"not_picked":["Endless Agony+1","Slice"],"picked":"Blur","floor":42},{"not_picked":["Deflect","Blade Dance"],"picked":"Flechettes","floor":44},{"not_picked":["Cloak And Dagger","Deadly Poison"],"picked":"Acrobatics+1","floor":47},{"not_picked":["Escape Plan","Noxious Fumes"],"picked":"Prepared+1","floor":48},{"not_picked":["Terror","Backflip"],"picked":"A Thousand Cuts","floor":49}],"player_experience":565937,"relics_obtained":[{"floor":7,"key":"Happy Flower"},{"floor":9,"key":"Dream Catcher"},{"floor":14,"key":"Oddly Smooth Stone"},{"floor":23,"key":"Orichalcum"},{"floor":26,"key":"Strawberry"},{"floor":28,"key":"Paper Crane"},{"floor":31,"key":"Darkstone Periapt"},{"floor":39,"key":"Calipers"},{"floor":41,"key":"Sundial"},{"floor":43,"key":"Bottled Lightning"},{"floor":47,"key":"Kunai"}],"event_choices":[{"cards_removed":["Strike_G"],"damage_healed":0,"gold_gain":0,"player_choice":"Card Removal","damage_taken":7,"max_hp_gain":0,"max_hp_loss":0,"event_name":"Golden Wing","floor":4,"gold_loss":0},{"damage_healed":0,"gold_gain":175,"player_choice":"AGREE","damage_taken":0,"max_hp_gain":0,"max_hp_loss":0,"event_name":"Liars Game","floor":8,"gold_loss":0,"cards_obtained":["Doubt"]},{"damage_healed":0,"gold_gain":75,"player_choice":"Gather Gold","damage_taken":11,"max_hp_gain":0,"max_hp_loss":0,"event_name":"World of Goop","floor":10,"gold_loss":0},{"damage_healed":0,"gold_gain":0,"player_choice":"Ignored","damage_taken":0,"max_hp_gain":0,"max_hp_loss":0,"event_name":"Shining Light","floor":11,"gold_loss":0},{"damage_healed":0,"gold_gain":0,"cards_transformed":["Strike_G","Strike_G"],"player_choice":"Became Test Subject","damage_taken":0,"max_hp_gain":0,"max_hp_loss":0,"event_name":"Drug Dealer","floor":19,"gold_loss":0,"cards_obtained":["Acrobatics","Sucker Punch"]},{"cards_removed":["Strike_G"],"damage_healed":0,"gold_gain":0,"player_choice":"Purged","damage_taken":0,"max_hp_gain":0,"max_hp_loss":0,"event_name":"Purifier","floor":20,"gold_loss":0},{"damage_healed":0,"gold_gain":0,"player_choice":"Obtained Relic","damage_taken":0,"relics_obtained":["War Paint"],"max_hp_gain":0,"max_hp_loss":0,"event_name":"Addict","floor":22,"gold_loss":85},{"damage_healed":0,"gold_gain":75,"player_choice":"Touch","damage_taken":7,"max_hp_gain":0,"max_hp_loss":0,"event_name":"FaceTrader","floor":29,"gold_loss":0},{"damage_healed":0,"gold_gain":0,"player_choice":"Fight","damage_taken":0,"max_hp_gain":0,"max_hp_loss":0,"event_name":"Mysterious Sphere","floor":39,"gold_loss":0},{"damage_healed":20,"gold_gain":0,"player_choice":"Writhe","damage_taken":0,"max_hp_gain":0,"max_hp_loss":0,"event_name":"Winding Halls","floor":45,"gold_loss":0,"cards_obtained":["Writhe"]}],"is_beta":false,"boss_relics":[{"not_picked":["Snecko Eye","Philosopher\u0027s Stone"],"picked":"Fusion Hammer"},{"not_picked":["Eternal Feather","Tiny House"],"picked":"Orrery"}],"items_purged_floors":[38],"is_endless":false,"potions_floor_spawned":[1,3,14,16,28,31,36,37,44,48],"ascension_level":14}