{"gold_per_floor":[115,115,129,129,141,174,174,206,206,206,226,266,5,19,19,143,143,162,175,200,200,115,115,158,158,181,181,33,66,86,86,86,217,217,240,240,256,256,275,275,288,288,314,339,372,388,388,388,388,388,388,388,11,52,52],"floor_reached":55,"playtime":4982,"items_purged":["Strike_B"],"score":1283,"play_id":"d88d7273-c769-4f99-8b8b-83c4f3122867","local_time":"20190129182524","is_ascension_mode":true,"campfire_choices":[{"data":"Go for the Eyes","floor":7,"key":"SMITH"},{"data":"Sunder","floor":15,"key":"SMITH"},{"data":"Sweeping Beam","floor":23,"key":"SMITH"},{"data":"Seek","floor":25,"key":"SMITH"},{"data":"Lockon","floor":27,"key":"SMITH"},{"data":"Skim","floor":32,"key":"SMITH"},{"data":"Thunder Strike","floor":40,"key":"SMITH"},{"floor":42,"key":"RECALL"},{"floor":47,"key":"REST"},{"data":"Biased Cognition","floor":49,"key":"SMITH"},{"floor":52,"key":"REST"}],"neow_cost":"NONE","seed_source_timestamp":604045039392657,"circlet_count":0,"master_deck":["AscendersBane","Zap","Dualcast","Go for the Eyes+1","Conserve Battery","Beam Cell","Biased Cognition+1","Tempest","Lockon+1","Sunder+1","BootSequence","Meteor Strike","Go for the Eyes","Steam+1","Double Energy+1","Sweeping Beam+1","Skim+1","Seek+1","Thunder Strike+1","Reinforced Body","Stack","Seek+1","Static Discharge","Seek","Reinforced Body","Loop","Skim+1","Secret Technique","Conserve Battery+1","Go for the Eyes+1","Fusion","Recycle"],"relics":["Cracked Core","Ice Cream","FossilizedHelix","Gambling Chip","Golden Idol","Prayer Wheel","Ancient Tea Set","Nuclear Battery","Lantern","Letter Opener","Art of War","Potion Belt","Omamori","Pandora\u0027s Box","Turnip","Lee\u0027s Waffle","Happy Flower"],"potions_floor_usage":[12,45,45,45,50,55,55,55,55,55],"damage_taken":[{"damage":2,"enemies":"Jaw Worm","floor":1,"turns":3},{"damage":3,"enemies":"2 Louse","floor":3,"turns":3},{"damage":0,"enemies":"Cultist","floor":5,"turns":3},{"damage":18,"enemies":"Lagavulin","floor":6,"turns":7},{"damage":31,"enemies":"Gremlin Nob","floor":8,"turns":4},{"damage":0,"enemies":"Red Slaver","floor":11,"turns":3},{"damage":5,"enemies":"3 Sentries","floor":12,"turns":6},{"damage":0,"enemies":"Large Slime","floor":14,"turns":3},{"damage":0,"enemies":"Slime Boss","floor":16,"turns":4},{"damage":12,"enemies":"2 Thieves","floor":18,"turns":3},{"damage":0,"enemies":"Spheric Guardian","floor":19,"turns":3},{"damage":0,"enemies":"Cultist and Chosen","floor":20,"turns":3},{"damage":0,"enemies":"Gremlin Leader","floor":24,"turns":3},{"damage":0,"enemies":"Slavers","floor":29,"turns":3},{"damage":12,"enemies":"Snake Plant","floor":30,"turns":3},{"damage":0,"enemies":"Collector","floor":33,"turns":4},{"damage":0,"enemies":"3 Shapes","floor":35,"turns":1},{"damage":0,"enemies":"Orb Walker","floor":37,"turns":1},{"damage":0,"enemies":"Jaw Worm Horde","floor":39,"turns":1},{"damage":0,"enemies":"Spire Growth","floor":41,"turns":1},{"damage":0,"enemies":"Sphere and 2 Shapes","floor":44,"turns":2},{"damage":36,"enemies":"Giant Head","floor":45,"turns":8},{"damage":0,"enemies":"Jaw Worm Horde","floor":46,"turns":2},{"damage":34,"enemies":"Awakened One","floor":50,"turns":7},{"damage":30,"enemies":"Shield and Spear","floor":54,"turns":3},{"damage":84,"enemies":"The Heart","floor":55,"turns":6}],"seed_played":"-36991324425752342","potions_obtained":[{"floor":3,"key":"Explosive Potion"},{"floor":12,"key":"SpeedPotion"},{"floor":14,"key":"EssenceOfSteel"},{"floor":24,"key":"LiquidBronze"},{"floor":35,"key":"AttackPotion"},{"floor":44,"key":"SkillPotion"},{"floor":45,"key":"Strength Potion"},{"floor":46,"key":"SpeedPotion"},{"floor":54,"key":"Weak Potion"}],"is_trial":false,"path_per_floor":["M","?","M","?","M","E","R","E","T","?","M","E","$","M","R","B",null,"M","M","M","?","?","R","E","R","T","R","$","E","M","?","R","B",null,"M","?","M","?","M","R","M","R","T","M","E","M","R","?","R","B",null,"R","$","E","B"],"character_chosen":"DEFECT","items_purchased":["Ancient Tea Set","Lockon","Potion Belt","Lee\u0027s Waffle","GamblersBrew","Energy Potion","SteroidPotion"],"campfire_rested":2,"item_purchase_floors":[13,13,28,53,53,53,53],"current_hp_per_floor":[73,73,70,75,75,57,57,26,26,26,26,21,21,21,21,21,66,54,54,54,54,54,54,54,54,54,54,54,54,42,81,81,81,81,81,81,81,81,81,81,81,81,81,81,45,45,69,69,69,35,70,81,88,58,0],"gold":52,"neow_bonus":"TEN_PERCENT_HP_BONUS","is_prod":false,"is_daily":false,"chose_seed":false,"campfire_upgraded":8,"win_rate":0,"timestamp":1548807924,"path_taken":["M","?","M","?","M","E","R","E","T","?","M","E","$","M","R","BOSS","M","M","M","?","?","R","E","R","T","R","$","E","M","?","R","BOSS","M","?","?","?","M","R","M","R","T","M","E","M","R","?","R","BOSS","R","$","E","BOSS"],"build_version":"2019-01-23","purchased_purges":1,"victory":false,"max_hp_per_floor":[82,82,82,87,87,87,87,87,87,81,81,81,81,81,81,81,81,81,81,81,81,81,81,81,81,81,81,81,81,81,81,81,81,81,81,81,81,81,81,81,81,81,81,81,81,81,81,81,81,81,81,81,88,88,88],"card_choices":[{"not_picked":["Force Field","Gash"],"picked":"Go for the Eyes","floor":1},{"not_picked":["Redo","Barrage"],"picked":"Conserve Battery","floor":3},{"not_picked":["Conserve Battery","Aggregate"],"picked":"Beam Cell","floor":5},{"not_picked":["Chill","Aggregate","Hologram"],"picked":"SKIP","floor":6},{"not_picked":["Sweeping Beam","Electrodynamics"],"picked":"Biased Cognition","floor":8},{"not_picked":["Loop","Beam Cell"],"picked":"Tempest","floor":11},{"not_picked":["Rebound","Stack","Streamline"],"picked":"SKIP","floor":12},{"not_picked":["Capacitor","Scrape"],"picked":"Sunder","floor":14},{"not_picked":["Undo","Stack"],"picked":"BootSequence","floor":14},{"not_picked":["Biased Cognition","Seek"],"picked":"Meteor Strike","floor":16},{"not_picked":["Conserve Battery","Barrage"],"picked":"Go for the Eyes","floor":18},{"not_picked":["Compile Driver+1","Ball Lightning"],"picked":"Steam+1","floor":18},{"not_picked":["Conserve Battery","All For One"],"picked":"Double Energy+1","floor":19},{"not_picked":["Coolheaded","Aggregate"],"picked":"Sweeping Beam","floor":19},{"not_picked":["Ball Lightning","Storm+1"],"picked":"Skim","floor":20},{"not_picked":["Sweeping Beam","Gash+1","Beam Cell"],"picked":"SKIP","floor":20},{"not_picked":["Conserve Battery","Rebound"],"picked":"Reinforced Body","floor":24},{"not_picked":["Compile Driver","Streamline+1","Redo"],"picked":"SKIP","floor":29},{"not_picked":["Rip and Tear","Coolheaded"],"picked":"Stack","floor":30},{"not_picked":["Rainbow","Rip and Tear","Ball Lightning"],"picked":"SKIP","floor":30},{"not_picked":["Rainbow","Machine Learning"],"picked":"Seek","floor":33},{"not_picked":["Ball Lightning","Barrage","Capacitor+1"],"picked":"SKIP","floor":35},{"not_picked":["Recycle","Leap","Streamline"],"picked":"SKIP","floor":35},{"not_picked":["Ball Lightning","Barrage","Capacitor+1"],"picked":"SKIP","floor":35},{"not_picked":["Recycle","Leap","Streamline"],"picked":"SKIP","floor":35},{"not_picked":["Sunder","Consume"],"picked":"Skim+1","floor":37},{"not_picked":["Barrage","Beam Cell+1","Doom and Gloom+1"],"picked":"SKIP","floor":37},{"not_picked":["Dark Shackles","Dramatic Entrance"],"picked":"Secret Technique","floor":38},{"not_picked":["Static Discharge+1","Coolheaded","Reprogram+1"],"picked":"SKIP","floor":39},{"not_picked":["Rebound","Sweeping Beam","Ball Lightning"],"picked":"SKIP","floor":39},{"not_picked":["Beam Cell","Storm"],"picked":"Conserve Battery+1","floor":41},{"not_picked":["Turbo+1","Beam Cell","Undo+1"],"picked":"SKIP","floor":41},{"not_picked":["Coolheaded","Machine Learning"],"picked":"Go for the Eyes+1","floor":44},{"not_picked":["Ball Lightning","Steam Power","BootSequence"],"picked":"SKIP","floor":44},{"not_picked":["Chaos","Rebound"],"picked":"Fusion","floor":45},{"not_picked":["Go for the Eyes","Hologram"],"picked":"Recycle","floor":46},{"not_picked":["Beam Cell+1","Capacitor","Barrage"],"picked":"SKIP","floor":46},{"not_picked":["Redo+1","Leap+1","Self Repair"],"picked":"SKIP","floor":54}],"player_experience":613793,"relics_obtained":[{"floor":6,"key":"Ice Cream"},{"floor":8,"key":"FossilizedHelix"},{"floor":9,"key":"Gambling Chip"},{"floor":12,"key":"Prayer Wheel"},{"floor":24,"key":"Letter Opener"},{"floor":26,"key":"Art of War"},{"floor":29,"key":"Omamori"},{"floor":45,"key":"Turnip"},{"floor":54,"key":"Happy Flower"}],"event_choices":[{"damage_healed":0,"gold_gain":0,"cards_transformed":["Strike_B"],"player_choice":"Change","damage_taken":0,"max_hp_gain":0,"max_hp_loss":0,"event_name":"Living Wall","floor":2,"gold_loss":0,"cards_obtained":["Lockon"]},{"damage_healed":0,"gold_gain":0,"player_choice":"Donut","damage_taken":0,"max_hp_gain":5,"max_hp_loss":0,"event_name":"Big Fish","floor":4,"gold_loss":0},{"damage_healed":0,"gold_gain":0,"player_choice":"Lose Max HP","damage_taken":0,"relics_obtained":["Golden Idol"],"max_hp_gain":0,"max_hp_loss":6,"event_name":"Golden Idol","floor":10,"gold_loss":0},{"damage_healed":0,"gold_gain":0,"cards_transformed":["Strike_B","Strike_B"],"player_choice":"Became Test Subject","damage_taken":0,"max_hp_gain":0,"max_hp_loss":0,"event_name":"Drug Dealer","floor":21,"gold_loss":0,"cards_obtained":["Seek","Thunder Strike"]},{"damage_healed":0,"gold_gain":0,"player_choice":"Obtained Relic","damage_taken":0,"relics_obtained":["Lantern"],"max_hp_gain":0,"max_hp_loss":0,"event_name":"Addict","floor":22,"gold_loss":85},{"cards_removed":["Lockon"],"damage_healed":39,"gold_gain":0,"player_choice":"Offered Uncommon","damage_taken":0,"max_hp_gain":0,"max_hp_loss":0,"event_name":"Bonfire Elementals","floor":31,"gold_loss":0},{"damage_healed":0,"gold_gain":0,"player_choice":"Upgraded","damage_taken":0,"max_hp_gain":0,"max_hp_loss":0,"event_name":"Upgrade Shrine","floor":36,"gold_loss":0,"cards_upgraded":["Seek"]},{"damage_healed":0,"gold_gain":0,"player_choice":"Memory 1","damage_taken":0,"max_hp_gain":0,"max_hp_loss":0,"event_name":"SensoryStone","floor":38,"gold_loss":0},{"damage_healed":0,"gold_gain":0,"player_choice":"Ignored","damage_taken":0,"max_hp_gain":0,"max_hp_loss":0,"event_name":"Tomb of Lord Red Mask","floor":48,"gold_loss":0}],"is_beta":false,"boss_relics":[{"not_picked":["Sozu","Orrery"],"picked":"Nuclear Battery"},{"not_picked":["Coffee Dripper","Inserter"],"picked":"Pandora\u0027s Box"}],"items_purged_floors":[13],"is_endless":false,"potions_floor_spawned":[3,12,14,24,35,44,45,46,54],"killed_by":"The Heart","ascension_level":10}