{"gold_per_floor":[112,112,127,143,93,45,45,63,63,87,87,101,26,46,46,46],"floor_reached":16,"playtime":292,"items_purged":["Strike_R"],"score":94,"play_id":"6ec6497a-2984-4c5e-aafa-6dca4285752f","local_time":"20180909204559","is_ascension_mode":false,"campfire_choices":[{"data":"Heavy Blade","floor":11,"key":"SMITH"},{"data":"Spot Weakness","floor":15,"key":"SMITH"}],"neow_cost":"PERCENT_DAMAGE","seed_source_timestamp":10666025969808,"circlet_count":0,"master_deck":["Strike_R","Defend_R","Defend_R","Defend_R","Bash","Spot Weakness+1","Heavy Blade+1","Whirlwind","Shrug It Off","Brutality","Ghostly Armor"],"relics":["Burning Blood","Golden Idol","Vajra"],"potions_floor_usage":[16,16],"damage_taken":[{"damage":3,"enemies":"Jaw Worm","floor":1,"turns":4},{"damage":15,"enemies":"Small Slimes","floor":3,"turns":4},{"damage":0,"enemies":"2 Louse","floor":4,"turns":4},{"damage":0,"enemies":"Large Slime","floor":8,"turns":4},{"damage":10,"enemies":"Looter","floor":10,"turns":3},{"damage":8,"enemies":"Blue Slaver","floor":12,"turns":3},{"damage":4,"enemies":"Lots of Slimes","floor":14,"turns":2},{"damage":73,"enemies":"Slime Boss","floor":16,"turns":8}],"seed_played":"-8035975294997057716","potions_obtained":[{"floor":1,"key":"PowerPotion"},{"floor":10,"key":"SkillPotion"}],"is_trial":false,"path_per_floor":["M","?","M","M","?","$","?","M","T","M","R","M","$","M","R"],"character_chosen":"IRONCLAD","items_purchased":["Shrug It Off"],"campfire_rested":0,"item_purchase_floors":[6],"current_hp_per_floor":[59,59,50,56,56,56,56,62,62,58,58,56,56,58,58,0],"gold":46,"neow_bonus":"REMOVE_TWO","is_prod":false,"is_daily":false,"chose_seed":false,"campfire_upgraded":2,"win_rate":0,"timestamp":1536522359,"path_taken":["M","?","M","M","?","$","?","M","T","M","R","M","?","M","R","BOSS"],"build_version":"2018-09-06","purchased_purges":1,"victory":false,"max_hp_per_floor":[80,74,74,74,74,74,74,74,74,74,74,74,74,74,74,74],"card_choices":[{"not_picked":["Uppercut","Heavy Blade"],"picked":"Spot Weakness","floor":1},{"not_picked":["Perfected Strike","Uppercut"],"picked":"Heavy Blade","floor":3},{"not_picked":["Heavy Blade","Dual Wield"],"picked":"Whirlwind","floor":4},{"not_picked":["Twin Strike","Reckless Charge"],"picked":"Brutality","floor":8},{"not_picked":["Rampage","Armaments","Entrench"],"picked":"SKIP","floor":10},{"not_picked":["Havoc","Pommel Strike"],"picked":"Ghostly Armor","floor":12},{"not_picked":["Pommel Strike","Havoc","True Grit"],"picked":"SKIP","floor":14}],"player_experience":32238,"relics_obtained":[{"floor":9,"key":"Vajra"}],"event_choices":[{"event_name":"Golden Idol","player_choice":"Lose Max HP","floor":2,"damage_taken":0},{"event_name":"The Cleric","player_choice":"Card Removal","floor":5,"damage_taken":0},{"event_name":"Living Wall","player_choice":"Forget","floor":7,"damage_taken":0}],"is_beta":false,"boss_relics":[],"items_purged_floors":[13],"is_endless":false,"potions_floor_spawned":[1,10],"killed_by":"Slime Boss","ascension_level":0}