{"gold_per_floor":[109,109,121,46,46,46,79,79,79,79,79,113,138,150,150,223,223,240,240,240,140,158,158,189,189],"floor_reached":25,"playtime":496,"items_purged":["Strike_B","Strike_B"],"score":405,"play_id":"2b53c047-9c9a-41ce-97b0-fcde511941f6","local_time":"20181109194435","is_ascension_mode":true,"campfire_choices":[{"data":"Dualcast","floor":6,"key":"SMITH"},{"data":"Ball Lightning","floor":8,"key":"SMITH"},{"floor":15,"key":"REST"},{"floor":23,"key":"REST"}],"neow_cost":"NONE","seed_source_timestamp":6126545616972,"circlet_count":0,"master_deck":["AscendersBane","Strike_B","Strike_B","Defend_B","Defend_B","Defend_B","Defend_B","Zap+1","Dualcast+1","Ball Lightning+1","Cold Snap","White Noise","Defragment+1","Capacitor","Electrodynamics","Coolheaded","Cold Snap"],"relics":["Cracked Core","Oddly Smooth Stone","Bottled Lightning","Mummified Hand","Odd Mushroom","Inserter","Regal Pillow"],"potions_floor_usage":[12,19,19,25],"damage_taken":[{"damage":1,"enemies":"Cultist","floor":1,"turns":3},{"damage":0,"enemies":"2 Louse","floor":3,"turns":2},{"damage":20,"enemies":"Lagavulin","floor":7,"turns":6},{"damage":8,"enemies":"Gremlin Nob","floor":12,"turns":3},{"damage":11,"enemies":"The Mushroom Lair","floor":13,"turns":3},{"damage":6,"enemies":"Jaw Worm","floor":14,"turns":2},{"damage":14,"enemies":"The Guardian","floor":16,"turns":8},{"damage":18,"enemies":"Shell Parasite","floor":18,"turns":5},{"damage":29,"enemies":"Colosseum Slavers","floor":19,"turns":3},{"damage":7,"enemies":"Spheric Guardian","floor":22,"turns":3},{"damage":31,"enemies":"Slavers","floor":24,"turns":5},{"damage":8,"enemies":"Snake Plant","floor":25,"turns":1}],"seed_played":"141499109816399565","potions_obtained":[{"floor":7,"key":"Poison Potion"},{"floor":16,"key":"FocusPotion"},{"floor":18,"key":"Swift Potion"},{"floor":24,"key":"Dexterity Potion"}],"is_trial":false,"path_per_floor":["M","?","M","$","?","R","E","R","T","$","?","E","?","M","R","B",null,"M","?","?","$","M","R","E","M"],"character_chosen":"DEFECT","items_purchased":[],"campfire_rested":2,"item_purchase_floors":[],"current_hp_per_floor":[63,63,63,63,63,63,43,43,43,43,48,40,29,23,45,31,65,47,18,18,18,11,33,2,0],"gold":189,"neow_bonus":"UPGRADE_CARD","is_prod":false,"is_daily":false,"chose_seed":false,"campfire_upgraded":2,"win_rate":0,"timestamp":1541792675,"path_taken":["M","?","M","$","?","R","E","R","T","$","?","E","?","M","R","BOSS","M","?","?","$","M","R","E","?"],"build_version":"2018-11-08","purchased_purges":2,"victory":false,"max_hp_per_floor":[71,71,71,71,71,71,71,71,71,71,76,76,76,76,76,76,76,76,76,76,76,76,76,76,76],"card_choices":[{"not_picked":["Streamline","Scrape"],"picked":"Ball Lightning","floor":1},{"not_picked":["Streamline","Compile Driver","Turbo"],"picked":"SKIP","floor":3},{"not_picked":["Multi-Cast","Beam Cell"],"picked":"Cold Snap","floor":7},{"not_picked":["Redo","Loop"],"picked":"White Noise","floor":12},{"not_picked":["Rebound","Conserve Battery"],"picked":"Defragment","floor":13},{"not_picked":["Leap","Coolheaded"],"picked":"Capacitor","floor":14},{"not_picked":["Amplify","Machine Learning"],"picked":"Electrodynamics","floor":16},{"not_picked":["Redo","Stack+1"],"picked":"Coolheaded","floor":18},{"not_picked":["Rip and Tear","Genetic Algorithm"],"picked":"Cold Snap","floor":22},{"not_picked":["Barrage","Force Field","Compile Driver"],"picked":"SKIP","floor":24}],"player_experience":127169,"relics_obtained":[{"floor":7,"key":"Oddly Smooth Stone"},{"floor":9,"key":"Bottled Lightning"},{"floor":12,"key":"Mummified Hand"},{"floor":13,"key":"Odd Mushroom"},{"floor":24,"key":"Regal Pillow"}],"event_choices":[{"damage_healed":0,"gold_gain":0,"player_choice":"Ignored","damage_taken":0,"max_hp_gain":0,"max_hp_loss":0,"event_name":"Liars Game","floor":2,"gold_loss":0},{"damage_healed":0,"gold_gain":0,"player_choice":"Leave","damage_taken":0,"max_hp_gain":0,"max_hp_loss":0,"event_name":"The Cleric","floor":5,"gold_loss":0},{"damage_healed":0,"gold_gain":0,"player_choice":"Donut","damage_taken":0,"max_hp_gain":5,"max_hp_loss":0,"event_name":"Big Fish","floor":11,"gold_loss":0},{"damage_healed":0,"gold_gain":0,"player_choice":"Fought Mushrooms","damage_taken":0,"max_hp_gain":0,"max_hp_loss":0,"event_name":"Mushrooms","floor":13,"gold_loss":0},{"damage_healed":0,"gold_gain":0,"player_choice":"Fight","damage_taken":0,"max_hp_gain":0,"max_hp_loss":0,"event_name":"Colosseum","floor":19,"gold_loss":0},{"damage_healed":0,"gold_gain":0,"player_choice":"Fled From Nobs","damage_taken":0,"max_hp_gain":0,"max_hp_loss":0,"event_name":"Colosseum","floor":19,"gold_loss":0},{"damage_healed":0,"gold_gain":0,"player_choice":"Upgraded","damage_taken":0,"max_hp_gain":0,"max_hp_loss":0,"event_name":"Upgrade Shrine","floor":20,"gold_loss":0,"cards_upgraded":["Defragment"]}],"is_beta":false,"boss_relics":[{"not_picked":["Busted Crown","Coffee Dripper"],"picked":"Inserter"}],"items_purged_floors":[4,21],"is_endless":false,"potions_floor_spawned":[7,16,18,19,24],"killed_by":"Snake Plant","ascension_level":16}