{"gold_per_floor":[118,218,231,242,242,242,270,270,270,299,28,42,61,79,79,176,176,188,200,217,217,229,229],"floor_reached":23,"playtime":1265,"items_purged":[],"score":215,"play_id":"04d49c5e-2310-4c91-a829-8f39d24253ab","local_time":"20190202174626","is_ascension_mode":true,"campfire_choices":[{"data":"Bash","floor":6,"key":"SMITH"},{"floor":8,"key":"REST"},{"floor":15,"key":"REST"}],"neow_cost":"NONE","seed_source_timestamp":430599031647946,"circlet_count":0,"master_deck":["Strike_R","Strike_R","Strike_R","Strike_R","Strike_R","Defend_R","Defend_R","Defend_R","Bash+1","Searing Blow","Clash","Dropkick","Dropkick"],"relics":["Burning Blood","NeowsBlessing","Dodecahedron","Kunai","Shuriken","DollysMirror","Black Star","Enchiridion"],"potions_floor_usage":[7,12,16,22,22],"damage_taken":[{"damage":0,"enemies":"Small Slimes","floor":1,"turns":1},{"damage":0,"enemies":"Cultist","floor":3,"turns":1},{"damage":0,"enemies":"Jaw Worm","floor":4,"turns":1},{"damage":59,"enemies":"3 Sentries","floor":7,"turns":12},{"damage":28,"enemies":"Gremlin Nob","floor":10,"turns":4},{"damage":12,"enemies":"2 Fungi Beasts","floor":12,"turns":3},{"damage":9,"enemies":"Looter","floor":13,"turns":3},{"damage":7,"enemies":"Blue Slaver","floor":14,"turns":2},{"damage":38,"enemies":"The Guardian","floor":16,"turns":10},{"damage":0,"enemies":"Chosen","floor":18,"turns":3},{"damage":26,"enemies":"3 Byrds","floor":19,"turns":6},{"damage":30,"enemies":"Snake Plant","floor":20,"turns":4},{"damage":0,"enemies":"Centurion and Healer","floor":22,"turns":5},{"damage":35,"enemies":"Gremlin Leader","floor":23,"turns":4}],"seed_played":"-9088689371750024586","potions_obtained":[{"floor":3,"key":"EssenceOfSteel"},{"floor":10,"key":"Poison Potion"},{"floor":13,"key":"Poison Potion"},{"floor":16,"key":"BloodPotion"},{"floor":19,"key":"Block Potion"},{"floor":20,"key":"Ancient Potion"}],"is_trial":false,"path_per_floor":["M","?","M","M","?","R","E","R","T","E","$","M","M","M","R","B",null,"M","M","M","?","M","E"],"character_chosen":"IRONCLAD","items_purchased":["Dropkick","DollysMirror"],"campfire_rested":2,"item_purchase_floors":[11,11],"current_hp_per_floor":[80,80,80,80,80,80,27,51,51,29,29,23,20,19,43,11,80,80,60,36,20,34,0],"gold":229,"neow_bonus":"THREE_ENEMY_KILL","is_prod":false,"is_daily":false,"chose_seed":false,"campfire_upgraded":1,"win_rate":0,"timestamp":1549158386,"path_taken":["M","?","M","?","?","R","E","R","T","E","$","M","M","?","R","BOSS","M","?","M","?","M","E"],"build_version":"2019-01-23","purchased_purges":0,"victory":false,"max_hp_per_floor":[80,80,80,80,80,80,80,80,80,80,80,80,80,80,80,80,80,80,80,80,80,80,80],"card_choices":[{"not_picked":["True Grit","Wild Strike","Clothesline"],"picked":"SKIP","floor":1},{"not_picked":["Warcry","Iron Wave","Combust"],"picked":"SKIP","floor":3},{"not_picked":["Disarm","Warcry","Ghostly Armor"],"picked":"SKIP","floor":4},{"not_picked":["Thunderclap","Shrug It Off"],"picked":"Searing Blow","floor":7},{"not_picked":["Battle Trance","Seeing Red"],"picked":"Clash","floor":10},{"not_picked":["Perfected Strike","Flex","Berserk"],"picked":"SKIP","floor":12},{"not_picked":["Flex","Anger","Headbutt"],"picked":"SKIP","floor":13},{"not_picked":["Bloodletting","Uppercut","Infernal Blade"],"picked":"SKIP","floor":14},{"not_picked":["Heavy Blade+1","Sentinel","Clothesline+1"],"picked":"SKIP","floor":18},{"not_picked":["Perfected Strike+1","Clothesline","Anger"],"picked":"SKIP","floor":19},{"not_picked":["Whirlwind+1","Headbutt+1","Spot Weakness"],"picked":"SKIP","floor":20},{"not_picked":["Rampage","Wild Strike","Perfected Strike"],"picked":"SKIP","floor":22}],"player_experience":405188,"relics_obtained":[{"floor":7,"key":"Dodecahedron"},{"floor":9,"key":"Kunai"},{"floor":10,"key":"Shuriken"},{"floor":21,"key":"Enchiridion"}],"event_choices":[{"damage_healed":0,"gold_gain":100,"player_choice":"Pray","damage_taken":0,"max_hp_gain":0,"max_hp_loss":0,"event_name":"Golden Shrine","floor":2,"gold_loss":0},{"cards_removed":["Defend_R"],"damage_healed":0,"gold_gain":0,"player_choice":"Offered Basic","damage_taken":0,"max_hp_gain":0,"max_hp_loss":0,"event_name":"Bonfire Elementals","floor":5,"gold_loss":0},{"damage_healed":0,"gold_gain":0,"player_choice":"Obtained Book","damage_taken":16,"max_hp_gain":0,"max_hp_loss":0,"event_name":"Cursed Tome","floor":21,"gold_loss":0}],"is_beta":false,"boss_relics":[{"not_picked":["Runic Cube","Coffee Dripper"],"picked":"Black Star"}],"items_purged_floors":[],"is_endless":false,"potions_floor_spawned":[3,10,13,16,19,20],"killed_by":"Gremlin Leader","ascension_level":1}