{"gold_per_floor":[116,136,136,147,72,72,89,101,101,101,101,128,128,156,156,156],"floor_reached":16,"playtime":701,"items_purged":[],"score":209,"play_id":"49c8f1a5-541e-4571-9923-5921bf258826","local_time":"20190122111847","is_ascension_mode":true,"campfire_choices":[{"data":"Anger","floor":6,"key":"SMITH"},{"data":"Berserk","floor":11,"key":"SMITH"},{"floor":13,"key":"REST"},{"data":"Body Slam","floor":15,"key":"SMITH"}],"neow_cost":"NONE","seed_source_timestamp":1014268519834019,"circlet_count":0,"master_deck":["AscendersBane","Strike_R+1","Strike_R+1","Strike_R","Strike_R","Defend_R","Defend_R","Defend_R","Defend_R","Bash","Anger+1","Reaper","Berserk+1","Reckless Charge","Body Slam+1"],"relics":["Burning Blood","Whetstone","Blood Vial","Self Forming Clay"],"potions_floor_usage":[8],"damage_taken":[{"damage":4,"enemies":"Jaw Worm","floor":1,"turns":5},{"damage":3,"enemies":"Small Slimes","floor":2,"turns":3},{"damage":2,"enemies":"2 Louse","floor":4,"turns":3},{"damage":9,"enemies":"Exordium Wildlife","floor":7,"turns":5},{"damage":8,"enemies":"Blue Slaver","floor":8,"turns":2},{"damage":70,"enemies":"3 Sentries","floor":12,"turns":11},{"damage":30,"enemies":"Lagavulin","floor":14,"turns":6},{"damage":52,"enemies":"Slime Boss","floor":16,"turns":3}],"seed_played":"6146956873549800283","potions_obtained":[{"floor":2,"key":"SmokeBomb"},{"floor":4,"key":"Poison Potion"},{"floor":12,"key":"Energy Potion"}],"is_trial":false,"path_per_floor":["M","M","?","M","?","R","M","M","T","?","R","E","R","E","R","B"],"character_chosen":"IRONCLAD","items_purchased":[],"campfire_rested":1,"item_purchase_floors":[],"current_hp_per_floor":[70,73,78,80,80,80,77,75,75,75,75,19,43,21,21,0],"gold":156,"neow_bonus":"ONE_RANDOM_RARE_CARD","is_prod":false,"is_daily":false,"chose_seed":false,"campfire_upgraded":3,"win_rate":0,"timestamp":1548184727,"path_taken":["M","M","?","M","?","R","M","M","T","?","R","E","R","E","R","BOSS"],"build_version":"2019-01-17v2","purchased_purges":0,"victory":false,"max_hp_per_floor":[75,75,80,80,80,80,80,80,80,80,80,80,80,80,80,80],"card_choices":[{"not_picked":["Body Slam","Wild Strike"],"picked":"Anger","floor":1},{"not_picked":["Shockwave","Wild Strike"],"picked":"Reaper","floor":2},{"not_picked":["Anger","Cleave","Perfected Strike"],"picked":"SKIP","floor":4},{"not_picked":["Warcry","Havoc","Wild Strike"],"picked":"SKIP","floor":7},{"not_picked":["Flex","Feel No Pain"],"picked":"Berserk","floor":8},{"not_picked":["Combust","Perfected Strike"],"picked":"Body Slam","floor":12},{"not_picked":["Rupture","Wild Strike","Body Slam"],"picked":"SKIP","floor":14}],"player_experience":467498,"relics_obtained":[{"floor":9,"key":"Whetstone"},{"floor":12,"key":"Blood Vial"},{"floor":14,"key":"Self Forming Clay"}],"event_choices":[{"damage_healed":0,"gold_gain":0,"player_choice":"Donut","damage_taken":0,"max_hp_gain":5,"max_hp_loss":0,"event_name":"Big Fish","floor":3,"gold_loss":0},{"cards_removed":["Dark Embrace"],"damage_healed":0,"gold_gain":0,"player_choice":"Card Removal","damage_taken":0,"max_hp_gain":0,"max_hp_loss":0,"event_name":"The Cleric","floor":5,"gold_loss":75},{"damage_healed":0,"gold_gain":0,"cards_transformed":["Strike_R"],"player_choice":"Change","damage_taken":0,"max_hp_gain":0,"max_hp_loss":0,"event_name":"Living Wall","floor":10,"gold_loss":0,"cards_obtained":["Reckless Charge"]}],"is_beta":false,"boss_relics":[],"items_purged_floors":[],"is_endless":false,"potions_floor_spawned":[2,4,12],"killed_by":"Slime Boss","ascension_level":18}