{"gold_per_floor":[99,99,99,119,119,149,149,167,167,177,34,34,64,83,83,188,188,198,123,133,152,165,165,197,209,209,227,227,257,274,308,308,412,412,430,104,119,134,134,134,234,252,252,252,252,270,282,299,299,299],"floor_reached":51,"playtime":5108,"items_purged":["Pain"],"score":870,"play_id":"9d208310-caaa-4369-af41-86e85c76fd7b","local_time":"20190201203409","is_ascension_mode":true,"campfire_choices":[{"data":"Defend_R","floor":7,"key":"PURGE"},{"data":"Defend_R","floor":12,"key":"PURGE"},{"data":"Shrug It Off","floor":15,"key":"SMITH"},{"data":"Limit Break","floor":23,"key":"SMITH"},{"data":"Dark Embrace","floor":28,"key":"SMITH"},{"floor":32,"key":"REST"},{"data":"Whirlwind","floor":40,"key":"SMITH"},{"floor":49,"key":"REST"}],"neow_cost":"NONE","seed_source_timestamp":350379836636988,"circlet_count":0,"master_deck":["Strike_R","Strike_R+1","Strike_R","Strike_R","Defend_R","Defend_R+1","Bash","Flex","Shrug It Off+1","Dark Embrace+1","Flex","Limit Break+1","Whirlwind+1","Burning Pact","Blood for Blood+1","Flame Barrier+1","Hemokinesis+1","Armaments","Rage+1","Second Wind","Shrug It Off+1","Combust+1","Double Tap","Seeing Red+1","True Grit","Uppercut+1","Madness","Madness","Seeing Red","Combust+1","Decay","Burning Pact"],"relics":["Burning Blood","NeowsBlessing","Peace Pipe","Meat on the Bone","Kunai","Self Forming Clay","Pen Nib","Shuriken","Cursed Key","Lantern","Charon\u0027s Ashes","Orichalcum","Bag of Preparation","Runic Pyramid","Bottled Flame","Girya","Darkstone Periapt"],"potions_floor_usage":[16,21,21,45,47,50,50,50],"damage_taken":[{"damage":0,"enemies":"Small Slimes","floor":1,"turns":1},{"damage":0,"enemies":"Jaw Worm","floor":4,"turns":1},{"damage":0,"enemies":"Lagavulin","floor":6,"turns":1},{"damage":0,"enemies":"2 Louse","floor":8,"turns":2},{"damage":5,"enemies":"Blue Slaver","floor":10,"turns":5},{"damage":26,"enemies":"Gremlin Nob","floor":13,"turns":5},{"damage":14,"enemies":"3 Louse","floor":14,"turns":4},{"damage":40,"enemies":"The Guardian","floor":16,"turns":13},{"damage":17,"enemies":"Spheric Guardian","floor":18,"turns":6},{"damage":7,"enemies":"Chosen","floor":20,"turns":3},{"damage":16,"enemies":"Snake Plant","floor":21,"turns":3},{"damage":20,"enemies":"Centurion and Healer","floor":22,"turns":4},{"damage":12,"enemies":"Gremlin Leader","floor":24,"turns":6},{"damage":12,"enemies":"Snecko","floor":25,"turns":4},{"damage":27,"enemies":"Cultist and Chosen","floor":27,"turns":5},{"damage":19,"enemies":"Book of Stabbing","floor":29,"turns":5},{"damage":13,"enemies":"Snake Plant","floor":30,"turns":4},{"damage":19,"enemies":"Slavers","floor":31,"turns":5},{"damage":51,"enemies":"Champ","floor":33,"turns":9},{"damage":14,"enemies":"3 Darklings","floor":35,"turns":3},{"damage":8,"enemies":"Orb Walker","floor":37,"turns":2},{"damage":0,"enemies":"Sphere and 2 Shapes","floor":38,"turns":2},{"damage":4,"enemies":"Mind Bloom Boss Battle","floor":41,"turns":5},{"damage":5,"enemies":"4 Shapes","floor":42,"turns":2},{"damage":0,"enemies":"Transient","floor":45,"turns":2},{"damage":25,"enemies":"3 Darklings","floor":46,"turns":2},{"damage":44,"enemies":"Writhing Mass","floor":47,"turns":5},{"damage":10,"enemies":"Transient","floor":48,"turns":5},{"damage":61,"enemies":"Time Eater","floor":50,"turns":8}],"seed_played":"-5674406693490962855","potions_obtained":[{"floor":10,"key":"LiquidBronze"},{"floor":14,"key":"GamblersBrew"},{"floor":16,"key":"Poison Potion"},{"floor":18,"key":"Poison Potion"},{"floor":24,"key":"Ancient Potion"},{"floor":25,"key":"SmokeBomb"},{"floor":35,"key":"Ancient Potion"},{"floor":46,"key":"Weak Potion"},{"floor":47,"key":"EssenceOfSteel"}],"is_trial":false,"path_per_floor":["M","?","?","M","T","E","R","M","T","M","$","R","E","M","R","B",null,"M","?","M","M","M","R","E","M","T","M","R","E","M","E","R","B",null,"M","$","M","M","?","R","?","M","T","?","M","M","M","M","R","B",null],"character_chosen":"IRONCLAD","items_purchased":["Pen Nib","Bottled Flame"],"campfire_rested":2,"item_purchase_floors":[11,36],"current_hp_per_floor":[80,64,52,58,58,64,64,70,70,71,71,71,51,55,55,33,80,69,69,68,58,56,56,50,56,56,47,47,46,51,50,74,41,80,72,72,70,76,66,66,68,69,69,69,75,56,30,38,62,19],"gold":299,"neow_bonus":"THREE_ENEMY_KILL","is_prod":false,"is_daily":false,"chose_seed":false,"campfire_upgraded":4,"win_rate":0,"timestamp":1549082049,"path_taken":["M","?","?","M","?","E","R","?","T","M","$","R","E","M","R","BOSS","M","?","M","M","M","R","E","M","T","M","R","E","M","E","R","BOSS","M","$","M","M","?","R","?","M","T","?","?","M","M","M","R","BOSS"],"build_version":"2019-01-23","purchased_purges":1,"victory":true,"max_hp_per_floor":[80,80,80,80,80,80,80,80,80,80,80,80,80,80,80,80,80,80,80,80,80,80,80,80,80,80,80,80,80,80,80,80,80,80,80,80,80,80,80,80,80,80,80,80,80,80,80,80,80,80],"card_choices":[{"not_picked":["Twin Strike","Pommel Strike"],"picked":"Flex","floor":1},{"not_picked":["Iron Wave","Rupture","Wild Strike"],"picked":"SKIP","floor":4},{"not_picked":["Flex","Second Wind","Cleave"],"picked":"SKIP","floor":6},{"not_picked":["Sword Boomerang","Sever Soul"],"picked":"Shrug It Off","floor":8},{"not_picked":["Iron Wave","Demon Form","Body Slam"],"picked":"SKIP","floor":10},{"not_picked":["Sword Boomerang","Flame Barrier"],"picked":"Dark Embrace","floor":13},{"not_picked":["Clothesline","Pommel Strike"],"picked":"Flex","floor":14},{"not_picked":["Dark Embrace","Fiend Fire"],"picked":"Limit Break","floor":16},{"not_picked":["Body Slam","Twin Strike"],"picked":"Whirlwind","floor":18},{"not_picked":["Sentinel+1","Iron Wave"],"picked":"Burning Pact","floor":20},{"not_picked":["Flame Barrier","Body Slam"],"picked":"Blood for Blood+1","floor":21},{"not_picked":["Anger","Body Slam+1"],"picked":"Flame Barrier+1","floor":22},{"not_picked":["Pommel Strike+1","Anger"],"picked":"Hemokinesis+1","floor":24},{"not_picked":["Shrug It Off","Bludgeon"],"picked":"Armaments","floor":25},{"not_picked":["Anger","Perfected Strike"],"picked":"Rage+1","floor":27},{"not_picked":["Clothesline","Searing Blow"],"picked":"Second Wind","floor":29},{"not_picked":["Spot Weakness","Sever Soul"],"picked":"Shrug It Off+1","floor":30},{"not_picked":["Hemokinesis","Impervious"],"picked":"Combust+1","floor":31},{"not_picked":["Juggernaut","Berserk"],"picked":"Double Tap","floor":33},{"not_picked":["Bloodletting+1","Uppercut+1"],"picked":"Seeing Red+1","floor":35},{"not_picked":["Rupture+1","Thunderclap"],"picked":"True Grit","floor":37},{"not_picked":["Thunderclap","Perfected Strike+1"],"picked":"Uppercut+1","floor":38},{"not_picked":["Burning Pact+1","Wild Strike"],"picked":"Seeing Red","floor":41},{"not_picked":["Cleave+1","Havoc"],"picked":"Combust+1","floor":42},{"not_picked":["Heavy Blade","Headbutt+1","Thunderclap"],"picked":"SKIP","floor":46},{"not_picked":["Pommel Strike","Blood for Blood","Iron Wave+1"],"picked":"SKIP","floor":47},{"not_picked":["Rupture","Armaments","Cleave+1"],"picked":"SKIP","floor":48}],"player_experience":391468,"relics_obtained":[{"floor":5,"key":"Meat on the Bone"},{"floor":6,"key":"Kunai"},{"floor":9,"key":"Self Forming Clay"},{"floor":13,"key":"Shuriken"},{"floor":24,"key":"Lantern"},{"floor":26,"key":"Charon\u0027s Ashes"},{"floor":29,"key":"Orichalcum"},{"floor":31,"key":"Bag of Preparation"},{"floor":41,"key":"Girya"},{"floor":43,"key":"Darkstone Periapt"}],"event_choices":[{"damage_healed":0,"gold_gain":0,"player_choice":"Entered Light","damage_taken":16,"max_hp_gain":0,"max_hp_loss":0,"event_name":"Shining Light","floor":2,"gold_loss":0,"cards_upgraded":["Defend_R","Strike_R"]},{"damage_healed":0,"gold_gain":0,"player_choice":"Success","damage_taken":12,"relics_obtained":["Peace Pipe"],"max_hp_gain":0,"max_hp_loss":0,"event_name":"Scrap Ooze","floor":3,"gold_loss":0},{"cards_removed":["Strike_R"],"damage_healed":0,"gold_gain":0,"player_choice":"Gave Gold","damage_taken":0,"max_hp_gain":0,"max_hp_loss":0,"event_name":"Beggar","floor":19,"gold_loss":75},{"damage_healed":0,"gold_gain":0,"player_choice":"Embrace Madness","damage_taken":10,"max_hp_gain":0,"max_hp_loss":0,"event_name":"Winding Halls","floor":39,"gold_loss":0,"cards_obtained":["Madness","Madness"]},{"damage_healed":0,"gold_gain":0,"player_choice":"Fight","damage_taken":0,"max_hp_gain":0,"max_hp_loss":0,"event_name":"MindBloom","floor":41,"gold_loss":0},{"damage_healed":0,"gold_gain":0,"player_choice":"Copied","damage_taken":0,"max_hp_gain":0,"max_hp_loss":0,"event_name":"Duplicator","floor":44,"gold_loss":0,"cards_obtained":["Burning Pact"]}],"is_beta":false,"boss_relics":[{"not_picked":["White Beast Statue","Lizard Tail"],"picked":"Cursed Key"},{"not_picked":["Calling Bell","Velvet Choker"],"picked":"Runic Pyramid"}],"items_purged_floors":[36],"is_endless":false,"potions_floor_spawned":[10,14,16,18,24,25,29,33,35,42,46,47,48],"ascension_level":4}