{"gold_per_floor":[116,127,146,111,24,35,35,47,47,74,74,74,74,100,100,202,202,213,239,97,97,97,97,107,118,170,189,47,47,59,158,158,261,261,281,299,521,531,547,547,547],"floor_reached":41,"playtime":3926,"items_purged":["Normality"],"score":482,"play_id":"a01eded4-1933-44a3-a276-8bb0296d4bef","local_time":"20180821230409","is_ascension_mode":true,"campfire_choices":[{"data":"Storm","floor":7,"key":"SMITH"},{"floor":12,"key":"REST"},{"data":"Darkness","floor":15,"key":"SMITH"},{"floor":23,"key":"REST"},{"data":"Creative AI","floor":29,"key":"SMITH"},{"data":"Capacitor","floor":32,"key":"SMITH"},{"floor":40,"key":"REST"}],"neow_cost":"NONE","seed_source_timestamp":1378320204630654,"circlet_count":0,"master_deck":["Zap","Dualcast+1","Genetic Algorithm","Darkness+1","Coolheaded","Conserve Battery","Barrage","Electrodynamics","Hologram","Double Energy","Glacier","Coolheaded","Storm+1","Redo","Self Repair","Seek","Clumsy","Ball Lightning","Multi-Cast","Loop","White Noise","White Noise+1","Creative AI+1","Capacitor+1","Creative AI","Coolheaded","Blizzard","Sweeping Beam","Heatsinks","Double Energy","Compile Driver","Lockon","Stack","Melter","Heatsinks+1","Leap+1"],"relics":["Orrery","Darkstone Periapt","Bag of Marbles","Bronze Scales","Calling Bell","Lantern","Symbiotic Virus","Ice Cream","Red Mask","Vajra","Pandora\u0027s Box"],"potions_floor_usage":[24,25,35,39,39,41,41],"damage_taken":[{"damage":11,"enemies":"Small Slimes","floor":1,"turns":3},{"damage":5,"enemies":"2 Louse","floor":2,"turns":4},{"damage":5,"enemies":"Jaw Worm","floor":3,"turns":3},{"damage":3,"enemies":"Looter","floor":6,"turns":3},{"damage":18,"enemies":"Large Slime","floor":8,"turns":4},{"damage":12,"enemies":"Lagavulin","floor":10,"turns":8},{"damage":11,"enemies":"Hexaghost","floor":16,"turns":11},{"damage":9,"enemies":"Shell Parasite","floor":18,"turns":5},{"damage":7,"floor":19,"turns":2},{"damage":0,"enemies":"3 Byrds","floor":24,"turns":4},{"damage":12,"enemies":"Snake Plant","floor":25,"turns":3},{"damage":17,"enemies":"Sentry and Sphere","floor":27,"turns":5},{"damage":7,"enemies":"3 Cultists","floor":30,"turns":3},{"damage":30,"enemies":"Automaton","floor":33,"turns":9},{"damage":13,"enemies":"Orb Walker","floor":35,"turns":4},{"damage":35,"enemies":"3 Shapes","floor":36,"turns":4},{"damage":21,"enemies":"Flame Bruiser 2 Orb","floor":38,"turns":4},{"damage":30,"enemies":"3 Darklings","floor":39,"turns":4},{"damage":79,"enemies":"Giant Head","floor":41,"turns":8}],"seed_played":"-1843331503929296694","potions_obtained":[{"floor":1,"key":"AttackPotion"},{"floor":3,"key":"LiquidBronze"},{"floor":6,"key":"Regen Potion"},{"floor":8,"key":"Fire Potion"},{"floor":24,"key":"Weak Potion"},{"floor":30,"key":"SteroidPotion"},{"floor":35,"key":"Swift Potion"},{"floor":39,"key":"Weak Potion"}],"is_trial":false,"path_per_floor":["M","M","M","?","$","M","R","M","T","E","?","R","?","T","R","B",null,"M","?","$","?","?","R","M","M","T","M","$","R","M","?","R","B",null,"M","M","?","M","M","R"],"character_chosen":"DEFECT","items_purchased":["Glacier","Coolheaded","Loop","Creative AI"],"campfire_rested":3,"item_purchase_floors":[5,5,20,28],"current_hp_per_floor":[64,59,54,72,72,69,69,51,51,39,44,68,68,68,68,64,98,96,89,89,69,69,99,103,91,91,81,81,81,81,81,81,58,103,90,62,62,48,27,57,0],"gold":547,"neow_bonus":"BOSS_RELIC","is_prod":false,"is_daily":false,"chose_seed":false,"campfire_upgraded":4,"win_rate":0,"timestamp":1534910649,"path_taken":["M","M","M","?","$","M","R","M","T","E","?","R","?","?","R","BOSS","M","?","$","?","?","R","?","M","T","M","$","R","M","?","R","BOSS","M","?","?","M","M","R","E"],"build_version":"2018-08-16","purchased_purges":1,"victory":false,"max_hp_per_floor":[75,75,75,75,75,75,75,75,75,75,80,80,80,80,80,80,98,98,98,98,103,103,103,103,103,103,103,103,103,103,103,103,103,103,103,103,103,103,103,103,103],"card_choices":[{"not_picked":["Undo","Conserve Battery"],"picked":"Genetic Algorithm","floor":0},{"not_picked":["Blizzard","Barrage"],"picked":"Darkness","floor":0},{"not_picked":["Darkness","Barrage"],"picked":"Coolheaded","floor":0},{"not_picked":["Skim","Steam Power"],"picked":"Conserve Battery","floor":0},{"not_picked":["Gash","Rebound"],"picked":"Barrage","floor":0},{"not_picked":["Darkness","Rebound"],"picked":"Electrodynamics","floor":1},{"not_picked":["Streamline","Rebound"],"picked":"Hologram","floor":2},{"not_picked":["Recycle","Scrape"],"picked":"Double Energy","floor":3},{"not_picked":["Reprogram","Gash"],"picked":"Storm","floor":6},{"not_picked":["Streamline","Leap"],"picked":"Redo","floor":8},{"not_picked":["Stack","Go for the Eyes"],"picked":"Self Repair","floor":10},{"not_picked":["Fission","Reboot"],"picked":"Seek","floor":16},{"not_picked":["Beam Cell","Hello World"],"picked":"Ball Lightning","floor":18},{"not_picked":["Rip and Tear+1","Redo"],"picked":"Multi-Cast","floor":19},{"not_picked":["FTL","Stack+1"],"picked":"White Noise","floor":24},{"not_picked":["Rebound","Skim","Gash"],"picked":"SKIP","floor":25},{"not_picked":["Reinforced Body","Chill"],"picked":"White Noise+1","floor":27},{"not_picked":["Undo","FTL"],"picked":"Capacitor","floor":30},{"not_picked":["Machine Learning","Fission"],"picked":"Creative AI","floor":33},{"not_picked":["Glacier","Ball Lightning"],"picked":"Melter","floor":35},{"not_picked":["Leap+1","Auto Shields","Streamline"],"picked":"SKIP","floor":36},{"not_picked":["Rebound+1","Darkness"],"picked":"Heatsinks+1","floor":38},{"not_picked":["Coolheaded","Beam Cell"],"picked":"Leap+1","floor":39}],"player_experience":187561,"relics_obtained":[{"floor":9,"key":"Darkstone Periapt"},{"floor":10,"key":"Bag of Marbles"},{"floor":14,"key":"Bronze Scales"},{"floor":17,"key":"Lantern"},{"floor":17,"key":"Symbiotic Virus"},{"floor":17,"key":"Ice Cream"},{"floor":19,"key":"Red Mask"},{"floor":26,"key":"Vajra"}],"event_choices":[{"event_name":"The Cleric","player_choice":"Healed","floor":4,"damage_taken":0},{"event_name":"Big Fish","player_choice":"Donut","floor":11,"damage_taken":0},{"event_name":"Living Wall","player_choice":"Grow","floor":13,"damage_taken":0},{"event_name":"Masked Bandits","player_choice":"Fought Bandits","floor":19,"damage_taken":0},{"event_name":"Forgotten Altar","player_choice":"Shed Blood","floor":21,"damage_taken":0},{"event_name":"Back to Basics","player_choice":"Elegance","floor":22,"damage_taken":0},{"event_name":"Nest","player_choice":"Stole From Cult","floor":31,"damage_taken":0},{"event_name":"Tomb of Lord Red Mask","player_choice":"Wore Mask","floor":37,"damage_taken":0}],"is_beta":false,"boss_relics":[{"not_picked":["Velvet Choker","Ectoplasm"],"picked":"Calling Bell"},{"not_picked":["Eternal Feather","Nuclear Battery"],"picked":"Pandora\u0027s Box"}],"items_purged_floors":[20],"is_endless":false,"potions_floor_spawned":[1,3,6,8,18,24,30,35,38,39],"killed_by":"Giant Head","ascension_level":2}