{"gold_per_floor":[110,127,127,143,143,172,172,207,207,282,282,307,307,322,322,322],"floor_reached":16,"playtime":777,"items_purged":[],"score":176,"play_id":"17f67b4d-f666-4ecc-a477-bec45cf920c7","local_time":"20181201003953","is_ascension_mode":true,"campfire_choices":[{"floor":7,"key":"REST"},{"floor":13,"key":"REST"},{"data":"Injury","floor":15,"key":"PURGE"}],"neow_cost":"NONE","seed_source_timestamp":2957930662358671,"circlet_count":0,"master_deck":["AscendersBane","Strike_R","Strike_R","Strike_R","Strike_R","Strike_R","Defend_R","Defend_R","Defend_R","Defend_R","Bash","Panacea","Pommel Strike","Seeing Red","Limit Break","True Grit","Spot Weakness"],"relics":["Burning Blood","Question Card","Charon\u0027s Ashes","Art of War","Peace Pipe","Golden Idol"],"potions_floor_usage":[6,8,12,16],"damage_taken":[{"damage":1,"enemies":"Cultist","floor":1,"turns":3},{"damage":4,"enemies":"Jaw Worm","floor":2,"turns":4},{"damage":15,"enemies":"Small Slimes","floor":4,"turns":5},{"damage":53,"enemies":"3 Sentries","floor":6,"turns":13},{"damage":16,"enemies":"Gremlin Nob","floor":8,"turns":3},{"damage":12,"enemies":"3 Louse","floor":12,"turns":4},{"damage":8,"enemies":"Exordium Wildlife","floor":14,"turns":5},{"damage":43,"enemies":"Slime Boss","floor":16,"turns":8}],"seed_played":"-509168288114068844","potions_obtained":[{"floor":4,"key":"EssenceOfSteel"},{"floor":6,"key":"AttackPotion"},{"floor":8,"key":"Weak Potion"},{"floor":12,"key":"Explosive Potion"}],"is_trial":false,"path_per_floor":["M","M","$","M","?","E","R","E","T","?","?","M","R","M","R","B"],"character_chosen":"IRONCLAD","items_purchased":[],"campfire_rested":2,"item_purchase_floors":[],"current_hp_per_floor":[77,79,79,70,63,16,40,30,30,19,19,13,37,35,35,0],"gold":322,"neow_bonus":"RANDOM_COLORLESS","is_prod":false,"is_daily":false,"chose_seed":false,"campfire_upgraded":0,"win_rate":0,"timestamp":1543646393,"path_taken":["M","M","?","?","?","E","R","E","T","?","?","M","R","M","R","BOSS"],"build_version":"2018-11-15","purchased_purges":0,"victory":false,"max_hp_per_floor":[80,80,80,80,80,80,80,80,80,80,80,80,80,80,80,80],"card_choices":[{"not_picked":["Armaments","Headbutt"],"picked":"Pommel Strike","floor":1},{"not_picked":["Anger","Infernal Blade","Fire Breathing"],"picked":"SKIP","floor":4},{"not_picked":["Warcry","Anger","Headbutt"],"picked":"Seeing Red","floor":6},{"not_picked":["Body Slam","Headbutt","Armaments"],"picked":"Limit Break","floor":8},{"not_picked":["Uppercut","Feel No Pain","Havoc"],"picked":"True Grit","floor":12},{"not_picked":["Evolve","Rupture","Sword Boomerang"],"picked":"Spot Weakness","floor":14}],"player_experience":439899,"relics_obtained":[{"floor":6,"key":"Charon\u0027s Ashes"},{"floor":8,"key":"Art of War"},{"floor":9,"key":"Peace Pipe"}],"event_choices":[{"damage_healed":0,"gold_gain":0,"player_choice":"Success","damage_taken":7,"relics_obtained":["Question Card"],"max_hp_gain":0,"max_hp_loss":0,"event_name":"Scrap Ooze","floor":5,"gold_loss":0},{"damage_healed":0,"gold_gain":75,"player_choice":"Gather Gold","damage_taken":11,"max_hp_gain":0,"max_hp_loss":0,"event_name":"World of Goop","floor":10,"gold_loss":0},{"damage_healed":0,"gold_gain":0,"player_choice":"Take Wound","damage_taken":0,"relics_obtained":["Golden Idol"],"max_hp_gain":0,"max_hp_loss":0,"event_name":"Golden Idol","floor":11,"gold_loss":0,"cards_obtained":["Injury"]}],"is_beta":false,"boss_relics":[],"items_purged_floors":[],"is_endless":false,"potions_floor_spawned":[4,6,8,12],"killed_by":"Slime Boss","ascension_level":12}