{"gold_per_floor":[116,191,209,64,82,116,116,146,146,162,162,195,214,72,72,200,200,215,22,22,42,132,132,165,180,203,203,153,153,174,192,192,318,318,341,341,341,0,16,51,51,84,84,103,21,45,45,45,45,45,45,45,45,45],"floor_reached":54,"playtime":3696,"items_purged":["Strike_G","Strike_G","Injury","Strike_G"],"score":796,"play_id":"ed61df26-eb70-436b-9d9f-0ad99af148f4","local_time":"20190128221907","is_ascension_mode":true,"campfire_choices":[{"floor":7,"key":"REST"},{"data":"Catalyst","floor":15,"key":"SMITH"},{"floor":23,"key":"REST"},{"data":"Noxious Fumes","floor":27,"key":"SMITH"},{"data":"Noxious Fumes","floor":29,"key":"SMITH"},{"data":"Crippling Poison","floor":32,"key":"SMITH"},{"floor":41,"key":"RECALL"},{"floor":49,"key":"REST"},{"floor":52,"key":"REST"}],"neow_cost":"PERCENT_DAMAGE","seed_source_timestamp":756584072982700,"circlet_count":0,"master_deck":["Defend_G+1","Defend_G+1","Defend_G+1","Defend_G+1","Strike_G+1","Neutralize+1","Poisoned Stab+1","Catalyst+1","Noxious Fumes+1","Bullet Time+1","Crippling Poison+1","Dash+1","Bane+1","Dash+1","Poisoned Stab+1","Storm of Steel+1","Bane+1","Noxious Fumes+1","Terror+1","Envenom+1","Backflip+1"],"relics":["Ring of the Snake","Whetstone","Meat on the Bone","Smiling Mask","Golden Idol","Molten Egg 2","Runic Pyramid","PreservedInsect","Dream Catcher","Strawberry","Busted Crown","Mark of the Bloom","Red Mask","Dodecahedron","Mummified Hand","Juzu Bracelet"],"potions_floor_usage":[12,16,30,40,46,50,50],"damage_taken":[{"damage":0,"enemies":"Cultist","floor":1,"turns":5},{"damage":0,"enemies":"Small Slimes","floor":3,"turns":4},{"damage":0,"enemies":"2 Louse","floor":5,"turns":2},{"damage":29,"enemies":"Lagavulin","floor":6,"turns":7},{"damage":18,"enemies":"Gremlin Nob","floor":8,"turns":5},{"damage":0,"enemies":"Large Slime","floor":10,"turns":4},{"damage":20,"enemies":"Lagavulin","floor":12,"turns":6},{"damage":0,"enemies":"Red Slaver","floor":13,"turns":2},{"damage":9,"enemies":"The Guardian","floor":16,"turns":6},{"damage":12,"enemies":"2 Thieves","floor":18,"turns":3},{"damage":12,"enemies":"Spheric Guardian","floor":21,"turns":4},{"damage":0,"enemies":"Gremlin Leader","floor":24,"turns":3},{"damage":6,"enemies":"Shelled Parasite and Fungi","floor":25,"turns":3},{"damage":0,"enemies":"Centurion and Healer","floor":30,"turns":4},{"damage":16,"enemies":"Snecko","floor":31,"turns":4},{"damage":12,"enemies":"Champ","floor":33,"turns":7},{"damage":0,"enemies":"3 Darklings","floor":35,"turns":4},{"damage":0,"enemies":"Orb Walker","floor":39,"turns":3},{"damage":28,"enemies":"Reptomancer","floor":40,"turns":5},{"damage":1,"enemies":"Nemesis","floor":42,"turns":5},{"damage":6,"enemies":"Sphere and 2 Shapes","floor":44,"turns":3},{"damage":5,"enemies":"Writhing Mass","floor":46,"turns":4},{"damage":13,"enemies":"Awakened One","floor":50,"turns":11},{"damage":26,"enemies":"Shield and Spear","floor":54,"turns":2}],"seed_played":"-2142628339868819039","potions_obtained":[{"floor":3,"key":"FairyPotion"},{"floor":6,"key":"Energy Potion"},{"floor":10,"key":"GhostInAJar"},{"floor":16,"key":"FearPotion"},{"floor":21,"key":"Weak Potion"},{"floor":42,"key":"Regen Potion"},{"floor":44,"key":"Poison Potion"},{"floor":46,"key":"SkillPotion"}],"is_trial":false,"path_per_floor":["M","?","M","$","M","E","R","E","T","M","?","E","M","$","R","B",null,"M","$","?","M","?","R","E","M","T","R","$","R","M","M","R","B",null,"M","?","?","?","M","E","R","E","T","M","?","M","?","$","R","B",null,"R","$","E"],"character_chosen":"THE_SILENT","items_purchased":["Noxious Fumes","Dash+1","Poisoned Stab+1","PreservedInsect"],"campfire_rested":4,"item_purchase_floors":[4,14,14,19],"current_hp_per_floor":[49,38,38,38,38,9,30,12,12,24,24,16,28,28,28,31,70,58,58,58,46,32,53,53,47,54,54,54,54,54,50,50,50,77,77,77,77,77,77,49,49,48,48,42,42,37,37,37,37,24,24,24,24,0],"gold":45,"neow_bonus":"REMOVE_TWO","is_prod":false,"is_daily":false,"chose_seed":false,"campfire_upgraded":4,"win_rate":0,"timestamp":1548731947,"path_taken":["M","?","M","$","M","E","R","E","T","M","?","E","M","$","R","BOSS","M","$","?","M","?","R","E","?","T","R","?","R","M","M","R","BOSS","M","?","?","?","M","E","R","E","T","M","?","M","?","?","R","BOSS","R","$","E"],"build_version":"2019-01-23","purchased_purges":4,"victory":false,"max_hp_per_floor":[70,70,70,70,70,70,70,70,70,70,70,70,70,70,70,70,70,70,70,70,70,70,70,70,70,77,77,77,77,77,77,77,77,77,77,77,77,77,77,77,77,77,77,77,77,77,73,73,73,73,73,73,73,73],"card_choices":[{"not_picked":["Bane","Underhanded Strike"],"picked":"Poisoned Stab","floor":1},{"not_picked":["Backflip","Predator"],"picked":"Catalyst","floor":3},{"not_picked":["Sucker Punch","Slice","Endless Agony"],"picked":"SKIP","floor":5},{"not_picked":["Tactician","Blur"],"picked":"Bullet Time","floor":6},{"not_picked":["Underhanded Strike","Heel Hook","Reflex"],"picked":"SKIP","floor":8},{"not_picked":["Slice","Flechettes"],"picked":"Crippling Poison","floor":10},{"not_picked":["Acrobatics","Quick Slash"],"picked":"Dash","floor":12},{"not_picked":["Sucker Punch+1","Deflect"],"picked":"Bane+1","floor":13},{"not_picked":["Doppelganger","Tools of the Trade"],"picked":"Storm of Steel","floor":16},{"not_picked":["Backflip","Masterful Stab+1","Prepared"],"picked":"SKIP","floor":18},{"not_picked":["Slice+1","Tactician"],"picked":"Noxious Fumes","floor":21},{"not_picked":["Slice+1","Dagger Spray+1"],"picked":"Terror","floor":24},{"not_picked":["Sucker Punch+1","Outmaneuver","Caltrops+1"],"picked":"SKIP","floor":25},{"not_picked":["Deadly Poison+1","Blade Dance","Noxious Fumes"],"picked":"SKIP","floor":30},{"not_picked":["Catalyst","Deadly Poison","Eviscerate+1"],"picked":"SKIP","floor":31},{"not_picked":["Doppelganger","Die Die Die+1"],"picked":"Envenom","floor":33},{"not_picked":["Dodge and Roll+1"],"picked":"SKIP","floor":35},{"not_picked":["Catalyst+1"],"picked":"SKIP","floor":39},{"not_picked":["Deflect"],"picked":"SKIP","floor":40},{"not_picked":["Flying Knee+1"],"picked":"SKIP","floor":42},{"not_picked":["Bane+1"],"picked":"SKIP","floor":44},{"not_picked":[],"picked":"Backflip+1","floor":46}],"player_experience":118418,"relics_obtained":[{"floor":6,"key":"Whetstone"},{"floor":8,"key":"Meat on the Bone"},{"floor":9,"key":"Smiling Mask"},{"floor":12,"key":"Molten Egg 2"},{"floor":24,"key":"Dream Catcher"},{"floor":26,"key":"Strawberry"},{"floor":40,"key":"Dodecahedron"},{"floor":42,"key":"Mummified Hand"}],"event_choices":[{"damage_healed":0,"gold_gain":75,"player_choice":"Gather Gold","damage_taken":11,"max_hp_gain":0,"max_hp_loss":0,"event_name":"World of Goop","floor":2,"gold_loss":0},{"damage_healed":0,"gold_gain":0,"player_choice":"Take Wound","damage_taken":0,"relics_obtained":["Golden Idol"],"max_hp_gain":0,"max_hp_loss":0,"event_name":"Golden Idol","floor":11,"gold_loss":0,"cards_obtained":["Injury"]},{"damage_healed":0,"gold_gain":0,"player_choice":"Read","damage_taken":0,"max_hp_gain":0,"max_hp_loss":0,"event_name":"The Library","floor":20,"gold_loss":0,"cards_obtained":["Bane"]},{"damage_healed":0,"gold_gain":90,"player_choice":"GOLD ","damage_taken":14,"max_hp_gain":0,"max_hp_loss":0,"event_name":"Knowing Skull","floor":22,"potions_obtained":[],"gold_loss":0,"cards_obtained":[]},{"cards_removed":["Survivor"],"damage_healed":0,"gold_gain":0,"player_choice":"Removed Skill","damage_taken":0,"max_hp_gain":0,"max_hp_loss":0,"event_name":"Falling","floor":36,"gold_loss":0},{"damage_healed":0,"gold_gain":0,"player_choice":"Upgrade","damage_taken":0,"relics_obtained":["Mark of the Bloom"],"max_hp_gain":0,"max_hp_loss":0,"event_name":"MindBloom","floor":37,"gold_loss":0,"cards_upgraded":["Defend_G","Defend_G","Defend_G","Defend_G","Neutralize","Bullet Time","Storm of Steel","Terror","Envenom"]},{"damage_healed":0,"gold_gain":0,"player_choice":"Paid","damage_taken":0,"relics_obtained":["Red Mask"],"max_hp_gain":0,"max_hp_loss":0,"event_name":"Tomb of Lord Red Mask","floor":38,"gold_loss":341},{"damage_healed":0,"gold_gain":0,"player_choice":"Paid Gold","damage_taken":0,"relics_obtained":["Juzu Bracelet"],"max_hp_gain":0,"max_hp_loss":0,"event_name":"WeMeetAgain","floor":45,"gold_loss":82},{"damage_healed":0,"gold_gain":0,"player_choice":"Max HP","damage_taken":0,"max_hp_gain":0,"max_hp_loss":4,"event_name":"Winding Halls","floor":47,"gold_loss":0}],"is_beta":false,"boss_relics":[{"not_picked":["HoveringKite","Eternal Feather"],"picked":"Runic Pyramid"},{"not_picked":["Coffee Dripper","Fusion Hammer"],"picked":"Busted Crown"}],"items_purged_floors":[4,14,19,28],"is_endless":false,"potions_floor_spawned":[3,6,10,16,21,25,42,44,46],"killed_by":"Shield and Spear","ascension_level":1}