{"gold_per_floor":[118,118,193,78,78,78,78,78,105,118,132,157,177,177,177,281,281,291,304,304,154,165,165,176,189,189,207,177,187,187,204,204,301,301,318,368,368,386,386,386,0,0,75,49,49,65,15,28,28,28],"floor_reached":51,"playtime":3936,"items_purged":["Strike_R","Strike_R"],"score":672,"play_id":"36f8c016-1e53-4bb4-8c44-87152bba5029","local_time":"20190130163014","is_ascension_mode":false,"campfire_choices":[{"data":"Pommel Strike","floor":6,"key":"SMITH"},{"data":"Spot Weakness","floor":8,"key":"SMITH"},{"floor":15,"key":"REST"},{"floor":23,"key":"REST"},{"floor":30,"key":"REST"},{"floor":32,"key":"REST"},{"floor":40,"key":"REST"},{"data":"Limit Break","floor":42,"key":"SMITH"},{"data":"Heavy Blade","floor":49,"key":"SMITH"}],"neow_cost":"NONE","seed_source_timestamp":275922224946201,"circlet_count":0,"master_deck":["Strike_R","Defend_R","Defend_R","Defend_R","Bash","Pommel Strike+1","Spot Weakness+1","Heavy Blade+1","Warcry","Spot Weakness","Battle Trance","Limit Break+1","Flex","Heavy Blade","Flex","Armaments+1","Fire Breathing+1","Pummel","Infernal Blade+1","Offering","Heavy Blade+1","Shrug It Off","Battle Trance"],"relics":["Black Blood","Magic Flower","Regal Pillow","Unceasing Top","Ornamental Fan","Torii","Velvet Choker","Charon\u0027s Ashes","Red Mask","Self Forming Clay"],"potions_floor_usage":[12,12,12,12,16,27,29,29,33,33,46,50,50],"damage_taken":[{"damage":8,"enemies":"Small Slimes","floor":1,"turns":4},{"damage":3,"enemies":"Jaw Worm","floor":10,"turns":4},{"damage":6,"enemies":"Cultist","floor":11,"turns":3},{"damage":35,"enemies":"3 Sentries","floor":12,"turns":7},{"damage":7,"enemies":"3 Louse","floor":13,"turns":3},{"damage":83,"enemies":"Hexaghost","floor":16,"turns":10},{"damage":14,"enemies":"Chosen","floor":18,"turns":6},{"damage":25,"enemies":"Spheric Guardian","floor":19,"turns":4},{"damage":48,"enemies":"Snecko","floor":22,"turns":5},{"damage":33,"enemies":"Chosen and Byrds","floor":24,"turns":6},{"damage":43,"enemies":"3 Cultists","floor":25,"turns":5},{"damage":36,"enemies":"Snake Plant","floor":27,"turns":3},{"damage":19,"enemies":"Centurion and Healer","floor":29,"turns":5},{"damage":22,"enemies":"Shelled Parasite and Fungi","floor":31,"turns":3},{"damage":60,"enemies":"Collector","floor":33,"turns":5},{"damage":26,"enemies":"3 Shapes","floor":35,"turns":4},{"damage":55,"enemies":"2 Orb Walkers","floor":36,"turns":4},{"damage":7,"enemies":"Orb Walker","floor":38,"turns":2},{"damage":16,"enemies":"Maw","floor":46,"turns":5},{"damage":6,"enemies":"Transient","floor":48,"turns":5},{"damage":77,"enemies":"Awakened One","floor":50,"turns":7}],"seed_played":"5367941853950070012","potions_obtained":[{"floor":10,"key":"EntropicBrew"},{"floor":11,"key":"Poison Potion"},{"floor":16,"key":"SpeedPotion"},{"floor":19,"key":"Block Potion"},{"floor":25,"key":"LiquidBronze"},{"floor":28,"key":"SpeedPotion"},{"floor":28,"key":"GamblersBrew"},{"floor":29,"key":"SpeedPotion"},{"floor":31,"key":"Strength Potion"},{"floor":36,"key":"Fruit Juice"},{"floor":38,"key":"SkillPotion"}],"is_trial":false,"path_per_floor":["?","?","?","?","M","?","?","$","?","M","?","?","M","?","?","$","M"],"character_chosen":"IRONCLAD","items_purchased":["Spot Weakness","Flex","Shrug It Off","Strength Potion"],"campfire_rested":5,"item_purchase_floors":[4,21,44,47],"current_hp_per_floor":[86,91,80,80,80,80,68,68,68,74,77,51,53,53,93,19,93,93,83,83,83,50,92,74,46,46,25,25,21,63,56,93,48,93,82,42,42,50,50,92,92,92,92,92,92,91,91,93,93,36],"gold":28,"neow_bonus":"TEN_PERCENT_HP_BONUS","is_prod":false,"is_daily":false,"chose_seed":false,"campfire_upgraded":4,"win_rate":0.0,"timestamp":1548862214,"path_taken":["M","?","?","$","?","R","?","R","T","?","M","E","M","?","R","BOSS","M","M","?","?","M","R","M","M","T","M","?","?","R","M","R","BOSS","M","?","?","?","?","R","?","R","T","?","$","?","$","M","R","BOSS"],"build_version":"2019-01-23","purchased_purges":2,"victory":true,"max_hp_per_floor":[88,93,93,93,93,93,93,93,93,93,93,93,93,93,93,93,93,93,93,93,93,93,93,93,93,93,93,93,93,93,93,93,93,93,93,93,93,93,93,93,93,93,93,93,93,93,93,93,93,98],"card_choices":[{"not_picked":["Thunderclap","Anger"],"picked":"Pommel Strike","floor":1},{"not_picked":["Metallicize","Rage"],"picked":"Heavy Blade","floor":10},{"not_picked":["Twin Strike","Flame Barrier"],"picked":"Warcry","floor":11},{"not_picked":["Cleave","Body Slam"],"picked":"Spot Weakness","floor":12},{"not_picked":["Clothesline","Fire Breathing"],"picked":"Battle Trance","floor":13},{"not_picked":["Reaper","Feed"],"picked":"Limit Break","floor":16},{"not_picked":["Pommel Strike","Flame Barrier"],"picked":"Flex","floor":18},{"not_picked":["Wild Strike","Headbutt"],"picked":"Heavy Blade","floor":19},{"not_picked":["Iron Wave+1","Body Slam","Searing Blow"],"picked":"SKIP","floor":22},{"not_picked":["Ghostly Armor","Rage"],"picked":"Armaments+1","floor":24},{"not_picked":["Perfected Strike","Thunderclap"],"picked":"Fire Breathing+1","floor":25},{"not_picked":["Blood for Blood","Thunderclap"],"picked":"Pummel","floor":27},{"not_picked":["Dropkick","Spot Weakness"],"picked":"Infernal Blade+1","floor":29},{"not_picked":["Dark Embrace","Clothesline","Entrench"],"picked":"SKIP","floor":31},{"not_picked":["Barricade","Berserk"],"picked":"Offering","floor":33},{"not_picked":["Carnage+1","Perfected Strike+1","Clothesline"],"picked":"SKIP","floor":35},{"not_picked":["Cleave+1","Thunderclap"],"picked":"Heavy Blade+1","floor":38},{"not_picked":["Rupture","Anger+1","Clothesline+1"],"picked":"SKIP","floor":46},{"not_picked":["Carnage","Pommel Strike"],"picked":"Battle Trance","floor":48}],"player_experience":31922,"relics_obtained":[{"floor":9,"key":"Regal Pillow"},{"floor":12,"key":"Unceasing Top"},{"floor":26,"key":"Torii"},{"floor":36,"key":"Charon\u0027s Ashes"},{"floor":43,"key":"Self Forming Clay"}],"event_choices":[{"damage_healed":0,"gold_gain":0,"player_choice":"Donut","damage_taken":0,"max_hp_gain":5,"max_hp_loss":0,"event_name":"Big Fish","floor":2,"gold_loss":0},{"damage_healed":0,"gold_gain":75,"player_choice":"Gather Gold","damage_taken":11,"max_hp_gain":0,"max_hp_loss":0,"event_name":"World of Goop","floor":3,"gold_loss":0},{"cards_removed":["Strike_R"],"damage_healed":0,"gold_gain":0,"player_choice":"Forget","damage_taken":0,"max_hp_gain":0,"max_hp_loss":0,"event_name":"Living Wall","floor":5,"gold_loss":0},{"damage_healed":0,"gold_gain":0,"player_choice":"Success","damage_taken":12,"relics_obtained":["Magic Flower"],"max_hp_gain":0,"max_hp_loss":0,"event_name":"Scrap Ooze","floor":7,"gold_loss":0},{"damage_healed":0,"gold_gain":0,"player_choice":"Ignored","damage_taken":0,"max_hp_gain":0,"max_hp_loss":0,"event_name":"Liars Game","floor":14,"gold_loss":0},{"damage_healed":0,"gold_gain":0,"player_choice":"Gave Potion","damage_taken":0,"relics_obtained":["Ornamental Fan"],"max_hp_gain":0,"max_hp_loss":0,"event_name":"WeMeetAgain","floor":20,"gold_loss":0},{"damage_healed":0,"gold_gain":0,"player_choice":"Bought 2 Potions","damage_taken":0,"max_hp_gain":0,"max_hp_loss":0,"event_name":"The Woman in Blue","floor":28,"gold_loss":0},{"damage_healed":0,"gold_gain":0,"player_choice":"Fight","damage_taken":0,"max_hp_gain":0,"max_hp_loss":0,"event_name":"Mysterious Sphere","floor":36,"gold_loss":0},{"cards_removed":["Defend_R"],"damage_healed":0,"gold_gain":0,"player_choice":"Card Removal","damage_taken":0,"max_hp_gain":0,"max_hp_loss":0,"event_name":"Wheel of Change","floor":37,"gold_loss":0},{"cards_removed":["Strike_R"],"damage_healed":0,"gold_gain":0,"player_choice":"Removed Attack","damage_taken":0,"max_hp_gain":0,"max_hp_loss":0,"event_name":"Falling","floor":39,"gold_loss":0},{"damage_healed":0,"gold_gain":0,"player_choice":"Paid","damage_taken":0,"relics_obtained":["Red Mask"],"max_hp_gain":0,"max_hp_loss":0,"event_name":"Tomb of Lord Red Mask","floor":41,"gold_loss":386}],"is_beta":false,"boss_relics":[{"not_picked":["Ectoplasm","White Beast Statue"],"picked":"Black Blood"},{"not_picked":["Black Star","Busted Crown"],"picked":"Velvet Choker"}],"items_purged_floors":[4,21],"is_endless":false,"potions_floor_spawned":[10,11,16,19,25,29,31,36,38],"ascension_level":0}