{"gold_per_floor":[117,117,71,246,257,292,312,312,312,341,341,361,361,372,372,372],"floor_reached":16,"playtime":478,"items_purged":[],"score":135,"play_id":"6449638d-484d-402e-bd55-c089ea52d494","local_time":"20190124203324","is_ascension_mode":false,"campfire_choices":[{"data":"Runesmith:ChaoticBlast","floor":8,"key":"SMITH"},{"floor":15,"key":"REST"}],"neow_cost":"NONE","seed_source_timestamp":1314681076313200,"circlet_count":0,"master_deck":["Runesmith:Strike_RS","Runesmith:Strike_RS","Runesmith:Strike_RS","Runesmith:Defend_RS","Runesmith:Defend_RS","Runesmith:Defend_RS","Runesmith:Defend_RS","Runesmith:CraftFirestone+1","Runesmith:Fortify","Runesmith:ChaoticBlast+1","Runesmith:EarthShield","Doubt","Runesmith:HeatedChisel","Runesmith:ForcesOfNature","Runesmith:CraftSpiculum","Runesmith:GoWithTheFlow","Runesmith:ElementalConversion","Runesmith:EarthShield"],"relics":["Runesmith:BrokenRuby","NeowsBlessing","Golden Egg","Unceasing Top"],"potions_floor_usage":[14,16],"damage_taken":[{"damage":0,"enemies":"Small Slimes","floor":1,"turns":1},{"damage":0,"enemies":"Cultist","floor":5,"turns":1},{"damage":0,"enemies":"Lagavulin","floor":6,"turns":2},{"damage":7,"enemies":"2 Louse","floor":7,"turns":2},{"damage":31,"enemies":"3 Sentries","floor":10,"turns":7},{"damage":23,"enemies":"Exordium Wildlife","floor":12,"turns":5},{"damage":7,"enemies":"Blue Slaver","floor":14,"turns":4},{"damage":29,"enemies":"The Guardian","floor":16,"turns":4}],"seed_played":"-6919600968084500049","potions_obtained":[{"floor":1,"key":"Elixir"},{"floor":12,"key":"Adrenaline Potion"},{"floor":14,"key":"Poison Potion"}],"is_trial":false,"path_per_floor":["M","?","$","?","M","E","M","R","T","E","?","M","?","M","R","B"],"character_chosen":"RUNESMITH_CLASS","items_purchased":["Runesmith:EarthShield"],"campfire_rested":1,"item_purchase_floors":[3],"current_hp_per_floor":[70,70,70,70,70,70,63,63,63,32,32,9,9,2,23,0],"gold":372,"neow_bonus":"THREE_ENEMY_KILL","is_prod":false,"is_daily":false,"chose_seed":false,"campfire_upgraded":1,"win_rate":0.0,"timestamp":1548380004,"path_taken":["M","?","?","?","M","E","?","R","T","E","?","M","?","M","R","BOSS"],"build_version":"2019-01-23","purchased_purges":0,"victory":false,"max_hp_per_floor":[70,70,70,70,70,70,70,70,70,70,70,70,70,70,70,70],"card_choices":[{"not_picked":["Runesmith:Attraction","Runesmith:EarthShield"],"picked":"Runesmith:ChaoticBlast","floor":1},{"not_picked":["Runesmith:RuneHurl","Runesmith:CraftIncendium"],"picked":"Runesmith:HeatedChisel","floor":5},{"not_picked":["Runesmith:RunicBullets","Runesmith:ChiselStab"],"picked":"Runesmith:ForcesOfNature","floor":6},{"not_picked":["Runesmith:Runesonance","Runesmith:HammerSlam"],"picked":"Runesmith:CraftSpiculum","floor":7},{"not_picked":["Runesmith:HammerAndChisel","Runesmith:HammerThrow"],"picked":"Runesmith:GoWithTheFlow","floor":10},{"not_picked":["Runesmith:HeatedChisel","Runesmith:Discharge"],"picked":"Runesmith:ElementalConversion","floor":12},{"not_picked":["Runesmith:MakeshiftArmor","Runesmith:Reinforce"],"picked":"Runesmith:EarthShield","floor":14}],"player_experience":1177873,"relics_obtained":[{"floor":6,"key":"Golden Egg"},{"floor":10,"key":"Unceasing Top"}],"event_choices":[{"cards_removed":["Runesmith:Strike_RS"],"damage_healed":0,"gold_gain":0,"player_choice":"Offered Basic","damage_taken":0,"max_hp_gain":0,"max_hp_loss":0,"event_name":"Bonfire Elementals","floor":2,"gold_loss":0},{"damage_healed":0,"gold_gain":175,"player_choice":"AGREE","damage_taken":0,"max_hp_gain":0,"max_hp_loss":0,"event_name":"Liars Game","floor":4,"gold_loss":0,"cards_obtained":["Doubt"]},{"damage_healed":0,"gold_gain":0,"player_choice":"Grow","damage_taken":0,"max_hp_gain":0,"max_hp_loss":0,"event_name":"Living Wall","floor":11,"gold_loss":0,"cards_upgraded":["Runesmith:CraftFirestone"]},{"damage_healed":0,"gold_gain":0,"player_choice":"Ignored","damage_taken":0,"max_hp_gain":0,"max_hp_loss":0,"event_name":"Shining Light","floor":13,"gold_loss":0}],"is_beta":true,"boss_relics":[],"items_purged_floors":[],"is_endless":false,"potions_floor_spawned":[1,12,14],"killed_by":"The Guardian","ascension_level":0}