{"gold_per_floor":[110,129,145,220,238,238,250,306,379,396,429,445,459,469,469,469],"floor_reached":16,"playtime":1600,"items_purged":[],"score":140,"play_id":"7a93f3e8-035d-4a98-b683-e3e2ead0efe0","local_time":"20190108133540","is_ascension_mode":true,"campfire_choices":[{"data":"Bash","floor":6,"key":"SMITH"},{"data":"Pommel Strike","floor":15,"key":"SMITH"}],"neow_cost":"NONE","seed_source_timestamp":3707135275164723,"circlet_count":0,"master_deck":["Strike_R","Strike_R","Strike_R","Strike_R","Defend_R","Defend_R","Defend_R","Defend_R","Bash+1","Iron Wave","Anger","Exhume","Pommel Strike+1","Warcry"],"relics":["Burning Blood","WingedGreaves","Meat on the Bone","Orichalcum"],"potions_floor_usage":[8,8,11,12,16],"damage_taken":[{"damage":0,"enemies":"Small Slimes","floor":1,"turns":3},{"damage":1,"enemies":"Cultist","floor":2,"turns":3},{"damage":3,"enemies":"Jaw Worm","floor":3,"turns":4},{"damage":8,"enemies":"Exordium Wildlife","floor":5,"turns":6},{"damage":5,"enemies":"2 Fungi Beasts","floor":7,"turns":4},{"damage":11,"enemies":"Gremlin Nob","floor":8,"turns":3},{"damage":29,"enemies":"Exordium Thugs","floor":10,"turns":6},{"damage":40,"enemies":"3 Sentries","floor":11,"turns":6},{"damage":8,"enemies":"Exordium Wildlife","floor":12,"turns":6},{"damage":2,"enemies":"Blue Slaver","floor":13,"turns":4},{"damage":6,"enemies":"2 Fungi Beasts","floor":14,"turns":3},{"damage":47,"enemies":"The Guardian","floor":16,"turns":8}],"seed_played":"7758471845852516942","potions_obtained":[{"floor":2,"key":"FearPotion"},{"floor":7,"key":"AttackPotion"},{"floor":8,"key":"PowerPotion"},{"floor":10,"key":"Dexterity Potion"},{"floor":11,"key":"GamblersBrew"},{"floor":13,"key":"PowerPotion"}],"is_trial":false,"path_per_floor":["M","M","M","?","M","R","M","?","T","M","E","M","M","M","R","B"],"character_chosen":"IRONCLAD","items_purchased":[],"campfire_rested":0,"item_purchase_floors":[],"current_hp_per_floor":[78,80,80,72,70,70,71,66,66,55,33,43,47,47,47,0],"gold":469,"neow_bonus":"REMOVE_CARD","is_prod":false,"is_daily":false,"chose_seed":false,"campfire_upgraded":2,"win_rate":0,"timestamp":1546983340,"path_taken":["M","M","M","?","M","R","?","?","T","M","E","M","M","M","R","BOSS"],"build_version":"2019-01-03v4","purchased_purges":0,"victory":false,"max_hp_per_floor":[80,80,80,80,80,80,80,80,80,80,80,80,80,80,80,80],"card_choices":[{"not_picked":["Rage","Sword Boomerang"],"picked":"Iron Wave","floor":1},{"not_picked":["Uppercut","True Grit","Flex"],"picked":"SKIP","floor":2},{"not_picked":["Disarm","True Grit","Wild Strike"],"picked":"SKIP","floor":3},{"not_picked":["Flex","Reckless Charge","Uppercut"],"picked":"SKIP","floor":5},{"not_picked":["Bloodletting","Pummel"],"picked":"Anger","floor":7},{"not_picked":["Anger","Rampage","Clash"],"picked":"SKIP","floor":10},{"not_picked":["Twin Strike","Intimidate"],"picked":"Exhume","floor":11},{"not_picked":["Twin Strike","Clothesline"],"picked":"Pommel Strike","floor":12},{"not_picked":["Anger","Headbutt"],"picked":"Warcry","floor":13},{"not_picked":["Perfected Strike","Searing Blow","Clash"],"picked":"SKIP","floor":14}],"player_experience":239364,"relics_obtained":[{"floor":8,"key":"WingedGreaves"},{"floor":9,"key":"Meat on the Bone"},{"floor":11,"key":"Orichalcum"}],"event_choices":[{"damage_healed":0,"gold_gain":75,"player_choice":"Touch","damage_taken":8,"max_hp_gain":0,"max_hp_loss":0,"event_name":"FaceTrader","floor":4,"gold_loss":0},{"damage_healed":0,"gold_gain":0,"player_choice":"Searched \u00271\u0027 times","damage_taken":0,"max_hp_gain":0,"max_hp_loss":0,"event_name":"Dead Adventurer","floor":8,"gold_loss":0}],"is_beta":false,"boss_relics":[],"items_purged_floors":[],"is_endless":false,"potions_floor_spawned":[2,7,8,10,11,13],"killed_by":"The Guardian","ascension_level":6}