{"gold_per_floor":[117,131,191,0,0,32,32,52,101,101,133,149,175,175,175,253,253,264,276,276,276,276,311,321,321,321,321,353,373,373,247,247,319,319,339,339,339,354,370,370,382,382,382,382,397,199,199,278,278,278],"floor_reached":51,"playtime":2381,"items_purged":["Strike_R+1","Strike_R+1"],"score":1552,"play_id":"1ed1d4b7-da4b-481b-b224-d149cc50d8f1","local_time":"20190130003624","is_ascension_mode":true,"campfire_choices":[{"data":"Flame Barrier","floor":7.0,"key":"SMITH"},{"data":"Immolate","floor":15.0,"key":"SMITH"},{"data":"Offering","floor":25,"key":"SMITH"},{"floor":27,"key":"REST"},{"data":"Sword Boomerang","floor":32,"key":"SMITH"},{"data":"Whirlwind","floor":40,"key":"SMITH"},{"data":"Battle Trance","floor":44,"key":"SMITH"},{"data":"Twin Strike","floor":47,"key":"SMITH"},{"floor":49,"key":"REST"}],"neow_cost":"NONE","seed_source_timestamp":1802973573466357,"circlet_count":0,"master_deck":["AscendersBane","Strike_R+1","Strike_R+1","Strike_R+1","Defend_R+1","Defend_R+1","Defend_R+1","Defend_R+1","Bash+1","Flame Barrier+1","Battle Trance+1","Twin Strike+1","Immolate+1","Offering+1","Whirlwind+1","Warcry+1","Heavy Blade+1"],"special_seed":0,"relics":["Burning Blood","NeowsBlessing","Brimstone","Art of War","Omamori","Vajra","PreservedInsect","Mark of Pain","Orichalcum","Matryoshka","Potion Belt","MutagenicStrength","Velvet Choker","Ancient Tea Set","Mango","Bag of Marbles","Kunai"],"potions_floor_usage":[19,33,33,38,50,50,50,50],"damage_taken":[{"damage":0.0,"enemies":"Jaw Worm","floor":1.0,"turns":1.0},{"damage":0.0,"enemies":"2 Louse","floor":2.0,"turns":1.0},{"damage":0.0,"enemies":"Lagavulin","floor":6.0,"turns":1.0},{"damage":4.0,"enemies":"Small Slimes","floor":8.0,"turns":2.0},{"damage":34.0,"enemies":"Gremlin Nob","floor":11.0,"turns":4.0},{"damage":10.0,"enemies":"Blue Slaver","floor":12.0,"turns":3.0},{"damage":0.0,"enemies":"Lagavulin","floor":13.0,"turns":3.0},{"damage":0.0,"enemies":"Slime Boss","floor":16.0,"turns":5.0},{"damage":14,"enemies":"2 Thieves","floor":18,"turns":2},{"damage":8,"enemies":"3 Byrds","floor":19,"turns":4},{"damage":0,"enemies":"Gremlin Leader","floor":23,"turns":3},{"damage":23,"enemies":"Centurion and Healer","floor":24,"turns":3},{"damage":22,"enemies":"Slavers","floor":28,"turns":2},{"damage":6,"enemies":"Snecko","floor":29,"turns":2},{"damage":18,"enemies":"Champ","floor":33,"turns":5},{"damage":6,"enemies":"Orb Walker","floor":35,"turns":1},{"damage":6,"enemies":"3 Darklings","floor":38,"turns":2},{"damage":0,"enemies":"Sphere and 2 Shapes","floor":39,"turns":2},{"damage":6,"enemies":"Transient","floor":41,"turns":5},{"damage":4,"enemies":"4 Shapes","floor":45,"turns":3},{"damage":45,"enemies":"Time Eater","floor":50,"turns":6}],"seed_played":"-7324389987847150733","potions_obtained":[{"floor":1.0,"key":"Poison Potion"},{"floor":6.0,"key":"BloodPotion"},{"floor":11.0,"key":"SkillPotion"},{"floor":18,"key":"Fire Potion"},{"floor":29,"key":"PowerPotion"},{"floor":39,"key":"FearPotion"},{"floor":45,"key":"PowerPotion"}],"is_trial":false,"path_per_floor":["M","M","?","$","?","E","R","M","T","?","E","M","E","?","R","B",null,"M","M","?","?","?","E","M","R","T","R","E","M","?","$","R","B",null,"M","?","?","M","M","R","M","?","T","R","M","$","R","T","R","B",null],"character_chosen":"IRONCLAD","items_purchased":["Brimstone","SteroidPotion","PowerPotion","Dexterity Potion"],"campfire_rested":2,"item_purchase_floors":[4,31,46,46],"current_hp_per_floor":[74,75,75,75,75,75,75,75,75,80,60,56,62,62,62,68,77,69,67,67,67,67,73,56,56,56,80,64,64,64,64,64,52,73,73,73,73,73,79,79,79,79,93,93,94,94,94,94,94,55],"gold":278,"neow_bonus":"THREE_ENEMY_KILL","is_prod":false,"is_daily":false,"chose_seed":false,"campfire_upgraded":7,"win_rate":0,"timestamp":1548826584,"path_taken":["M","M","?","$","?","E","R","M","T","?","E","?","E","?","R","BOSS","M","M","?","?","?","E","M","R","T","R","E","M","?","$","R","BOSS","M","?","?","?","M","R","M","?","T","R","M","$","R","?","R","BOSS"],"build_version":"2019-01-23","purchased_purges":2,"victory":true,"max_hp_per_floor":[75,75,75,75,75,75,75,75,75,80,80,80,80,80,80,80,80,80,80,80,80,80,80,80,80,80,80,80,80,80,80,80,80,80,80,80,80,80,80,80,80,80,94,94,94,94,94,94,94,94],"card_choices":[{"not_picked":["Rampage","Combust"],"picked":"Clash","floor":1.0},{"not_picked":["Power Through","Havoc"],"picked":"Flame Barrier","floor":2.0},{"not_picked":["Spot Weakness","Flame Barrier","Warcry"],"picked":"SKIP","floor":6.0},{"not_picked":["Combust","Carnage"],"picked":"Battle Trance","floor":8.0},{"not_picked":["Clash","Shrug It Off"],"picked":"Twin Strike","floor":11.0},{"not_picked":["Inflame","Sword Boomerang"],"picked":"Immolate","floor":12.0},{"not_picked":["Twin Strike","Metallicize","Sentinel"],"picked":"SKIP","floor":13.0},{"not_picked":["Demon Form","Fiend Fire"],"picked":"Offering","floor":16.0},{"not_picked":["Wild Strike","Headbutt+1"],"picked":"Whirlwind","floor":18},{"not_picked":["Combust","Headbutt"],"picked":"Warcry+1","floor":19},{"not_picked":["Power Through","Anger"],"picked":"Sword Boomerang","floor":23},{"not_picked":["Clash","Juggernaut","Power Through"],"picked":"SKIP","floor":24},{"not_picked":["Havoc","Rampage","Cleave+1"],"picked":"SKIP","floor":28},{"not_picked":["Thunderclap","Twin Strike","Warcry+1"],"picked":"SKIP","floor":29},{"not_picked":["Shrug It Off+1","Thunderclap"],"picked":"Heavy Blade+1","floor":35},{"not_picked":["Flex+1","Perfected Strike","Heavy Blade+1"],"picked":"SKIP","floor":38},{"not_picked":["Sword Boomerang+1","Hemokinesis","Bloodletting+1"],"picked":"SKIP","floor":39},{"not_picked":["Wild Strike","Flex","Bloodletting+1"],"picked":"SKIP","floor":41},{"not_picked":["Dual Wield","Wild Strike","Second Wind"],"picked":"SKIP","floor":45}],"player_experience":408134,"relics_obtained":[{"floor":6.0,"key":"Art of War"},{"floor":9.0,"key":"Omamori"},{"floor":11.0,"key":"Vajra"},{"floor":13.0,"key":"PreservedInsect"},{"floor":23,"key":"Orichalcum"},{"floor":26,"key":"Matryoshka"},{"floor":28,"key":"Potion Belt"},{"floor":43,"key":"Ancient Tea Set"},{"floor":43,"key":"Mango"},{"floor":48,"key":"Bag of Marbles"},{"floor":48,"key":"Kunai"}],"event_choices":[{"damage_healed":0.0,"max_hp_gain":0.0,"max_hp_loss":0.0,"gold_gain":60.0,"event_name":"Golden Wing","player_choice":"Gained Gold","floor":3.0,"gold_loss":0.0,"damage_taken":0.0},{"damage_healed":0.0,"max_hp_gain":0.0,"max_hp_loss":0.0,"gold_gain":0.0,"event_name":"Living Wall","player_choice":"Grow","floor":5.0,"gold_loss":0.0,"damage_taken":0.0,"cards_upgraded":["Bash"]},{"damage_healed":0.0,"max_hp_gain":5.0,"max_hp_loss":0.0,"gold_gain":0.0,"event_name":"Big Fish","player_choice":"Donut","floor":10.0,"gold_loss":0.0,"damage_taken":0.0},{"damage_healed":0.0,"max_hp_gain":0.0,"max_hp_loss":0.0,"gold_gain":0.0,"event_name":"Liars Game","player_choice":"Ignored","floor":14.0,"gold_loss":0.0,"damage_taken":0.0},{"damage_healed":0,"gold_gain":0,"player_choice":"Ignored","damage_taken":0,"max_hp_gain":0,"max_hp_loss":0,"event_name":"Ghosts","floor":20,"gold_loss":0},{"damage_healed":0,"gold_gain":0,"player_choice":"Ignored","damage_taken":0,"max_hp_gain":0,"max_hp_loss":0,"event_name":"The Mausoleum","floor":21,"gold_loss":0},{"damage_healed":0,"gold_gain":0,"player_choice":"Simplicity","damage_taken":0,"max_hp_gain":0,"max_hp_loss":0,"event_name":"Back to Basics","floor":22,"gold_loss":0,"cards_upgraded":["Strike_R","Strike_R","Strike_R","Strike_R","Strike_R","Defend_R","Defend_R","Defend_R","Defend_R"]},{"damage_healed":0,"gold_gain":0,"player_choice":"Inject Mutagens","damage_taken":0,"relics_obtained":["MutagenicStrength"],"max_hp_gain":0,"max_hp_loss":0,"event_name":"Drug Dealer","floor":30,"gold_loss":0},{"damage_healed":0,"gold_gain":0,"player_choice":"Ignored","damage_taken":0,"max_hp_gain":0,"max_hp_loss":0,"event_name":"Mysterious Sphere","floor":36,"gold_loss":0},{"cards_removed":["Clash"],"damage_healed":0,"gold_gain":0,"player_choice":"Purged","damage_taken":0,"max_hp_gain":0,"max_hp_loss":0,"event_name":"Purifier","floor":37,"gold_loss":0},{"cards_removed":["Sword Boomerang"],"damage_healed":0,"gold_gain":0,"player_choice":"Removed Attack","damage_taken":0,"max_hp_gain":0,"max_hp_loss":0,"event_name":"Falling","floor":42,"gold_loss":0}],"is_beta":false,"boss_relics":[{"not_picked":["Runic Dome","Orrery"],"picked":"Mark of Pain"},{"not_picked":["Tiny House","Black Blood"],"picked":"Velvet Choker"}],"items_purged_floors":[31,46],"is_endless":false,"potions_floor_spawned":[1,6,11,18,29,39,45],"ascension_level":15}