{"gold_per_floor":[116,133,143,159,159,159,159,192,192,192,202,235,247,2,2,104,104,123,136,147,147,147,147,177,194,194,208,227,21,21,32,32,32],"floor_reached":33,"playtime":3667,"items_purged":["Strike_R+1"],"score":365,"play_id":"0ce99ce1-51d1-48f6-90eb-2334ca1ff5d4","local_time":"20190106174907","is_ascension_mode":true,"campfire_choices":[{"data":"Armaments","floor":6,"key":"SMITH"},{"data":"Body Slam","floor":10,"key":"SMITH"},{"data":"Anger","floor":15,"key":"SMITH"},{"data":"Pommel Strike","floor":23,"key":"SMITH"},{"data":"Evolve","floor":30,"key":"SMITH"},{"floor":32,"key":"REST"}],"neow_cost":"NONE","seed_source_timestamp":3547478574332312,"circlet_count":0,"master_deck":["Strike_R+1","Strike_R+1","Defend_R+1","Defend_R+1","Defend_R+1","Defend_R+1","Bash+1","Shockwave","Armaments+1","Body Slam+1","Pommel Strike+1","Anger+1","Intimidate","Immolate","Metallicize","Iron Wave+1","Clash","Pommel Strike+1","Rage","Body Slam+1","Inflame","Evolve+1","Shrug It Off+1"],"relics":["Burning Blood","Lantern","Dream Catcher","The Courier","Gambling Chip","Sozu","Bronze Scales","Shuriken","Whetstone"],"potions_floor_usage":[12,12,16,20],"damage_taken":[{"damage":2,"enemies":"2 Louse","floor":1,"turns":4},{"damage":5,"enemies":"Jaw Worm","floor":2,"turns":6},{"damage":0,"enemies":"Cultist","floor":3,"turns":4},{"damage":22,"enemies":"Lots of Slimes","floor":4,"turns":7},{"damage":18,"enemies":"Lagavulin","floor":8,"turns":8},{"damage":9,"enemies":"2 Fungi Beasts","floor":11,"turns":4},{"damage":35,"enemies":"3 Sentries","floor":12,"turns":10},{"damage":3,"enemies":"Looter","floor":13,"turns":3},{"damage":27,"enemies":"Slime Boss","floor":16,"turns":9},{"damage":6,"enemies":"Chosen","floor":18,"turns":4},{"damage":11,"enemies":"3 Byrds","floor":19,"turns":5},{"damage":14,"enemies":"Cultist and Chosen","floor":20,"turns":6},{"damage":47,"enemies":"Gremlin Leader","floor":24,"turns":8},{"damage":0,"enemies":"Snecko","floor":25,"turns":4},{"damage":15,"enemies":"Snake Plant","floor":27,"turns":3},{"damage":1,"enemies":"Chosen and Byrds","floor":28,"turns":4},{"damage":1,"enemies":"Centurion and Healer","floor":31,"turns":3},{"damage":60,"enemies":"Collector","floor":33,"turns":6}],"seed_played":"-5208872734549934577","potions_obtained":[{"floor":2,"key":"BloodPotion"},{"floor":4,"key":"SneckoOil"},{"floor":8,"key":"Strength Potion"},{"floor":16,"key":"Explosive Potion"}],"is_trial":false,"path_per_floor":["M","M","M","M","?","R","?","E","T","R","M","E","M","$","R","B",null,"M","M","M","?","?","R","E","M","T","M","M","$","R","M","R","B"],"character_chosen":"IRONCLAD","items_purchased":["Gambling Chip","Whetstone","Evolve"],"campfire_rested":1,"item_purchase_floors":[14,29,29],"current_hp_per_floor":[76,77,80,64,69,69,62,50,50,50,47,18,21,21,21,8,66,66,61,53,53,53,53,12,18,18,9,14,14,14,19,44,0],"gold":32,"neow_bonus":"THREE_CARDS","is_prod":false,"is_daily":false,"chose_seed":false,"campfire_upgraded":5,"win_rate":0,"timestamp":1546825747,"path_taken":["M","M","M","M","?","R","?","E","T","R","M","E","M","$","R","BOSS","M","M","M","?","?","R","E","M","T","M","?","?","R","M","R","BOSS"],"build_version":"2019-01-03v4","purchased_purges":1,"victory":false,"max_hp_per_floor":[80,80,80,80,85,85,85,85,85,85,85,85,85,85,85,85,85,85,85,85,85,85,85,85,85,85,85,85,85,85,85,85,85],"card_choices":[{"not_picked":["Infernal Blade","Thunderclap"],"picked":"Shockwave","floor":0},{"not_picked":["Thunderclap","Cleave"],"picked":"Armaments","floor":1},{"not_picked":["Reckless Charge","Combust","Armaments"],"picked":"SKIP","floor":2},{"not_picked":["Whirlwind","Wild Strike"],"picked":"Body Slam","floor":3},{"not_picked":["Twin Strike","Havoc"],"picked":"Pommel Strike","floor":4},{"not_picked":["Bloodletting","Sword Boomerang","Feel No Pain"],"picked":"SKIP","floor":8},{"not_picked":["True Grit","Pommel Strike"],"picked":"Anger","floor":11},{"not_picked":["Feel No Pain","Limit Break"],"picked":"Intimidate","floor":12},{"not_picked":["Shockwave","Clothesline","Warcry"],"picked":"SKIP","floor":13},{"not_picked":["Impervious","Limit Break"],"picked":"Immolate","floor":16},{"not_picked":["Wild Strike","Sentinel"],"picked":"Metallicize","floor":18},{"not_picked":["Intimidate","Rampage"],"picked":"Iron Wave+1","floor":19},{"not_picked":["Twin Strike","Perfected Strike"],"picked":"Clash","floor":20},{"not_picked":["Sword Boomerang+1","Reckless Charge"],"picked":"Pommel Strike","floor":24},{"not_picked":["Thunderclap+1","Rupture+1"],"picked":"Rage","floor":25},{"not_picked":["Sword Boomerang+1","Flex"],"picked":"Body Slam+1","floor":27},{"not_picked":["Iron Wave","Clothesline"],"picked":"Inflame","floor":28},{"not_picked":["Warcry","Uppercut","Rupture"],"picked":"SKIP","floor":31},{"not_picked":["Second Wind","Clothesline+1"],"picked":"Shrug It Off+1","floor":32}],"player_experience":221609,"relics_obtained":[{"floor":8,"key":"Lantern"},{"floor":9,"key":"Dream Catcher"},{"floor":12,"key":"The Courier"},{"floor":24,"key":"Bronze Scales"},{"floor":26,"key":"Shuriken"}],"event_choices":[{"damage_healed":0,"gold_gain":0,"player_choice":"Donut","damage_taken":0,"max_hp_gain":5,"max_hp_loss":0,"event_name":"Big Fish","floor":5,"gold_loss":0},{"cards_removed":["Strike_R"],"damage_healed":0,"gold_gain":0,"player_choice":"Card Removal","damage_taken":7,"max_hp_gain":0,"max_hp_loss":0,"event_name":"Golden Wing","floor":7,"gold_loss":0},{"damage_healed":0,"gold_gain":0,"player_choice":"Simplicity","damage_taken":0,"max_hp_gain":0,"max_hp_loss":0,"event_name":"Back to Basics","floor":21,"gold_loss":0,"cards_upgraded":["Strike_R","Strike_R","Strike_R","Strike_R","Defend_R","Defend_R","Defend_R","Defend_R"]},{"cards_removed":["Strike_R"],"damage_healed":0,"gold_gain":0,"player_choice":"Purged","damage_taken":0,"max_hp_gain":0,"max_hp_loss":0,"event_name":"Purifier","floor":22,"gold_loss":0}],"is_beta":false,"boss_relics":[{"not_picked":["Orrery","Black Blood"],"picked":"Sozu"}],"items_purged_floors":[29],"is_endless":false,"potions_floor_spawned":[2,4,8,16,18,25,27,28],"killed_by":"Collector","ascension_level":6}