{"gold_per_floor":[109,284,295,21,32,32,50,85,85,50,50,68,83,109,109,214,214,201,220,239,253,352,352,23,23,23,23,51,69,24,51,51,151,151,171,171],"floor_reached":36,"playtime":3300,"items_purged":["Doubt"],"score":460,"play_id":"14311b33-ed50-4a2b-9873-44983426ceaf","local_time":"20190114152322","is_ascension_mode":true,"campfire_choices":[{"data":"Bash","floor":6,"key":"SMITH"},{"data":"Shrug It Off","floor":11,"key":"SMITH"},{"data":"Corruption","floor":15,"key":"SMITH"},{"floor":23,"key":"REST"},{"data":"Clothesline","floor":27,"key":"SMITH"},{"floor":32,"key":"REST"}],"neow_cost":"NONE","seed_source_timestamp":444858988577300,"circlet_count":0,"master_deck":["Strike_R","Strike_R","Strike_R","Strike_R","Defend_R","Defend_R","Defend_R","Bash+1","Exhume","Havoc","Shrug It Off+1","Anger","Pommel Strike","Shrug It Off","Disarm","Corruption+1","Limit Break+1","Disarm+1","Warcry+1","Cleave","Flex+1","Clothesline+1","Havoc+1","Heavy Blade","Armaments+1","Pommel Strike","Impervious+1","True Grit+1"],"relics":["Burning Blood","Oddly Smooth Stone","Strawberry","Bottled Lightning","Toxic Egg 2","Eternal Feather","Mango","Gambling Chip","Red Skull","Mummified Hand","Empty Cage"],"potions_floor_usage":[16,19,19,28,31,33,35],"damage_taken":[{"damage":0,"enemies":"Small Slimes","floor":1,"turns":3},{"damage":7,"enemies":"2 Louse","floor":3,"turns":3},{"damage":2,"enemies":"Jaw Worm","floor":5,"turns":4},{"damage":21,"enemies":"Exordium Thugs","floor":7,"turns":5},{"damage":15,"enemies":"3 Sentries","floor":8,"turns":10},{"damage":2,"enemies":"Looter","floor":12,"turns":4},{"damage":1,"enemies":"Blue Slaver","floor":13,"turns":5},{"damage":27,"enemies":"Gremlin Nob","floor":14,"turns":4},{"damage":44,"enemies":"Hexaghost","floor":16,"turns":17},{"damage":20,"enemies":"2 Thieves","floor":18,"turns":4},{"damage":23,"enemies":"3 Byrds","floor":19,"turns":10},{"damage":30,"enemies":"Shelled Parasite and Fungi","floor":20,"turns":9},{"damage":8,"enemies":"Snake Plant","floor":21,"turns":8},{"damage":14,"enemies":"Book of Stabbing","floor":28,"turns":9},{"damage":22,"enemies":"3 Cultists","floor":29,"turns":7},{"damage":42,"enemies":"Gremlin Leader","floor":31,"turns":9},{"damage":65,"enemies":"Collector","floor":33,"turns":11},{"damage":43,"enemies":"3 Shapes","floor":35,"turns":7},{"damage":5,"enemies":"3 Darklings","floor":36,"turns":2}],"seed_played":"5972696531052767123","potions_obtained":[{"floor":5,"key":"SteroidPotion"},{"floor":8,"key":"Weak Potion"},{"floor":13,"key":"Regen Potion"},{"floor":21,"key":"AttackPotion"},{"floor":28,"key":"Block Potion"},{"floor":31,"key":"SkillPotion"},{"floor":33,"key":"SkillPotion"}],"is_trial":false,"path_per_floor":["M","?","M","$","M","R","M","E","T","?","R","M","M","E","R","B",null,"M","M","M","M","?","R","$","$","T","R","E","M","$","E","R","B",null,"M","M"],"character_chosen":"IRONCLAD","items_purchased":["Oddly Smooth Stone","Anger","Mango","Clothesline","Armaments+1"],"campfire_rested":2,"item_purchase_floors":[4,4,24,24,30],"current_hp_per_floor":[80,80,79,79,80,80,65,63,63,84,84,87,87,66,66,28,87,73,71,47,45,45,83,97,97,97,101,93,77,77,41,86,27,101,64,59],"gold":171,"neow_bonus":"ONE_RANDOM_RARE_CARD","is_prod":false,"is_daily":false,"chose_seed":false,"campfire_upgraded":4,"win_rate":0,"timestamp":1547497402,"path_taken":["M","?","M","$","M","R","M","E","T","?","R","M","?","E","R","BOSS","M","M","M","M","?","R","?","$","T","R","E","M","$","E","R","BOSS","M","M"],"build_version":"2019-01-10","purchased_purges":1,"victory":false,"max_hp_per_floor":[80,80,80,80,80,80,80,87,87,87,87,87,87,87,87,87,87,87,87,87,87,87,87,101,101,101,101,101,101,101,101,101,101,101,101,101],"card_choices":[{"not_picked":["Clash","Twin Strike"],"picked":"Havoc","floor":1},{"not_picked":["Hemokinesis","Power Through"],"picked":"Shrug It Off","floor":3},{"not_picked":["Clothesline","Iron Wave"],"picked":"Pommel Strike","floor":5},{"not_picked":["Warcry","Juggernaut"],"picked":"Shrug It Off","floor":7},{"not_picked":["Body Slam","Wild Strike"],"picked":"Disarm","floor":8},{"not_picked":["Second Wind","Body Slam","Twin Strike"],"picked":"SKIP","floor":12},{"not_picked":["Bloodletting","Body Slam","Perfected Strike"],"picked":"SKIP","floor":13},{"not_picked":["Fiend Fire","Warcry"],"picked":"Corruption","floor":14},{"not_picked":["Berserk","Dark Embrace"],"picked":"Limit Break+1","floor":16},{"not_picked":["Pummel","Iron Wave"],"picked":"Disarm+1","floor":18},{"not_picked":["Rupture","Power Through+1"],"picked":"Warcry+1","floor":19},{"not_picked":["Headbutt","Anger+1"],"picked":"Cleave","floor":20},{"not_picked":["Entrench+1","Shrug It Off+1"],"picked":"Flex+1","floor":21},{"not_picked":["Twin Strike","Thunderclap"],"picked":"Havoc+1","floor":28},{"not_picked":["Limit Break+1","Warcry+1"],"picked":"Heavy Blade","floor":29},{"not_picked":["Searing Blow","Evolve"],"picked":"Pommel Strike","floor":31},{"not_picked":["Double Tap+1","Brutality"],"picked":"Impervious+1","floor":33},{"not_picked":["Anger+1","Twin Strike"],"picked":"True Grit+1","floor":35}],"player_experience":29771,"relics_obtained":[{"floor":8,"key":"Strawberry"},{"floor":9,"key":"Bottled Lightning"},{"floor":14,"key":"Toxic Egg 2"},{"floor":26,"key":"Gambling Chip"},{"floor":28,"key":"Red Skull"},{"floor":31,"key":"Mummified Hand"}],"event_choices":[{"damage_healed":0,"gold_gain":175,"player_choice":"AGREE","damage_taken":0,"max_hp_gain":0,"max_hp_loss":0,"event_name":"Liars Game","floor":2,"gold_loss":0,"cards_obtained":["Doubt"]},{"damage_healed":21,"gold_gain":0,"player_choice":"Healed","damage_taken":0,"max_hp_gain":0,"max_hp_loss":0,"event_name":"The Cleric","floor":10,"gold_loss":35},{"damage_healed":0,"gold_gain":99,"player_choice":"Stole From Cult","damage_taken":0,"max_hp_gain":0,"max_hp_loss":0,"event_name":"Nest","floor":22,"gold_loss":0}],"is_beta":false,"boss_relics":[{"not_picked":["Cursed Key","Calling Bell"],"picked":"Eternal Feather"},{"not_picked":["Runic Pyramid","Velvet Choker"],"picked":"Empty Cage"}],"items_purged_floors":[4],"is_endless":false,"potions_floor_spawned":[5,8,13,21,28,31,33],"killed_by":"3 Darklings","ascension_level":1}