{"gold_per_floor":[117,133,133,133,151,184,184,201,201,201,201,233,408,54,54,152,152,170,180,214,214,227,227,244,244,244,244,274,274,290,390,390,390],"floor_reached":33,"playtime":3373,"items_purged":["Doubt"],"score":287,"play_id":"bea4f7e1-816b-45e6-9d1f-c52b1ebfadfa","local_time":"20181209213704","is_ascension_mode":true,"campfire_choices":[{"data":"Bash","floor":7.0,"key":"SMITH"},{"data":"Clash","floor":11.0,"key":"SMITH"},{"data":"Seeing Red","floor":15.0,"key":"SMITH"},{"floor":23,"key":"RECALL"},{"floor":27,"key":"REST"},{"floor":29,"key":"REST"},{"floor":32,"key":"REST"}],"neow_cost":"NONE","seed_source_timestamp":1142115220993732,"circlet_count":0,"master_deck":["Strike_R+1","Strike_R","Strike_R","Strike_R","Defend_R","Defend_R","Defend_R+1","Defend_R","Bash+1","Anger+1","Clash+1","Seeing Red+1","Panache","Enlightenment","Berserk","Sever Soul","Whirlwind","Brutality","Combust+1","Carnage"],"special_seed":0,"relics":["Burning Blood","Orichalcum","Fusion Hammer","Red Mask","Nloth\u0027s Gift","Blood Vial","Boot","WingedGreaves","Mummified Hand"],"potions_floor_usage":[20,22,31,31],"damage_taken":[{"damage":3.0,"enemies":"Cultist","floor":1.0,"turns":5.0},{"damage":0.0,"enemies":"Small Slimes","floor":2.0,"turns":3.0},{"damage":6.0,"enemies":"Jaw Worm","floor":5.0,"turns":4.0},{"damage":42.0,"enemies":"Lagavulin","floor":6.0,"turns":7.0},{"damage":4.0,"enemies":"Exordium Thugs","floor":8.0,"turns":4.0},{"damage":20.0,"enemies":"3 Sentries","floor":12.0,"turns":7.0},{"damage":34.0,"enemies":"The Guardian","floor":16.0,"turns":8.0},{"damage":9,"enemies":"Shell Parasite","floor":18,"turns":4},{"damage":29,"enemies":"3 Byrds","floor":19,"turns":5},{"damage":7,"enemies":"Masked Bandits","floor":20,"turns":3},{"damage":4,"enemies":"Snecko","floor":22,"turns":4},{"damage":20,"enemies":"Cultist and Chosen","floor":24,"turns":5},{"damage":13,"enemies":"Gremlin Leader","floor":28,"turns":4},{"damage":20,"enemies":"Snake Plant","floor":30,"turns":3},{"damage":3,"enemies":"Colosseum Slavers","floor":31,"turns":2},{"damage":70,"enemies":"Colosseum Nobs","floor":31,"turns":7},{"damage":51,"enemies":"Champ","floor":33,"turns":5}],"seed_played":"4738627698757587816","potions_obtained":[{"floor":6.0,"key":"Regen Potion"},{"floor":8.0,"key":"PowerPotion"},{"floor":12.0,"key":"Block Potion"},{"floor":16.0,"key":"Strength Potion"},{"floor":19,"key":"Weak Potion"},{"floor":20,"key":"AttackPotion"}],"is_trial":false,"path_per_floor":["M","M","?","?","M","E","R","M","T","?","R","E","?","$","R","B",null,"M","M","?","?","M","R","M","?","T","R","E","R","M","?","R","B"],"character_chosen":"IRONCLAD","items_purchased":["Panache","Enlightenment"],"campfire_rested":3,"item_purchase_floors":[14,14],"current_hp_per_floor":[80,80,80,64,64,28,28,30,30,35,35,36,36,36,36,8,85,82,59,58,58,60,60,46,46,46,71,66,85,71,14,39,0],"gold":390,"neow_bonus":"TRANSFORM_CARD","is_prod":false,"is_daily":false,"chose_seed":false,"campfire_upgraded":3,"win_rate":0,"timestamp":1544420224,"path_taken":["M","?","?","?","?","E","R","?","T","?","R","E","?","$","R","BOSS","M","M","?","?","?","R","M","?","T","R","E","R","?","?","R","BOSS"],"build_version":"2018-12-06","purchased_purges":1,"victory":false,"max_hp_per_floor":[80,80,80,80,80,80,80,80,80,85,85,85,85,85,85,85,85,85,85,85,85,85,85,85,85,85,85,85,85,85,85,85,85],"card_choices":[{"not_picked":["Warcry","Headbutt","Pommel Strike"],"picked":"SKIP","floor":1.0},{"not_picked":["Thunderclap","Cleave"],"picked":"Anger","floor":2.0},{"not_picked":["Blood for Blood","Flex"],"picked":"Clash","floor":5.0},{"not_picked":["Reaper","Whirlwind","Twin Strike"],"picked":"SKIP","floor":6.0},{"not_picked":["Heavy Blade","Thunderclap","Reckless Charge"],"picked":"SKIP","floor":8.0},{"not_picked":["Feel No Pain","Wild Strike"],"picked":"Seeing Red","floor":12.0},{"not_picked":["Limit Break","Immolate"],"picked":"Berserk","floor":16.0},{"not_picked":["Ghostly Armor","Warcry"],"picked":"Sever Soul","floor":18},{"not_picked":["Cleave","True Grit"],"picked":"Whirlwind","floor":19},{"not_picked":["Second Wind","Thunderclap","Ghostly Armor"],"picked":"SKIP","floor":22},{"not_picked":["Shockwave","Heavy Blade","Metallicize"],"picked":"SKIP","floor":24},{"not_picked":["Bloodletting+1","Thunderclap+1"],"picked":"Combust+1","floor":28},{"not_picked":["Limit Break","Headbutt","Perfected Strike"],"picked":"SKIP","floor":30},{"not_picked":["Perfected Strike","Clothesline"],"picked":"Carnage","floor":31}],"player_experience":91886,"relics_obtained":[{"floor":6.0,"key":"Orichalcum"},{"floor":12.0,"key":"Gremlin Horn"},{"floor":20,"key":"Red Mask"},{"floor":26,"key":"Blood Vial"},{"floor":28,"key":"Boot"},{"floor":31,"key":"WingedGreaves"},{"floor":31,"key":"Mummified Hand"}],"event_choices":[{"damage_healed":0.0,"max_hp_gain":0.0,"max_hp_loss":0.0,"gold_gain":0.0,"event_name":"Living Wall","player_choice":"Grow","floor":3.0,"gold_loss":0.0,"damage_taken":0.0,"cards_upgraded":["Anger"]},{"damage_healed":0.0,"max_hp_gain":0.0,"max_hp_loss":0.0,"gold_gain":0.0,"event_name":"Shining Light","player_choice":"Entered Light","floor":4.0,"gold_loss":0.0,"damage_taken":16.0,"cards_upgraded":["Defend_R","Strike_R"]},{"damage_healed":0.0,"max_hp_gain":5.0,"max_hp_loss":0.0,"gold_gain":0.0,"event_name":"Big Fish","player_choice":"Donut","floor":10.0,"gold_loss":0.0,"damage_taken":0.0},{"damage_healed":0.0,"max_hp_gain":0.0,"max_hp_loss":0.0,"gold_gain":175.0,"event_name":"Liars Game","player_choice":"AGREE","floor":13.0,"gold_loss":0.0,"damage_taken":0.0,"cards_obtained":["Doubt"]},{"damage_healed":0,"gold_gain":0,"player_choice":"Fought Bandits","damage_taken":0,"max_hp_gain":0,"max_hp_loss":0,"event_name":"Masked Bandits","floor":20,"gold_loss":0},{"damage_healed":0,"gold_gain":0,"cards_transformed":["Limit Break"],"player_choice":"Transformed","damage_taken":0,"max_hp_gain":0,"max_hp_loss":0,"event_name":"Transmorgrifier","floor":21,"gold_loss":0,"cards_obtained":["Brutality"]},{"damage_healed":0,"gold_gain":0,"player_choice":"Traded Relic","damage_taken":0,"relics_obtained":["Nloth\u0027s Gift"],"max_hp_gain":0,"max_hp_loss":0,"event_name":"N\u0027loth","floor":25,"relics_lost":["Gremlin Horn"],"gold_loss":0},{"damage_healed":0,"gold_gain":0,"player_choice":"Fight","damage_taken":0,"max_hp_gain":0,"max_hp_loss":0,"event_name":"Colosseum","floor":31,"gold_loss":0},{"damage_healed":0,"gold_gain":0,"player_choice":"Fought Nobs","damage_taken":0,"max_hp_gain":0,"max_hp_loss":0,"event_name":"Colosseum","floor":31,"gold_loss":0}],"is_beta":false,"boss_relics":[{"not_picked":["Snecko Eye","Orrery"],"picked":"Fusion Hammer"}],"items_purged_floors":[14],"is_endless":false,"potions_floor_spawned":[6,8,12,16,19,20,31],"killed_by":"Champ","ascension_level":1}