{"gold_per_floor":[111,128,128,158,158,158,176,194,217,228,228,248,39,66,66,138,138,153,40,40,40,57,57,57],"floor_reached":24,"playtime":543,"items_purged":["Strike_B"],"score":363,"play_id":"f0179262-abaf-450e-95ba-4c2bcfe1f088","local_time":"20181109234840","is_ascension_mode":true,"campfire_choices":[{"data":"White Noise","floor":6,"key":"SMITH"},{"floor":11,"key":"REST"},{"floor":15,"key":"REST"},{"floor":23,"key":"REST"}],"neow_cost":"NONE","seed_source_timestamp":20724127132620,"circlet_count":0,"master_deck":["AscendersBane","Strike_B","Strike_B","Strike_B","Defend_B","Defend_B","Defend_B","Defend_B","Zap","Dualcast","White Noise+1","Echo Form","Cold Snap","White Noise","Rip and Tear","Rainbow","Conserve Battery","Self Repair","Fission","Chill+1","Defragment","Cold Snap","Reinforced Body+1"],"relics":["Cracked Core","NeowsBlessing","Tiny Chest","Omamori","Question Card","Sozu","Blood Vial"],"potions_floor_usage":[14,14],"damage_taken":[{"damage":0,"enemies":"Cultist","floor":1,"turns":1},{"damage":0,"enemies":"Small Slimes","floor":2,"turns":1},{"damage":0,"enemies":"2 Louse","floor":7,"turns":1},{"damage":28,"enemies":"Exordium Thugs","floor":8,"turns":6},{"damage":0,"enemies":"Gremlin Gang","floor":10,"turns":2},{"damage":19,"enemies":"2 Fungi Beasts","floor":12,"turns":3},{"damage":4,"enemies":"Lagavulin","floor":14,"turns":5},{"damage":35,"enemies":"Hexaghost","floor":16,"turns":13},{"damage":37,"enemies":"2 Thieves","floor":18,"turns":3},{"damage":9,"enemies":"Chosen","floor":22,"turns":6},{"damage":54,"enemies":"Book of Stabbing","floor":24,"turns":9}],"seed_played":"1126243621461627199","potions_obtained":[{"floor":7,"key":"EssenceOfSteel"},{"floor":10,"key":"Strength Potion"}],"is_trial":false,"path_per_floor":["M","M","?","?","?","R","M","M","T","M","R","M","$","E","R","B",null,"M","$","T","$","M","R","E"],"character_chosen":"DEFECT","items_purchased":["Conserve Battery","Self Repair","Defragment","Cold Snap"],"campfire_rested":3,"item_purchase_floors":[13,13,19,19],"current_hp_per_floor":[64,64,64,46,46,46,46,18,18,18,39,20,20,16,37,9,56,19,19,19,19,26,47,0],"gold":57,"neow_bonus":"THREE_ENEMY_KILL","is_prod":false,"is_daily":false,"chose_seed":false,"campfire_upgraded":1,"win_rate":0,"timestamp":1541807320,"path_taken":["M","?","?","?","?","R","M","M","T","?","R","M","$","E","R","BOSS","M","$","?","$","M","R","E"],"build_version":"2018-11-08","purchased_purges":1,"victory":false,"max_hp_per_floor":[71,71,71,71,71,71,71,71,71,71,71,71,71,71,71,71,71,71,71,71,71,71,71,71],"card_choices":[{"not_picked":["Turbo","Go for the Eyes"],"picked":"White Noise","floor":1},{"not_picked":["Stack","Beam Cell","Aggregate"],"picked":"SKIP","floor":2},{"not_picked":["Darkness","Hello World"],"picked":"Cold Snap","floor":7},{"not_picked":["Leap","Beam Cell"],"picked":"White Noise","floor":8},{"not_picked":["Lockon","Force Field"],"picked":"Rip and Tear","floor":10},{"not_picked":["Hologram","Stack"],"picked":"Rainbow","floor":12},{"not_picked":["Hello World","Scrape","Steam"],"picked":"SKIP","floor":14},{"not_picked":["Amplify","Hyperbeam","Reboot"],"picked":"Fission","floor":16},{"not_picked":["Leap","Coolheaded","Compile Driver"],"picked":"Chill+1","floor":18},{"not_picked":["Double Energy","Leap","Steam"],"picked":"Reinforced Body+1","floor":22}],"player_experience":134756,"relics_obtained":[{"floor":9,"key":"Omamori"},{"floor":14,"key":"Question Card"},{"floor":20,"key":"Blood Vial"}],"event_choices":[{"damage_healed":0,"gold_gain":0,"player_choice":"Ignored","damage_taken":0,"max_hp_gain":0,"max_hp_loss":0,"event_name":"Liars Game","floor":3,"gold_loss":0},{"damage_healed":0,"gold_gain":0,"player_choice":"Success","damage_taken":18,"relics_obtained":["Tiny Chest"],"max_hp_gain":0,"max_hp_loss":0,"event_name":"Scrap Ooze","floor":4,"gold_loss":0},{"damage_healed":0,"gold_gain":0,"player_choice":"1 cards matched","damage_taken":0,"max_hp_gain":0,"max_hp_loss":0,"event_name":"Match and Keep!","floor":5,"gold_loss":0,"cards_obtained":["Echo Form"]}],"is_beta":false,"boss_relics":[{"not_picked":["Cursed Key","Astrolabe"],"picked":"Sozu"}],"items_purged_floors":[13],"is_endless":false,"potions_floor_spawned":[7,10,18],"killed_by":"Book of Stabbing","ascension_level":17}