{"gold_per_floor":[110,110,110,127,140,174,174,189,235,249,249,261,289,211,211,315,365,380,398,427,342,360,360,378,395,422,109,109],"floor_reached":28,"playtime":1713,"items_purged":["Strike_G","Strike_G"],"score":232,"play_id":"2ba50c28-5fea-4b0b-9b01-c262c3078fba","local_time":"20190130000805","is_ascension_mode":false,"campfire_choices":[{"data":"Neutralize","floor":7,"key":"SMITH"},{"floor":15,"key":"REST"},{"floor":23,"key":"REST"}],"neow_cost":"NONE","seed_source_timestamp":107448718505494,"circlet_count":0,"master_deck":["Defend_G","Defend_G","Defend_G","Defend_G+1","Defend_G","Strike_G","Strike_G","Strike_G","Survivor","Neutralize+1","PiercingWail","Poisoned Stab","Dodge and Roll+1","Dagger Throw","Cloak And Dagger+1","Deadly Poison","Poisoned Stab","Bane","Dodge and Roll","Dagger Spray+1","Sucker Punch","Outmaneuver+1","Quick Slash","Slice","Blade Dance","Deadly Poison"],"relics":["Ring of the Snake","NeowsBlessing","The Courier","Art of War","War Paint","Bottled Lightning","Tiny House","Red Mask","Kunai","Anchor","Paper Crane"],"potions_floor_usage":[6,13,19,20,22],"damage_taken":[{"damage":0,"enemies":"Small Slimes","floor":1,"turns":1},{"damage":0,"enemies":"Jaw Worm","floor":4,"turns":1},{"damage":0,"enemies":"Cultist","floor":5,"turns":1},{"damage":21,"enemies":"Gremlin Nob","floor":6,"turns":5},{"damage":13,"enemies":"3 Louse","floor":8,"turns":3},{"damage":0,"enemies":"Looter","floor":10,"turns":3},{"damage":1,"enemies":"Large Slime","floor":12,"turns":7},{"damage":7,"enemies":"3 Sentries","floor":13,"turns":9},{"damage":38,"enemies":"Hexaghost","floor":16,"turns":10},{"damage":2,"enemies":"Shell Parasite","floor":18,"turns":7},{"damage":5,"enemies":"3 Byrds","floor":19,"turns":4},{"damage":42,"enemies":"Masked Bandits","floor":20,"turns":6},{"damage":11,"enemies":"Snecko","floor":22,"turns":6},{"damage":23,"enemies":"Cultist and Chosen","floor":24,"turns":8},{"damage":8,"enemies":"Snake Plant","floor":25,"turns":5}],"seed_played":"-3328036666549719380","potions_obtained":[{"floor":4,"key":"EssenceOfSteel"},{"floor":6,"key":"Poison Potion"},{"floor":8,"key":"LiquidBronze"},{"floor":12,"key":"Dexterity Potion"},{"floor":16,"key":"Weak Potion"},{"floor":18,"key":"SkillPotion"},{"floor":24,"key":"LiquidBronze"},{"floor":25,"key":"Block Potion"}],"is_trial":false,"path_per_floor":["M","?","T","M","M","E","R","M","T","M","?","M","E","$","R","B",null,"M","M","?","?","M","R","M","M","T","$","?"],"character_chosen":"THE_SILENT","items_purchased":["Bane","Deadly Poison","Paper Crane"],"campfire_rested":2,"item_purchase_floors":[14,27,27],"current_hp_per_floor":[70,75,75,75,75,54,54,41,41,41,41,40,33,33,55,17,80,78,73,31,31,20,44,21,13,13,13,0],"gold":109,"neow_bonus":"THREE_ENEMY_KILL","is_prod":false,"is_daily":false,"chose_seed":false,"campfire_upgraded":1,"win_rate":0,"timestamp":1548835685,"path_taken":["M","?","?","M","?","E","R","M","T","M","?","M","E","$","R","BOSS","M","M","?","?","M","R","M","M","T","$","?"],"build_version":"2019-01-23","purchased_purges":2,"victory":false,"max_hp_per_floor":[70,75,75,75,75,75,75,75,75,75,75,75,75,75,75,75,80,80,80,80,80,80,80,80,80,80,80,80],"card_choices":[{"not_picked":["Flying Knee","Sucker Punch"],"picked":"PiercingWail","floor":1},{"not_picked":["Dagger Throw","Outmaneuver"],"picked":"Poisoned Stab","floor":4},{"not_picked":["All Out Attack","Heel Hook","Acrobatics"],"picked":"SKIP","floor":5},{"not_picked":["Bouncing Flask","Endless Agony"],"picked":"Dodge and Roll","floor":6},{"not_picked":["Blur","Die Die Die"],"picked":"Dagger Throw","floor":8},{"not_picked":["Acrobatics","Riddle With Holes"],"picked":"Cloak And Dagger","floor":10},{"not_picked":["Underhanded Strike","Bane"],"picked":"Deadly Poison","floor":12},{"not_picked":["Slice","Corpse Explosion"],"picked":"Poisoned Stab","floor":13},{"not_picked":["Dagger Throw","Finisher"],"picked":"Dodge and Roll","floor":17},{"not_picked":["Caltrops+1","Quick Slash"],"picked":"Dagger Spray+1","floor":18},{"not_picked":["Outmaneuver","Concentrate"],"picked":"Sucker Punch","floor":19},{"not_picked":["Underhanded Strike","Escape Plan"],"picked":"Outmaneuver+1","floor":20},{"not_picked":["Dagger Throw","Sucker Punch"],"picked":"Quick Slash","floor":22},{"not_picked":["Night Terror","Leg Sweep+1"],"picked":"Slice","floor":24},{"not_picked":["Prepared","Underhanded Strike"],"picked":"Blade Dance","floor":25}],"player_experience":364424,"relics_obtained":[{"floor":3,"key":"The Courier"},{"floor":6,"key":"Art of War"},{"floor":9,"key":"War Paint"},{"floor":13,"key":"Bottled Lightning"},{"floor":20,"key":"Red Mask"},{"floor":26,"key":"Anchor"}],"event_choices":[{"damage_healed":0,"gold_gain":0,"player_choice":"Donut","damage_taken":0,"max_hp_gain":5,"max_hp_loss":0,"event_name":"Big Fish","floor":2,"gold_loss":0},{"damage_healed":0,"gold_gain":0,"player_choice":"Ignored","damage_taken":0,"max_hp_gain":0,"max_hp_loss":0,"event_name":"Golden Idol","floor":11,"gold_loss":0},{"damage_healed":0,"gold_gain":0,"player_choice":"Fought Bandits","damage_taken":0,"max_hp_gain":0,"max_hp_loss":0,"event_name":"Masked Bandits","floor":20,"gold_loss":0},{"damage_healed":0,"gold_gain":0,"player_choice":"Obtained Relic","damage_taken":0,"relics_obtained":["Kunai"],"max_hp_gain":0,"max_hp_loss":0,"event_name":"Addict","floor":21,"gold_loss":85}],"is_beta":false,"boss_relics":[{"not_picked":["HoveringKite","Calling Bell"],"picked":"Tiny House"}],"items_purged_floors":[14,27],"is_endless":false,"potions_floor_spawned":[4,6,8,12,16,18,24,25],"ascension_level":0}