{"gold_per_floor":[109,119,44,55,55,55,69,16,16,16,91,112,112,153,153,153],"floor_reached":16,"playtime":821,"items_purged":["Strike_R"],"score":160,"play_id":"7912f909-e174-4061-8f08-951e04d12fe7","local_time":"20180922141507","is_ascension_mode":true,"campfire_choices":[{"data":"Feel No Pain","floor":6,"key":"SMITH"},{"data":"True Grit","floor":10,"key":"SMITH"},{"data":"Corruption","floor":13,"key":"SMITH"},{"data":"Carnage","floor":15,"key":"SMITH"}],"neow_cost":"PERCENT_DAMAGE","seed_source_timestamp":18815093866075,"circlet_count":0,"master_deck":["Strike_R","Strike_R","Strike_R","Strike_R","Defend_R","Defend_R","Defend_R","Defend_R","Bash","AscendersBane","Cleave","Feel No Pain+1","Corruption+1","True Grit+1","Carnage+1","Seeing Red+1"],"relics":["Burning Blood","Unceasing Top","Golden Idol","Bottled Tornado","Toxic Egg 2"],"potions_floor_usage":[14,14],"damage_taken":[{"damage":7,"enemies":"Small Slimes","floor":1,"turns":4},{"damage":8,"enemies":"Jaw Worm","floor":2,"turns":5},{"damage":1,"enemies":"Cultist","floor":4,"turns":4},{"damage":5,"enemies":"Red Slaver","floor":7,"turns":5},{"damage":0,"enemies":"Blue Slaver","floor":12,"turns":5},{"damage":19,"enemies":"3 Sentries","floor":14,"turns":12},{"damage":40,"enemies":"Hexaghost","floor":16,"turns":11}],"seed_played":"5281432703113757848","potions_obtained":[{"floor":4,"key":"Ancient Potion"},{"floor":7,"key":"FearPotion"}],"is_trial":false,"path_per_floor":["M","M","$","M","?","R","M","$","T","R","?","M","R","E","R"],"character_chosen":"IRONCLAD","items_purchased":["True Grit"],"campfire_rested":0,"item_purchase_floors":[8],"current_hp_per_floor":[50,48,48,53,53,53,54,54,54,54,47,53,53,40,40,0],"gold":153,"neow_bonus":"ONE_RARE_RELIC","is_prod":false,"is_daily":false,"chose_seed":false,"campfire_upgraded":4,"win_rate":0,"timestamp":1537643707,"path_taken":["M","M","$","M","?","R","?","?","T","R","?","M","R","E","R","BOSS"],"build_version":"2018-09-20","purchased_purges":1,"victory":false,"max_hp_per_floor":[80,80,80,80,74,74,74,74,74,74,74,74,74,74,74,74],"card_choices":[{"not_picked":["Warcry","Sword Boomerang"],"picked":"Cleave","floor":1},{"not_picked":["Wild Strike","Twin Strike"],"picked":"Feel No Pain","floor":2},{"not_picked":["Heavy Blade","Sword Boomerang"],"picked":"Corruption","floor":4},{"not_picked":["Battle Trance","Rupture","Second Wind"],"picked":"SKIP","floor":7},{"not_picked":["Twin Strike","Second Wind"],"picked":"Carnage","floor":12},{"not_picked":["Burning Pact","Fire Breathing"],"picked":"Seeing Red","floor":14}],"player_experience":357345,"relics_obtained":[{"floor":9,"key":"Bottled Tornado"},{"floor":14,"key":"Toxic Egg 2"}],"event_choices":[{"event_name":"Golden Idol","player_choice":"Lose Max HP","floor":5,"damage_taken":0},{"event_name":"FaceTrader","player_choice":"Touch","floor":11,"damage_taken":0}],"is_beta":false,"boss_relics":[],"items_purged_floors":[3],"is_endless":false,"potions_floor_spawned":[4,7],"killed_by":"Hexaghost","ascension_level":12}