{"gold_per_floor":[118,131,131,131,131,50,61,61,87,37,63,40,40,53,53,158,158,176,91,190,190,29,61,61,61,61,80,92,92,92,111,111,215,215,234,289,307,307,63,163,163,180,180,180],"floor_reached":44,"playtime":1720,"items_purged":["Defend_G","Blade Dance"],"score":472,"play_id":"fbf6fb26-e28c-4188-88ca-2f4c7caabad9","local_time":"20181230154553","is_ascension_mode":false,"campfire_choices":[{"data":"Neutralize","floor":8,"key":"SMITH"},{"data":"Heel Hook","floor":13,"key":"SMITH"},{"floor":15,"key":"REST"},{"data":"Night Terror","floor":24,"key":"SMITH"},{"floor":32,"key":"REST"},{"floor":41,"key":"REST"}],"neow_cost":"PERCENT_DAMAGE","seed_source_timestamp":5138233311985,"circlet_count":0,"master_deck":["Defend_G+1","Defend_G","Defend_G","Survivor","Neutralize+1","Deflect","Infinite Blades","Heel Hook+1","PiercingWail","Infinite Blades","Well Laid Plans","Adrenaline","Noxious Fumes","Footwork","Backflip","Night Terror+1","Heel Hook","Prepared+1","Phantasmal Killer","Calculated Gamble+1","PiercingWail+1","Flash of Steel","Malaise","Calculated Gamble"],"relics":["Ring of the Snake","Mercury Hourglass","Regal Pillow","MawBank","Empty Cage","Bag of Marbles","Art of War","Gremlin Horn","Cursed Key","Du-Vu Doll","StoneCalendar"],"potions_floor_usage":[33,33],"damage_taken":[{"damage":1,"enemies":"2 Louse","floor":1,"turns":3},{"damage":1,"enemies":"Jaw Worm","floor":2,"turns":7},{"damage":0,"enemies":"Small Slimes","floor":7,"turns":3},{"damage":3,"enemies":"3 Sentries","floor":11,"turns":7},{"damage":0,"enemies":"2 Fungi Beasts","floor":14,"turns":3},{"damage":9,"enemies":"The Guardian","floor":16,"turns":12},{"damage":25,"enemies":"Spheric Guardian","floor":18,"turns":6},{"damage":2,"enemies":"Gremlin Leader","floor":23,"turns":8},{"damage":0,"enemies":"3 Byrds","floor":27,"turns":4},{"damage":12,"enemies":"Centurion and Healer","floor":28,"turns":4},{"damage":0,"enemies":"Snake Plant","floor":31,"turns":6},{"damage":13,"enemies":"Collector","floor":33,"turns":10},{"damage":2,"enemies":"3 Darklings","floor":35,"turns":5},{"damage":46,"enemies":"2 Orb Walkers","floor":36,"turns":6},{"damage":7,"enemies":"Orb Walker","floor":37,"turns":4},{"damage":0,"enemies":"Mind Bloom Boss Battle","floor":40,"turns":6},{"damage":49,"enemies":"Transient","floor":42,"turns":5},{"damage":8,"enemies":"Nemesis","floor":44,"turns":3}],"seed_played":"-9100049614939245067","potions_obtained":[{"floor":7,"key":"Dexterity Potion"},{"floor":11,"key":"Explosive Potion"},{"floor":14,"key":"LiquidBronze"},{"floor":31,"key":"Energy Potion"},{"floor":36,"key":"EssenceOfSteel"}],"is_trial":false,"path_per_floor":["M","M","?","?","?","$","M","R","T","?","E","$","R","M","R","B",null,"M","?","?","?","$","E","R","?","T","M","M","?","?","M","R","B",null,"M","?","M","?","$","?","R","M","T","E"],"character_chosen":"THE_SILENT","items_purchased":["Infinite Blades","Infinite Blades","Footwork","Backflip","Flash of Steel","Strength Potion"],"campfire_rested":3,"item_purchase_floors":[6,12,22,22,39,39],"current_hp_per_floor":[48,47,47,40,26,26,26,26,26,26,23,23,23,23,59,50,70,45,45,45,45,45,43,43,30,30,30,18,18,18,18,55,42,75,73,27,20,20,20,20,57,8,8,0],"gold":180,"neow_bonus":"REMOVE_TWO","is_prod":false,"is_daily":false,"chose_seed":false,"campfire_upgraded":3,"win_rate":0,"timestamp":1546184753,"path_taken":["M","M","?","?","?","$","M","R","T","?","E","$","R","M","R","BOSS","M","?","?","?","?","E","R","?","T","M","M","?","?","?","R","BOSS","M","?","M","?","$","?","R","?","T","E"],"build_version":"2018-12-20","purchased_purges":2,"victory":false,"max_hp_per_floor":[70,70,70,70,70,70,70,70,70,70,70,70,70,70,70,70,70,70,70,70,70,70,70,70,75,75,75,75,75,75,75,75,75,75,75,75,75,75,75,75,75,75,75,75],"card_choices":[{"not_picked":["Bane","Infinite Blades"],"picked":"Deflect","floor":1},{"not_picked":["Calculated Gamble","Dodge and Roll"],"picked":"Blade Dance","floor":2},{"not_picked":["Flying Knee","Bane"],"picked":"Heel Hook","floor":7},{"not_picked":["Deflect","Crippling Poison"],"picked":"PiercingWail","floor":11},{"not_picked":["Bane","Dagger Spray"],"picked":"Well Laid Plans","floor":14},{"not_picked":["Malaise","Grand Finale"],"picked":"Adrenaline","floor":16},{"not_picked":["Underhanded Strike","Blade Dance","Deflect"],"picked":"SKIP","floor":18},{"not_picked":["Skewer+1","Cloak And Dagger+1"],"picked":"Night Terror","floor":23},{"not_picked":["Quick Slash","Bane","Deadly Poison"],"picked":"SKIP","floor":27},{"not_picked":["Reflex","Expertise"],"picked":"Heel Hook","floor":28},{"not_picked":["Skewer","Crippling Poison"],"picked":"Prepared+1","floor":31},{"not_picked":["Night Terror","Wraith Form v2"],"picked":"Phantasmal Killer","floor":33},{"not_picked":["Deadly Poison","Poisoned Stab","All Out Attack+1"],"picked":"SKIP","floor":35},{"not_picked":["Tactician","All Out Attack+1"],"picked":"Calculated Gamble+1","floor":36},{"not_picked":["Accuracy","All Out Attack"],"picked":"PiercingWail+1","floor":37},{"not_picked":["Deadly Poison+1","Quick Slash"],"picked":"Malaise","floor":40},{"not_picked":["Leg Sweep","Poisoned Stab"],"picked":"Calculated Gamble","floor":42}],"player_experience":325745,"relics_obtained":[{"floor":9,"key":"Regal Pillow"},{"floor":11,"key":"MawBank"},{"floor":23,"key":"Art of War"},{"floor":26,"key":"Gremlin Horn"},{"floor":36,"key":"Du-Vu Doll"},{"floor":40,"key":"StoneCalendar"}],"event_choices":[{"damage_healed":0,"gold_gain":0,"player_choice":"Ignored","damage_taken":0,"max_hp_gain":0,"max_hp_loss":0,"event_name":"Liars Game","floor":3,"gold_loss":0},{"damage_healed":0,"gold_gain":0,"player_choice":"Success","damage_taken":7,"relics_obtained":["Mercury Hourglass"],"max_hp_gain":0,"max_hp_loss":0,"event_name":"Scrap Ooze","floor":4,"gold_loss":0},{"damage_healed":0,"gold_gain":0,"player_choice":"Entered Light","damage_taken":14,"max_hp_gain":0,"max_hp_loss":0,"event_name":"Shining Light","floor":5,"gold_loss":0,"cards_upgraded":["Defend_G","Strike_G"]},{"cards_removed":["Strike_G"],"damage_healed":0,"gold_gain":0,"player_choice":"Card Removal","damage_taken":0,"max_hp_gain":0,"max_hp_loss":0,"event_name":"The Cleric","floor":10,"gold_loss":50},{"damage_healed":0,"gold_gain":0,"player_choice":"Obtained Relic","damage_taken":0,"relics_obtained":["Bag of Marbles"],"max_hp_gain":0,"max_hp_loss":0,"event_name":"Addict","floor":19,"gold_loss":85},{"damage_healed":0,"gold_gain":99,"player_choice":"Stole From Cult","damage_taken":0,"max_hp_gain":0,"max_hp_loss":0,"event_name":"Nest","floor":20,"gold_loss":0},{"damage_healed":0,"gold_gain":0,"player_choice":"Read","damage_taken":0,"max_hp_gain":0,"max_hp_loss":0,"event_name":"The Library","floor":21,"gold_loss":0,"cards_obtained":["Noxious Fumes"]},{"damage_healed":0,"gold_gain":0,"player_choice":"Shed Blood","damage_taken":18,"max_hp_gain":5,"max_hp_loss":0,"event_name":"Forgotten Altar","floor":25,"gold_loss":0},{"damage_healed":0,"gold_gain":0,"player_choice":"Ignored","damage_taken":0,"max_hp_gain":0,"max_hp_loss":0,"event_name":"Cursed Tome","floor":29,"gold_loss":0},{"damage_healed":0,"gold_gain":0,"player_choice":"Ignored","damage_taken":0,"max_hp_gain":0,"max_hp_loss":0,"event_name":"Ghosts","floor":30,"gold_loss":0},{"damage_healed":0,"gold_gain":0,"player_choice":"Fight","damage_taken":0,"max_hp_gain":0,"max_hp_loss":0,"event_name":"Mysterious Sphere","floor":36,"gold_loss":0},{"cards_removed":["Strike_G"],"damage_healed":0,"gold_gain":0,"player_choice":"Removed Attack","damage_taken":0,"max_hp_gain":0,"max_hp_loss":0,"event_name":"Falling","floor":38,"gold_loss":0},{"damage_healed":0,"gold_gain":0,"player_choice":"Fight","damage_taken":0,"max_hp_gain":0,"max_hp_loss":0,"event_name":"MindBloom","floor":40,"gold_loss":0}],"is_beta":false,"boss_relics":[{"not_picked":["Philosopher\u0027s Stone","Velvet Choker"],"picked":"Empty Cage"},{"not_picked":["Black Star","Tiny House"],"picked":"Cursed Key"}],"items_purged_floors":[22,39],"is_endless":false,"potions_floor_spawned":[7,11,14,18,31,36],"killed_by":"Nemesis","ascension_level":0}