{"gold_per_floor":[363,363,35,35,35,35,65,65,89,100,113,132,145,145,145,220,220,240,252,9,32,44,89,101,128,190,233,245,132,132,143,143,219,219,229,229,249,249,265,265,300,300,348,348,361,211,211,211,211,211],"floor_reached":51,"playtime":1724,"items_purged":["Strike_B","Strike_B","Strike_B+1","Defend_B+1"],"score":1262,"play_id":"6020c8dd-850f-4e9b-a2f5-596e1426f48e","local_time":"20181104173832","is_ascension_mode":true,"campfire_choices":[{"data":"Zap","floor":6,"key":"SMITH"},{"floor":15,"key":"REST"},{"floor":24,"key":"REST"},{"floor":30,"key":"REST"},{"data":"Buffer","floor":32,"key":"SMITH"},{"data":"Fission","floor":40,"key":"SMITH"},{"data":"Seek","floor":42,"key":"SMITH"},{"data":"Conserve Battery","floor":47,"key":"SMITH"},{"floor":49,"key":"REST"}],"neow_cost":"TEN_PERCENT_HP_LOSS","seed_source_timestamp":15006943456523,"circlet_count":0,"master_deck":["AscendersBane","Defend_B+1","Defend_B+1","Dualcast+1","Darkness+1","Conserve Battery","Doom and Gloom","Conserve Battery+1","Buffer+1","BootSequence","Echo Form","Seek+1","Echo Form+1","Hologram+1","Fusion+1","Fission+1","Chill+1"],"relics":["Cracked Core","Cables","Art of War","War Paint","Shuriken","Velvet Choker","MawBank","Bag of Preparation","Anchor","Whetstone","Astrolabe","Mercury Hourglass","Pen Nib"],"potions_floor_usage":[7,12,16,23,23,27,31,50],"damage_taken":[{"damage":0,"enemies":"Jaw Worm","floor":1,"turns":3},{"damage":36,"enemies":"Gremlin Nob","floor":7,"turns":4},{"damage":6,"enemies":"2 Louse","floor":10,"turns":2},{"damage":0,"enemies":"Small Slimes","floor":11,"turns":3},{"damage":6,"enemies":"2 Fungi Beasts","floor":12,"turns":3},{"damage":7,"enemies":"3 Louse","floor":13,"turns":2},{"damage":19,"enemies":"Slime Boss","floor":16,"turns":5},{"damage":12,"enemies":"3 Byrds","floor":18,"turns":4},{"damage":1,"enemies":"Spheric Guardian","floor":19,"turns":4},{"damage":14,"enemies":"Centurion and Healer","floor":21,"turns":6},{"damage":35,"enemies":"Gremlin Leader","floor":23,"turns":8},{"damage":3,"enemies":"Shelled Parasite and Fungi","floor":25,"turns":5},{"damage":0,"enemies":"Book of Stabbing","floor":27,"turns":6},{"damage":0,"enemies":"Cultist and Chosen","floor":31,"turns":5},{"damage":9,"enemies":"Collector","floor":33,"turns":12},{"damage":1,"enemies":"Orb Walker","floor":35,"turns":4},{"damage":17,"enemies":"3 Darklings","floor":37,"turns":6},{"damage":0,"enemies":"Transient","floor":39,"turns":5},{"damage":0,"enemies":"Reptomancer","floor":41,"turns":6},{"damage":0,"enemies":"Spire Growth","floor":45,"turns":5},{"damage":60,"enemies":"Time Eater","floor":50,"turns":11}],"seed_played":"3698105864422892983","potions_obtained":[{"floor":1,"key":"FearPotion"},{"floor":10,"key":"FocusPotion"},{"floor":11,"key":"PowerPotion"},{"floor":13,"key":"GamblersBrew"},{"floor":19,"key":"SteroidPotion"},{"floor":21,"key":"Regen Potion"},{"floor":25,"key":"Weak Potion"},{"floor":27,"key":"PowerPotion"},{"floor":35,"key":"LiquidBronze"},{"floor":41,"key":"SteroidPotion"}],"is_trial":false,"path_per_floor":["M","?","$","?","?","R","E","$","T","M","M","M","M","T","R","B",null,"M","M","$","M","?","E","R","M","T","E","?","$","R","M","R","B",null,"M","?","M","?","M","R","E","R","T","?","M","$","R","?","R","B",null],"character_chosen":"DEFECT","items_purchased":["Cables","MawBank"],"campfire_rested":4,"item_purchase_floors":[3,20],"current_hp_per_floor":[64,64,64,69,69,69,33,33,33,27,27,21,14,14,34,15,56,44,43,43,29,29,9,29,26,26,26,26,26,46,46,46,37,61,60,60,43,43,43,43,43,43,43,43,43,43,43,43,62,2],"gold":211,"neow_bonus":"TWO_FIFTY_GOLD","is_prod":false,"is_daily":false,"chose_seed":false,"campfire_upgraded":5,"win_rate":0,"timestamp":1541353112,"path_taken":["M","?","$","?","?","R","E","$","T","M","M","M","M","?","R","BOSS","M","M","$","M","?","E","R","M","T","E","?","$","R","M","R","BOSS","M","?","M","?","M","R","E","R","T","?","M","$","R","?","R","BOSS"],"build_version":"2018-11-01","purchased_purges":4,"victory":true,"max_hp_per_floor":[64,64,64,69,69,69,69,69,69,69,69,69,69,69,69,69,69,69,69,69,69,69,69,69,69,69,69,69,69,69,69,69,69,69,69,69,69,69,69,69,69,69,69,66,66,66,66,66,66,66],"card_choices":[{"not_picked":["Turbo","Hologram"],"picked":"Darkness","floor":1},{"not_picked":["Hologram","Go for the Eyes"],"picked":"Cold Snap","floor":7},{"not_picked":["Go for the Eyes","Gash"],"picked":"Conserve Battery","floor":10},{"not_picked":["Reprogram","Redo"],"picked":"Doom and Gloom","floor":11},{"not_picked":["Cold Snap","Glacier"],"picked":"Conserve Battery","floor":12},{"not_picked":["Steam","Capacitor","Ball Lightning"],"picked":"SKIP","floor":13},{"not_picked":["Electrodynamics","Meteor Strike"],"picked":"Buffer","floor":16},{"not_picked":["Hologram","Double Energy","Cold Snap"],"picked":"SKIP","floor":18},{"not_picked":["Force Field","Capacitor","Sweeping Beam"],"picked":"SKIP","floor":19},{"not_picked":["Loop+1","Storm","Cold Snap"],"picked":"SKIP","floor":21},{"not_picked":["Loop+1","Storm","Cold Snap"],"picked":"SKIP","floor":21},{"not_picked":["Rebound","Reinforced Body"],"picked":"BootSequence","floor":23},{"not_picked":["Barrage+1","Redo"],"picked":"Echo Form","floor":25},{"not_picked":["Hologram","Doom and Gloom","Consume"],"picked":"SKIP","floor":27},{"not_picked":["Compile Driver+1","Streamline","Sunder"],"picked":"SKIP","floor":31},{"not_picked":["Buffer","Echo Form"],"picked":"Seek","floor":33},{"not_picked":["Ball Lightning","Turbo","Streamline"],"picked":"SKIP","floor":35},{"not_picked":["Rebound","Cold Snap"],"picked":"Fission","floor":37},{"not_picked":["Streamline","Aggregate","Undo"],"picked":"SKIP","floor":39},{"not_picked":["Double Energy","Cold Snap"],"picked":"Chill+1","floor":41},{"not_picked":["Barrage+1","Melter+1","Coolheaded"],"picked":"SKIP","floor":45}],"player_experience":108364,"relics_obtained":[{"floor":7,"key":"Art of War"},{"floor":9,"key":"War Paint"},{"floor":14,"key":"Shuriken"},{"floor":23,"key":"Bag of Preparation"},{"floor":26,"key":"Anchor"},{"floor":27,"key":"Whetstone"},{"floor":41,"key":"Mercury Hourglass"},{"floor":43,"key":"Pen Nib"}],"event_choices":[{"damage_healed":0,"gold_gain":0,"player_choice":"Grow","damage_taken":0,"max_hp_gain":0,"max_hp_loss":0,"event_name":"Living Wall","floor":2,"gold_loss":0,"cards_upgraded":["Darkness"]},{"damage_healed":0,"gold_gain":0,"player_choice":"Donut","damage_taken":0,"max_hp_gain":5,"max_hp_loss":0,"event_name":"Big Fish","floor":4,"gold_loss":0},{"damage_healed":0,"gold_gain":0,"player_choice":"Ignored","damage_taken":0,"max_hp_gain":0,"max_hp_loss":0,"event_name":"Golden Idol","floor":5,"gold_loss":0},{"damage_healed":0,"gold_gain":0,"player_choice":"Simplicity","damage_taken":0,"max_hp_gain":0,"max_hp_loss":0,"event_name":"Back to Basics","floor":28,"gold_loss":0,"cards_upgraded":["Strike_B","Defend_B","Defend_B","Defend_B"]},{"damage_healed":0,"gold_gain":0,"player_choice":"Ignored","damage_taken":0,"max_hp_gain":0,"max_hp_loss":0,"event_name":"Tomb of Lord Red Mask","floor":36,"gold_loss":0},{"damage_healed":0,"gold_gain":0,"player_choice":"Ignored","damage_taken":0,"max_hp_gain":0,"max_hp_loss":0,"event_name":"Mysterious Sphere","floor":38,"gold_loss":0},{"damage_healed":0,"gold_gain":0,"player_choice":"Max HP","damage_taken":0,"max_hp_gain":0,"max_hp_loss":3,"event_name":"Winding Halls","floor":44,"gold_loss":0},{"cards_removed":["Cold Snap"],"damage_healed":0,"gold_gain":0,"player_choice":"Removed Attack","damage_taken":0,"max_hp_gain":0,"max_hp_loss":0,"event_name":"Falling","floor":48,"gold_loss":0}],"is_beta":false,"boss_relics":[{"not_picked":["FrozenCore","Calling Bell"],"picked":"Velvet Choker"},{"not_picked":["Lizard Tail","Eternal Feather"],"picked":"Astrolabe"}],"items_purged_floors":[3,20,29,46],"is_endless":false,"potions_floor_spawned":[1,10,11,13,19,21,25,27,35,41],"ascension_level":14}