{"gold_per_floor":[117,22,41,54,71,71,71,82,133,133,162,178,178,81,81,178,178,198,4,16,30,40,40,40,72,72,85,97,97],"floor_reached":29,"playtime":645,"items_purged":["Bash","Defend_R"],"score":398,"play_id":"0a9c82e9-c2f8-4327-91dd-117bad9cbf5c","local_time":"20181127220357","is_ascension_mode":true,"campfire_choices":[{"data":"Perfected Strike","floor":6,"key":"SMITH"},{"data":"Armaments","floor":10,"key":"SMITH"},{"data":"Spot Weakness","floor":13,"key":"SMITH"},{"data":"Pommel Strike","floor":15,"key":"SMITH"},{"data":"Limit Break","floor":23,"key":"SMITH"}],"neow_cost":"NONE","seed_source_timestamp":13152643415073,"circlet_count":0,"master_deck":["AscendersBane","Strike_R","Strike_R","Strike_R","Strike_R","Defend_R","Defend_R","Perfected Strike+1","Pommel Strike","Twin Strike","Pommel Strike+1","True Grit","Battle Trance","Power Through","Armaments+1","Spot Weakness+1","Shrug It Off","Limit Break+1","Perfected Strike","Shrug It Off","Wild Strike","Twin Strike","Double Tap"],"relics":["Burning Blood","Ancient Tea Set","Bottled Flame","Sozu","Regal Pillow","Gremlin Horn"],"potions_floor_usage":[8,8],"damage_taken":[{"damage":7,"enemies":"Jaw Worm","floor":1,"turns":3},{"damage":1,"enemies":"Cultist","floor":3,"turns":3},{"damage":7,"enemies":"Small Slimes","floor":4,"turns":3},{"damage":5,"enemies":"2 Fungi Beasts","floor":5,"turns":3},{"damage":5,"enemies":"Gremlin Gang","floor":8,"turns":4},{"damage":3,"enemies":"Gremlin Nob","floor":11,"turns":3},{"damage":6,"enemies":"Looter","floor":12,"turns":3},{"damage":37,"enemies":"Slime Boss","floor":16,"turns":9},{"damage":16,"enemies":"Chosen","floor":18,"turns":5},{"damage":12,"enemies":"Shell Parasite","floor":20,"turns":4},{"damage":12,"enemies":"Snake Plant","floor":21,"turns":5},{"damage":18,"enemies":"Shelled Parasite and Fungi","floor":22,"turns":5},{"damage":16,"enemies":"Gremlin Leader","floor":25,"turns":4},{"damage":12,"enemies":"Chosen and Byrds","floor":27,"turns":6},{"damage":6,"enemies":"3 Cultists","floor":28,"turns":3},{"damage":22,"enemies":"Centurion and Healer","floor":29,"turns":2}],"seed_played":"-8793822777347303581","potions_obtained":[{"floor":1,"key":"AttackPotion"},{"floor":5,"key":"Energy Potion"},{"floor":11,"key":"Energy Potion"}],"is_trial":false,"path_per_floor":["M","$","M","M","M","R","?","M","T","R","E","M","R","$","R","B",null,"M","$","M","M","M","R","?","E","T","M","M","M"],"character_chosen":"IRONCLAD","items_purchased":["Pommel Strike","Twin Strike","Shrug It Off","Perfected Strike","Shrug It Off"],"campfire_rested":0,"item_purchase_floors":[2,2,14,19,19],"current_hp_per_floor":[71,71,76,75,76,76,76,77,77,77,80,80,80,80,80,49,72,62,62,56,50,38,38,38,28,28,22,22,0],"gold":97,"neow_bonus":"REMOVE_CARD","is_prod":false,"is_daily":false,"chose_seed":false,"campfire_upgraded":5,"win_rate":0,"timestamp":1543356237,"path_taken":["M","$","M","M","M","R","?","M","T","R","E","M","R","?","R","BOSS","M","$","M","M","?","R","?","E","T","M","M","M"],"build_version":"2018-11-15","purchased_purges":2,"victory":false,"max_hp_per_floor":[80,80,80,80,80,80,80,80,80,80,80,80,80,80,80,80,80,80,80,80,80,80,80,80,80,80,80,80,80],"card_choices":[{"not_picked":["Carnage","Combust"],"picked":"Perfected Strike","floor":1},{"not_picked":["Iron Wave","Clash"],"picked":"Pommel Strike","floor":3},{"not_picked":["Iron Wave","Dual Wield"],"picked":"True Grit","floor":4},{"not_picked":["Feel No Pain","Sentinel"],"picked":"Battle Trance","floor":5},{"not_picked":["Combust","Clash"],"picked":"Armaments","floor":8},{"not_picked":["Havoc","Wild Strike"],"picked":"Spot Weakness","floor":11},{"not_picked":["Power Through","Battle Trance","Fiend Fire"],"picked":"SKIP","floor":12},{"not_picked":["Barricade","Exhume"],"picked":"Limit Break","floor":16},{"not_picked":["Warcry","Sentinel","Flex"],"picked":"SKIP","floor":18},{"not_picked":["Sword Boomerang","Combust","Anger"],"picked":"SKIP","floor":20},{"not_picked":["Fire Breathing+1","Flame Barrier"],"picked":"Wild Strike","floor":21},{"not_picked":["Searing Blow","Battle Trance+1"],"picked":"Twin Strike","floor":22},{"not_picked":["Seeing Red","Shrug It Off"],"picked":"Double Tap","floor":25},{"not_picked":["Body Slam","Sword Boomerang","Anger"],"picked":"SKIP","floor":27},{"not_picked":["Searing Blow","Headbutt","Rampage"],"picked":"SKIP","floor":28}],"player_experience":213101,"relics_obtained":[{"floor":9,"key":"Ancient Tea Set"},{"floor":11,"key":"Bottled Flame"},{"floor":25,"key":"Regal Pillow"},{"floor":26,"key":"Gremlin Horn"}],"event_choices":[{"damage_healed":0,"gold_gain":0,"cards_transformed":["Strike_R"],"player_choice":"Transformed","damage_taken":0,"max_hp_gain":0,"max_hp_loss":0,"event_name":"Transmorgrifier","floor":7,"gold_loss":0,"cards_obtained":["Power Through"]},{"damage_healed":0,"gold_gain":0,"player_choice":"Ignored","damage_taken":0,"max_hp_gain":0,"max_hp_loss":0,"event_name":"N\u0027loth","floor":24,"gold_loss":0}],"is_beta":false,"boss_relics":[{"not_picked":["Philosopher\u0027s Stone","Snecko Eye"],"picked":"Sozu"}],"items_purged_floors":[14,19],"is_endless":false,"potions_floor_spawned":[1,5,11,18,20,28],"killed_by":"Centurion and Healer","ascension_level":12}