{"gold_per_floor":[110,123,48,61,71,91,91,91,91,110,110,124,147,47,47,172,172,192,317,257],"floor_reached":20,"playtime":561,"items_purged":["Strike_G","Strike_G"],"score":218,"play_id":"4c91f6b8-7a2b-4340-91be-6e86654c70b8","local_time":"20181109185547","is_ascension_mode":true,"campfire_choices":[{"data":"Poisoned Stab","floor":11,"key":"SMITH"},{"data":"Neutralize","floor":15,"key":"SMITH"}],"neow_cost":"PERCENT_DAMAGE","seed_source_timestamp":3132974296650,"circlet_count":0,"master_deck":["Defend_G","Defend_G","Defend_G","Defend_G","Survivor","Neutralize+1","Skewer","Poisoned Stab","Escape Plan","Poisoned Stab+1","Skewer","Poisoned Stab","After Image","Unload+1","Finisher+1","Predator+1","Backflip+1"],"relics":["Ring of the Snake","Du-Vu Doll","Golden Idol","Mercury Hourglass","Astrolabe","Calipers","Kunai"],"potions_floor_usage":[10,19,19,19],"damage_taken":[{"damage":0,"enemies":"2 Louse","floor":1,"turns":5},{"damage":0,"enemies":"Small Slimes","floor":2,"turns":3},{"damage":0,"enemies":"Cultist","floor":4,"turns":3},{"damage":0,"enemies":"Looter","floor":5,"turns":4},{"damage":3,"enemies":"Blue Slaver","floor":6,"turns":4},{"damage":0,"enemies":"Gremlin Gang","floor":10,"turns":4},{"damage":0,"enemies":"Large Slime","floor":12,"turns":3},{"damage":0,"enemies":"Looter","floor":13,"turns":2},{"damage":22,"enemies":"Hexaghost","floor":16,"turns":9},{"damage":4,"enemies":"Chosen","floor":18,"turns":4},{"damage":21,"enemies":"Colosseum Slavers","floor":19,"turns":5},{"damage":21,"enemies":"Colosseum Nobs","floor":19,"turns":4},{"damage":9,"enemies":"2 Thieves","floor":20,"turns":2}],"seed_played":"1750459055381499762","potions_obtained":[{"floor":1,"key":"SpeedPotion"},{"floor":2,"key":"Swift Potion"},{"floor":5,"key":"GamblersBrew"},{"floor":13,"key":"PowerPotion"},{"floor":19,"key":"Block Potion"}],"is_trial":false,"path_per_floor":["M","M","$","M","M","M","?","?","T","M","R","M","M","$","R","B",null,"M","?","M"],"character_chosen":"THE_SILENT","items_purchased":[],"campfire_rested":0,"item_purchase_floors":[],"current_hp_per_floor":[45,45,45,45,45,42,42,42,42,42,42,42,42,42,42,20,54,50,8,0],"gold":257,"neow_bonus":"ONE_RARE_RELIC","is_prod":false,"is_daily":false,"chose_seed":false,"campfire_upgraded":2,"win_rate":0,"timestamp":1541789747,"path_taken":["M","M","$","M","M","M","?","?","T","M","R","M","?","$","R","BOSS","M","?","M"],"build_version":"2018-11-08","purchased_purges":2,"victory":false,"max_hp_per_floor":[70,70,70,70,70,70,65,65,65,65,65,65,65,65,65,65,65,65,65,65],"card_choices":[{"not_picked":["Concentrate","Terror"],"picked":"Skewer","floor":1},{"not_picked":["Underhanded Strike","Masterful Stab"],"picked":"Poisoned Stab","floor":2},{"not_picked":["Riddle With Holes","PiercingWail"],"picked":"Escape Plan","floor":4},{"not_picked":["Dash","Flechettes"],"picked":"Poisoned Stab","floor":5},{"not_picked":["Distraction","Flying Knee","Backflip"],"picked":"SKIP","floor":6},{"not_picked":["Terror","Dagger Throw","Blade Dance"],"picked":"SKIP","floor":10},{"not_picked":["Caltrops","Dodge and Roll"],"picked":"Poisoned Stab","floor":12},{"not_picked":["Prepared","Concentrate","Finisher"],"picked":"SKIP","floor":13},{"not_picked":["Glass Knife","Doppelganger"],"picked":"After Image","floor":16},{"not_picked":["Riddle With Holes+1","PiercingWail","Reflex+1"],"picked":"SKIP","floor":18},{"not_picked":["Dagger Throw","Deadly Poison"],"picked":"Backflip+1","floor":19}],"player_experience":125966,"relics_obtained":[{"floor":9,"key":"Mercury Hourglass"},{"floor":19,"key":"Calipers"},{"floor":19,"key":"Kunai"}],"event_choices":[{"damage_healed":0,"gold_gain":0,"player_choice":"Lose Max HP","damage_taken":0,"relics_obtained":["Golden Idol"],"max_hp_gain":0,"max_hp_loss":5,"event_name":"Golden Idol","floor":7,"gold_loss":0},{"damage_healed":0,"gold_gain":0,"cards_transformed":["Strike_G"],"player_choice":"Transformed","damage_taken":0,"max_hp_gain":0,"max_hp_loss":0,"event_name":"Transmorgrifier","floor":8,"gold_loss":0,"cards_obtained":["Skewer"]},{"damage_healed":0,"gold_gain":0,"player_choice":"Fight","damage_taken":0,"max_hp_gain":0,"max_hp_loss":0,"event_name":"Colosseum","floor":19,"gold_loss":0},{"damage_healed":0,"gold_gain":0,"player_choice":"Fought Nobs","damage_taken":0,"max_hp_gain":0,"max_hp_loss":0,"event_name":"Colosseum","floor":19,"gold_loss":0}],"is_beta":false,"boss_relics":[{"not_picked":["Snecko Eye","Calling Bell"],"picked":"Astrolabe"}],"items_purged_floors":[3,14],"is_endless":false,"potions_floor_spawned":[1,2,5,13,16,19,19],"killed_by":"2 Thieves","ascension_level":6}