{"gold_per_floor":[117,127,144,164,66,66,86,46,46,62,72,72,18,51,51,51],"floor_reached":16,"playtime":413,"items_purged":["Strike_R"],"score":177,"play_id":"0cae074f-d4d0-4342-8c0b-c39ef6c240a9","local_time":"20181209021156","is_ascension_mode":true,"campfire_choices":[{"data":"Spot Weakness","floor":6,"key":"SMITH"},{"data":"Reckless Charge","floor":12,"key":"SMITH"},{"data":"Metallicize","floor":15,"key":"SMITH"}],"neow_cost":"NONE","seed_source_timestamp":48298709693048,"circlet_count":0,"master_deck":["AscendersBane","Strike_R","Strike_R","Strike_R","Strike_R","Defend_R","Defend_R","Defend_R","Defend_R","Bash","Spot Weakness+1","Cleave","Flame Barrier","Shrug It Off","Shrug It Off","Disarm","Intimidate","Reckless Charge+1","Feel No Pain","Metallicize+1"],"relics":["Burning Blood","The Courier","Blue Candle"],"potions_floor_usage":[4,14,14],"damage_taken":[{"damage":1,"enemies":"Cultist","floor":1,"turns":4},{"damage":7,"enemies":"2 Louse","floor":2,"turns":3},{"damage":0,"enemies":"Small Slimes","floor":3,"turns":2},{"damage":22,"enemies":"Gremlin Gang","floor":4,"turns":5},{"damage":0,"enemies":"2 Fungi Beasts","floor":7,"turns":5},{"damage":9,"enemies":"Blue Slaver","floor":10,"turns":6},{"damage":1,"enemies":"Exordium Wildlife","floor":11,"turns":3},{"damage":49,"enemies":"Gremlin Nob","floor":14,"turns":6},{"damage":44,"enemies":"Slime Boss","floor":16,"turns":11}],"seed_played":"-5002521184855983844","potions_obtained":[{"floor":1,"key":"Swift Potion"},{"floor":7,"key":"BloodPotion"},{"floor":8,"key":"Regen Potion"}],"is_trial":false,"path_per_floor":["M","M","M","M","$","R","M","?","T","M","M","R","$","E","R","B"],"character_chosen":"IRONCLAD","items_purchased":["Shrug It Off","Feel No Pain"],"campfire_rested":0,"item_purchase_floors":[5,13],"current_hp_per_floor":[73,72,75,59,59,59,65,65,65,62,67,67,67,39,39,0],"gold":51,"neow_bonus":"THREE_CARDS","is_prod":false,"is_daily":false,"chose_seed":false,"campfire_upgraded":3,"win_rate":0,"timestamp":1544321516,"path_taken":["M","?","M","M","$","R","M","?","T","M","?","R","?","E","R","BOSS"],"build_version":"2018-12-06","purchased_purges":1,"victory":false,"max_hp_per_floor":[75,75,75,75,75,75,75,75,75,75,75,75,75,75,75,75],"card_choices":[{"not_picked":["Battle Trance","Pommel Strike"],"picked":"Spot Weakness","floor":0},{"not_picked":["Entrench","Heavy Blade"],"picked":"Cleave","floor":1},{"not_picked":["Iron Wave","Pommel Strike"],"picked":"Flame Barrier","floor":2},{"not_picked":["Thunderclap","Power Through"],"picked":"Shrug It Off","floor":3},{"not_picked":["Headbutt","Anger","Sever Soul"],"picked":"SKIP","floor":4},{"not_picked":["Perfected Strike","True Grit"],"picked":"Disarm","floor":7},{"not_picked":["Heavy Blade","Headbutt"],"picked":"Intimidate","floor":10},{"not_picked":["True Grit","Corruption"],"picked":"Reckless Charge","floor":11},{"not_picked":["True Grit","Barricade"],"picked":"Metallicize","floor":14}],"player_experience":249152,"relics_obtained":[{"floor":9,"key":"The Courier"},{"floor":14,"key":"Blue Candle"}],"event_choices":[{"damage_healed":0,"gold_gain":0,"player_choice":"Bought 3 Potions","damage_taken":0,"max_hp_gain":0,"max_hp_loss":0,"event_name":"The Woman in Blue","floor":8,"gold_loss":0}],"is_beta":false,"boss_relics":[],"items_purged_floors":[5],"is_endless":false,"potions_floor_spawned":[1,7],"killed_by":"Slime Boss","ascension_level":14}