{"gold_per_floor":[110,110,110,110,110,110,122,122,148,159,159,173,205,225,225,328,328,338,351,370,13,23,23,23,58,58,58,90,0,0,19,19,117,117,137,137,137,147,147],"floor_reached":39,"playtime":2237,"items_purged":["Strike_G"],"score":524,"play_id":"e7e7655e-0b82-4c60-9a65-225b32d897a5","local_time":"20180909175433","is_ascension_mode":true,"campfire_choices":[{"data":"Bouncing Flask","floor":6,"key":"SMITH"},{"data":"Dagger Spray","floor":8,"key":"SMITH"},{"data":"PiercingWail","floor":11,"key":"SMITH"},{"data":"Poisoned Stab","floor":15,"key":"SMITH"},{"floor":23,"key":"REST"},{"floor":27,"key":"REST"},{"floor":30,"key":"REST"},{"floor":32,"key":"REST"}],"neow_cost":"PERCENT_DAMAGE","seed_source_timestamp":930026731175636,"circlet_count":0,"master_deck":["Defend_G","Defend_G","Defend_G","Defend_G","Strike_G","Strike_G","Survivor","Bouncing Flask+1","Heel Hook","Dagger Spray+1","PiercingWail+1","Poisoned Stab","Bullet Time","Poisoned Stab+1","Malaise","Predator+1","Deadly Poison+1","Crippling Poison","Mayhem","Bane+1","Night Terror","Skewer","Secret Technique","Master of Strategy","Leg Sweep+1"],"relics":["Ring of the Snake","StoneCalendar","Blood Vial","Happy Flower","Centennial Puzzle","Fusion Hammer","The Courier","Unceasing Top","Darkstone Periapt","White Beast Statue"],"potions_floor_usage":[13,22,25,35,38,38,39,39],"damage_taken":[{"damage":0,"enemies":"Small Slimes","floor":1,"turns":5},{"damage":1,"enemies":"Cultist","floor":7,"turns":3},{"damage":5,"enemies":"2 Louse","floor":10,"turns":2},{"damage":3,"enemies":"Blue Slaver","floor":12,"turns":4},{"damage":12,"enemies":"Lagavulin","floor":13,"turns":5},{"damage":1,"enemies":"Red Slaver","floor":14,"turns":3},{"damage":12,"enemies":"Slime Boss","floor":16,"turns":7},{"damage":11,"enemies":"Spheric Guardian","floor":18,"turns":3},{"damage":39,"enemies":"2 Thieves","floor":19,"turns":4},{"damage":7,"enemies":"3 Cultists","floor":20,"turns":4},{"damage":0,"enemies":"Snake Plant","floor":22,"turns":4},{"damage":14,"enemies":"Book of Stabbing","floor":25,"turns":5},{"damage":40,"enemies":"Gremlin Leader","floor":28,"turns":7},{"damage":5,"enemies":"Snecko","floor":31,"turns":4},{"damage":16,"enemies":"Champ","floor":33,"turns":8},{"damage":3,"enemies":"3 Shapes","floor":35,"turns":3},{"damage":13,"enemies":"Orb Walker","floor":38,"turns":5},{"damage":47,"enemies":"Transient","floor":39,"turns":3}],"seed_played":"2327395835706008313","potions_obtained":[{"floor":7,"key":"Weak Potion"},{"floor":12,"key":"LiquidBronze"},{"floor":19,"key":"Regen Potion"},{"floor":22,"key":"FearPotion"},{"floor":31,"key":"SteroidPotion"},{"floor":33,"key":"LiquidBronze"},{"floor":35,"key":"Ancient Potion"},{"floor":38,"key":"Fire Potion"}],"is_trial":false,"path_per_floor":["M","?","?","?","T","R","M","R","T","M","R","M","E","M","R","B",null,"M","M","M","$","M","R","?","E","T","R","E","?","R","M","R","B",null,"M","?","?","M"],"character_chosen":"THE_SILENT","items_purchased":["Mayhem","GhostInAJar"],"campfire_rested":4,"item_purchase_floors":[21,21],"current_hp_per_floor":[49,49,49,70,70,70,69,69,69,65,65,64,54,55,55,45,64,55,18,13,13,29,50,50,38,38,59,21,21,42,39,60,46,64,63,63,53,42,0],"gold":147,"neow_bonus":"ONE_RARE_RELIC","is_prod":false,"is_daily":false,"chose_seed":false,"campfire_upgraded":4,"win_rate":0,"timestamp":1536533673,"path_taken":["M","?","?","?","?","R","M","R","T","?","R","M","E","?","R","BOSS","M","M","M","$","M","R","?","E","T","R","E","?","R","M","R","BOSS","M","?","?","M","M"],"build_version":"2018-09-06","purchased_purges":1,"victory":false,"max_hp_per_floor":[70,70,70,70,70,70,70,70,70,70,70,70,70,70,70,70,70,70,70,70,70,70,70,70,70,70,70,70,70,70,70,70,70,70,70,70,70,70,70],"card_choices":[{"not_picked":["Slice","Dagger Throw"],"picked":"Bouncing Flask","floor":1},{"not_picked":["Prepared","Outmaneuver"],"picked":"Dagger Spray","floor":7},{"not_picked":["Reflex","Flying Knee"],"picked":"PiercingWail","floor":10},{"not_picked":["Deflect","Flying Knee"],"picked":"Poisoned Stab","floor":12},{"not_picked":["Heel Hook","All Out Attack"],"picked":"Bullet Time","floor":13},{"not_picked":["Quick Slash","Flying Knee"],"picked":"Poisoned Stab","floor":14},{"not_picked":["Glass Knife","Adrenaline"],"picked":"Malaise","floor":16},{"not_picked":["Acrobatics","Slice+1"],"picked":"Predator+1","floor":18},{"not_picked":["Endless Agony","Terror"],"picked":"Deadly Poison","floor":19},{"not_picked":["Backflip","Endless Agony"],"picked":"Crippling Poison","floor":20},{"not_picked":["Outmaneuver","Dagger Spray"],"picked":"Bane+1","floor":22},{"not_picked":["Dodge and Roll","Distraction","Slice"],"picked":"SKIP","floor":25},{"not_picked":["Accuracy","Backstab+1","Endless Agony"],"picked":"SKIP","floor":28},{"not_picked":["Blur","Sucker Punch","Cloak And Dagger"],"picked":"SKIP","floor":31},{"not_picked":["Bullet Time","Unload"],"picked":"Night Terror","floor":33},{"not_picked":["Dodge and Roll+1","Reflex"],"picked":"Skewer","floor":35},{"not_picked":["Enlightenment","Purity"],"picked":"Secret Technique","floor":37},{"not_picked":["Swift Strike","Bandage Up"],"picked":"Master of Strategy","floor":37},{"not_picked":["Quick Slash","Footwork"],"picked":"Leg Sweep+1","floor":38}],"player_experience":279611,"relics_obtained":[{"floor":5,"key":"Blood Vial"},{"floor":9,"key":"Happy Flower"},{"floor":13,"key":"Centennial Puzzle"},{"floor":25,"key":"The Courier"},{"floor":26,"key":"Unceasing Top"},{"floor":28,"key":"Darkstone Periapt"}],"event_choices":[{"event_name":"Bonfire Elementals","player_choice":"BASIC","floor":2,"damage_taken":0},{"event_name":"Transmorgrifier","player_choice":"Transform","floor":3,"damage_taken":0},{"event_name":"Big Fish","player_choice":"Banana","floor":4,"damage_taken":0},{"event_name":"Designer","player_choice":"Full Service","floor":29,"damage_taken":0},{"event_name":"Falling","player_choice":"Removed Attack","floor":36,"damage_taken":0},{"event_name":"SensoryStone","player_choice":"Memory 3","floor":37,"damage_taken":0}],"is_beta":false,"boss_relics":[{"not_picked":["Runic Pyramid","Empty Cage"],"picked":"Fusion Hammer"},{"not_picked":["Coffee Dripper","WristBlade"],"picked":"White Beast Statue"}],"items_purged_floors":[21],"is_endless":false,"potions_floor_spawned":[7,12,19,22,31,33,35,38],"killed_by":"Transient","ascension_level":5}