{"gold_per_floor":[109,284,296,315,12,12,26,8,8,83,115,126,156,156],"floor_reached":14,"playtime":304,"items_purged":[],"score":105,"play_id":"5b0a8a79-03c8-448d-9b7a-fb5b2b75cb56","local_time":"20180915170208","is_ascension_mode":true,"campfire_choices":[{"data":"Zap","floor":6,"key":"SMITH"}],"neow_cost":"NONE","seed_source_timestamp":19050036018732,"circlet_count":0,"master_deck":["Strike_B","Strike_B","Strike_B","Strike_B","Defend_B","Defend_B","Defend_B","Defend_B","Zap+1","Dualcast","Recycle","Sunder","Doubt","Conserve Battery","Scrape","Forethought","Ball Lightning","Loop","Rainbow","Gash"],"relics":["Cracked Core","Membership Card","Boot","Sundial","Bag of Marbles"],"potions_floor_usage":[11,13],"damage_taken":[{"damage":5,"enemies":"Jaw Worm","floor":1,"turns":4},{"damage":6,"enemies":"2 Louse","floor":3,"turns":2},{"damage":3,"enemies":"Small Slimes","floor":4,"turns":4},{"damage":8,"enemies":"Looter","floor":7,"turns":3},{"damage":8,"enemies":"Lagavulin","floor":11,"turns":6},{"damage":0,"enemies":"2 Fungi Beasts","floor":12,"turns":3},{"damage":25,"enemies":"3 Sentries","floor":13,"turns":5},{"damage":0,"enemies":"Exordium Wildlife","floor":14,"turns":1}],"seed_played":"3441718248437216379","potions_obtained":[{"floor":1,"key":"EssenceOfSteel"},{"floor":3,"key":"Block Potion"},{"floor":4,"key":"SpeedPotion"}],"is_trial":false,"path_per_floor":["M","?","M","M","$","R","M","$","T","?","E","M","E"],"character_chosen":"DEFECT","items_purchased":["Forethought","Membership Card","Loop"],"campfire_rested":0,"item_purchase_floors":[5,5,8],"current_hp_per_floor":[70,70,64,61,61,61,53,53,53,42,34,34,9,9],"gold":156,"neow_bonus":"THREE_CARDS","is_prod":false,"is_daily":false,"chose_seed":false,"campfire_upgraded":1,"win_rate":0,"timestamp":1537027328,"path_taken":["M","?","M","?","$","R","M","$","T","?","E","M","E","?"],"build_version":"2018-09-06","purchased_purges":0,"victory":false,"max_hp_per_floor":[75,75,75,75,75,75,75,75,75,75,75,75,75,75],"card_choices":[{"not_picked":["Barrage","Genetic Algorithm"],"picked":"Recycle","floor":0},{"not_picked":["Loop","Aggregate"],"picked":"Sunder","floor":1},{"not_picked":["Beam Cell","Redo"],"picked":"Conserve Battery","floor":3},{"not_picked":["Skim","Leap"],"picked":"Scrape","floor":4},{"not_picked":["Go for the Eyes","Steam"],"picked":"Ball Lightning","floor":7},{"not_picked":["Buffer","Genetic Algorithm"],"picked":"Rainbow","floor":11},{"not_picked":["Steam","Streamline","Rip and Tear"],"picked":"SKIP","floor":12},{"not_picked":["Melter","Aggregate"],"picked":"Gash","floor":13}],"player_experience":33712,"relics_obtained":[{"floor":9,"key":"Boot"},{"floor":11,"key":"Sundial"},{"floor":13,"key":"Bag of Marbles"}],"event_choices":[{"event_name":"Liars Game","player_choice":"agreed","floor":2,"damage_taken":0},{"event_name":"World of Goop","player_choice":"Gather Gold","floor":10,"damage_taken":0}],"is_beta":false,"boss_relics":[],"items_purged_floors":[],"is_endless":false,"potions_floor_spawned":[1,3,4,7],"killed_by":"Exordium Wildlife","ascension_level":1}