{"gold_per_floor":[109,128,140,140,140,140,165,165,165,198,198,212,237,237,237,340,340,352,367,42,52,67,67,67,67,67,157,186,203,203,230,230,335,335,348,396,409,426,130,130],"floor_reached":40,"playtime":2179,"items_purged":["Anger"],"score":674,"play_id":"e361cfc7-00bb-4a36-a214-2510f9fa4e1c","local_time":"20180826185829","is_ascension_mode":true,"campfire_choices":[{"floor":6,"key":"REST"},{"floor":8,"key":"REST"},{"data":"Anger","floor":15,"key":"SMITH"},{"floor":23,"key":"REST"},{"data":"Reaper","floor":25,"key":"SMITH"},{"floor":30,"key":"REST"},{"data":"Heavy Blade","floor":32,"key":"SMITH"}],"neow_cost":"PERCENT_DAMAGE","seed_source_timestamp":406718304356399,"circlet_count":0,"master_deck":["Strike_R","Strike_R+1","Defend_R","Defend_R","Defend_R","Defend_R","Anger+1","Heavy Blade+1","Inflame+1","Metallicize","Pommel Strike","Anger+1","Sword Boomerang","Reaper+1","Pommel Strike+1","Perfected Strike","Feel No Pain","True Grit","Metallicize+1","RitualDagger","Perfected Strike+1","Perfected Strike","Fiend Fire","Evolve+1","Pommel Strike+1","Shrug It Off+1","Perfected Strike+1","Pommel Strike","Armaments","Corruption","Inflame","True Grit","PanicButton"],"relics":["Burning Blood","Charon\u0027s Ashes","Champion Belt","Bronze Scales","Pantograph","Matryoshka","Sozu","Sling","Whetstone","Art of War","Gremlin Horn","Potion Belt","Astrolabe","StoneCalendar"],"potions_floor_usage":[16,16],"damage_taken":[{"damage":6,"enemies":"Jaw Worm","floor":1,"turns":4},{"damage":11,"enemies":"Cultist","floor":2,"turns":4},{"damage":0,"enemies":"Small Slimes","floor":3,"turns":3},{"damage":25,"enemies":"3 Sentries","floor":7,"turns":7},{"damage":26,"enemies":"Gremlin Nob","floor":10,"turns":4},{"damage":3,"enemies":"Blue Slaver","floor":12,"turns":4},{"damage":24,"enemies":"Lagavulin","floor":13,"turns":5},{"damage":60,"enemies":"Hexaghost","floor":16,"turns":8},{"damage":32,"enemies":"Chosen","floor":18,"turns":5},{"damage":28,"enemies":"2 Thieves","floor":19,"turns":4},{"damage":14,"enemies":"3 Cultists","floor":21,"turns":5},{"damage":41,"enemies":"Centurion and Healer","floor":22,"turns":4},{"damage":20,"enemies":"Gremlin Leader","floor":28,"turns":5},{"damage":16,"enemies":"Sentry and Sphere","floor":29,"turns":4},{"damage":27,"enemies":"Book of Stabbing","floor":31,"turns":4},{"damage":89,"enemies":"Automaton","floor":33,"turns":9},{"damage":13,"enemies":"Orb Walker","floor":35,"turns":3},{"damage":55,"enemies":"Mysterious Sphere","floor":36,"turns":4},{"damage":1,"enemies":"3 Shapes","floor":37,"turns":2},{"damage":73,"enemies":"Transient","floor":38,"turns":5},{"damage":32,"enemies":"Giant Head","floor":40,"turns":6}],"seed_played":"967792395841214078","potions_obtained":[{"floor":10,"key":"Regen Potion"},{"floor":12,"key":"Regen Potion"},{"floor":16,"key":"FairyPotion"}],"is_trial":false,"path_per_floor":["M","M","M","?","?","R","E","R","T","E","?","M","E","T","R","B",null,"M","M","$","M","M","R","?","R","T","?","E","M","R","E","R","B",null,"M","?","M","M","$"],"character_chosen":"IRONCLAD","items_purchased":["Feel No Pain","True Grit","Sling","Inflame","True Grit","PanicButton"],"campfire_rested":4,"item_purchase_floors":[20,20,20,39,39,39],"current_hp_per_floor":[64,59,65,65,46,74,55,83,83,63,95,96,78,78,78,76,91,70,56,56,62,34,62,56,56,56,38,54,44,72,58,58,8,74,67,33,38,15,15,0],"gold":130,"neow_bonus":"TWENTY_PERCENT_HP_BONUS","is_prod":false,"is_daily":false,"chose_seed":false,"campfire_upgraded":3,"win_rate":0,"timestamp":1535327909,"path_taken":["M","M","M","?","?","R","E","R","T","E","?","M","E","?","R","BOSS","M","M","$","?","M","R","?","R","T","?","E","M","R","E","R","BOSS","M","?","M","M","$","E"],"build_version":"2018-08-23v2","purchased_purges":1,"victory":false,"max_hp_per_floor":[96,96,96,96,96,96,96,96,96,96,96,96,96,96,96,96,96,96,96,96,96,96,96,96,96,96,96,96,96,96,96,96,96,96,96,96,96,96,96,96],"card_choices":[{"not_picked":["Armaments","Body Slam"],"picked":"Anger","floor":1},{"not_picked":["Warcry","Pommel Strike"],"picked":"Heavy Blade","floor":2},{"not_picked":["Iron Wave","Anger"],"picked":"Inflame","floor":3},{"not_picked":["Wild Strike","Burning Pact"],"picked":"Metallicize","floor":7},{"not_picked":["Brutality","Clash"],"picked":"Pommel Strike","floor":10},{"not_picked":["Searing Blow","Entrench"],"picked":"Anger","floor":12},{"not_picked":["Cleave","Shrug It Off"],"picked":"Sword Boomerang","floor":13},{"not_picked":["Dark Embrace","Double Tap"],"picked":"Reaper","floor":16},{"not_picked":["Infernal Blade+1","Evolve"],"picked":"Pommel Strike+1","floor":18},{"not_picked":["Pommel Strike","Armaments"],"picked":"Perfected Strike","floor":19},{"not_picked":["Iron Wave","Thunderclap"],"picked":"Anger","floor":21},{"not_picked":["Dual Wield","Limit Break"],"picked":"Metallicize+1","floor":22},{"not_picked":["Clash+1","Seeing Red+1"],"picked":"Perfected Strike+1","floor":28},{"not_picked":["Sever Soul","Sentinel","Wild Strike+1"],"picked":"SKIP","floor":29},{"not_picked":["Immolate","Dropkick"],"picked":"Perfected Strike","floor":31},{"not_picked":["Barricade","Bludgeon"],"picked":"Fiend Fire","floor":33},{"not_picked":["Cleave","Hemokinesis"],"picked":"Perfected Strike+1","floor":35},{"not_picked":["Dropkick","Hemokinesis+1"],"picked":"Pommel Strike","floor":36},{"not_picked":["Sword Boomerang","Wild Strike"],"picked":"Armaments","floor":37},{"not_picked":["Iron Wave+1","Heavy Blade+1"],"picked":"Corruption","floor":38}],"player_experience":240931,"relics_obtained":[{"floor":7,"key":"Charon\u0027s Ashes"},{"floor":9,"key":"Champion Belt"},{"floor":10,"key":"Bronze Scales"},{"floor":13,"key":"Pantograph"},{"floor":14,"key":"Matryoshka"},{"floor":26,"key":"Whetstone"},{"floor":26,"key":"Art of War"},{"floor":28,"key":"Gremlin Horn"},{"floor":31,"key":"Potion Belt"},{"floor":36,"key":"StoneCalendar"}],"event_choices":[{"event_name":"Bonfire Elementals","player_choice":"BASIC","floor":4,"damage_taken":0},{"event_name":"Shining Light","player_choice":"Entered Light","floor":5,"damage_taken":0},{"event_name":"Big Fish","player_choice":"Banana","floor":11,"damage_taken":0},{"event_name":"Nest","player_choice":"Joined the Cult","floor":24,"damage_taken":0},{"event_name":"Knowing Skull","player_choice":"GOLD ","floor":27,"damage_taken":0},{"event_name":"Mysterious Sphere","player_choice":"Fight","floor":36,"damage_taken":0}],"is_beta":false,"boss_relics":[{"not_picked":["Empty Cage","Snecko Eye"],"picked":"Sozu"},{"not_picked":["Lizard Tail","Philosopher\u0027s Stone"],"picked":"Astrolabe"}],"items_purged_floors":[39],"is_endless":false,"potions_floor_spawned":[10,12,16,19,29,31,33,37],"killed_by":"Giant Head","ascension_level":7}