{"gold_per_floor":[115,135,145,162,179,513,532,532,557,591,591,625,639,639,639,734,734,751,762,775,791,791,791,823,823,823,833,510,528,130,160,160,261,261,273,291,291,336,336,366,377,392,392,420,420,453,55,66,66,66,66,66,66,96,96],"floor_reached":56,"playtime":4470,"items_purged":[],"score":1744,"play_id":"ced1b740-eef9-4f81-94ad-5399f46f91e9","local_time":"20190204002221","is_ascension_mode":true,"campfire_choices":[{"data":"Zap","floor":8.0,"key":"SMITH"},{"floor":11.0,"key":"REST"},{"data":"Hologram","floor":15.0,"key":"SMITH"},{"floor":23.0,"key":"REST"},{"data":"Chill","floor":25.0,"key":"SMITH"},{"floor":32.0,"key":"REST"},{"data":"Echo Form","floor":45.0,"key":"SMITH"},{"floor":49,"key":"RECALL"},{"floor":52,"key":"DIG"}],"neow_cost":"NONE","seed_source_timestamp":0,"circlet_count":0,"master_deck":["Strike_B","Strike_B","Strike_B","Defend_B","Defend_B","Defend_B","Defend_B+1","Dualcast","Ball Lightning+1","Cold Snap","Hologram+1","Conserve Battery","Consume","Steam+1","Self Repair","Compile Driver","Cold Snap","Hologram","Creative AI","Defragment+1","Genetic Algorithm","Go for the Eyes+1","Chill+1","BootSequence+1","Echo Form+1","Leap+1","Apotheosis+1","White Noise+1","Rip and Tear","Biased Cognition","Heatsinks+1","Glacier+1","Coolheaded+1","Sweeping Beam+1","White Noise+1","Defragment+1","Seek+1","Blizzard","Skim+1"],"special_seed":0,"relics":["Cracked Core","Old Coin","Centennial Puzzle","Cables","DataDisk","Bottled Flame","Nuclear Battery","Omamori","Toxic Egg 2","Bag of Preparation","War Paint","Dream Catcher","Cursed Key","Shovel","Whetstone","Kunai","Happy Flower","Mummified Hand","Pear","FossilizedHelix"],"potions_floor_usage":[55,55,55],"damage_taken":[{"damage":6.0,"enemies":"Cultist","floor":1.0,"turns":4.0},{"damage":0.0,"enemies":"Small Slimes","floor":2.0,"turns":2.0},{"damage":2.0,"enemies":"Jaw Worm","floor":3.0,"turns":3.0},{"damage":8.0,"enemies":"Large Slime","floor":4.0,"turns":6.0},{"damage":1.0,"enemies":"Looter","floor":5.0,"turns":4.0},{"damage":23.0,"enemies":"3 Sentries","floor":6.0,"turns":6.0},{"damage":6.0,"enemies":"Blue Slaver","floor":7.0,"turns":4.0},{"damage":21.0,"enemies":"Lagavulin","floor":10.0,"turns":6.0},{"damage":20.0,"enemies":"Gremlin Nob","floor":12.0,"turns":3.0},{"damage":2.0,"enemies":"Lots of Slimes","floor":13.0,"turns":4.0},{"damage":4.0,"enemies":"Hexaghost","floor":16.0,"turns":9.0},{"damage":12.0,"enemies":"Chosen","floor":18.0,"turns":5.0},{"damage":5.0,"enemies":"Shell Parasite","floor":19.0,"turns":6.0},{"damage":16.0,"enemies":"Snake Plant","floor":20.0,"turns":3.0},{"damage":3.0,"enemies":"Snecko","floor":21.0,"turns":6.0},{"damage":12.0,"enemies":"Slavers","floor":24.0,"turns":5.0},{"damage":18.0,"enemies":"Centurion and Healer","floor":27.0,"turns":9.0},{"damage":2.0,"enemies":"Sentry and Sphere","floor":29.0,"turns":7.0},{"damage":37.0,"enemies":"Gremlin Leader","floor":31.0,"turns":7.0},{"damage":5.0,"enemies":"Automaton","floor":33.0,"turns":12.0},{"damage":0.0,"enemies":"Orb Walker","floor":35.0,"turns":3.0},{"damage":11.0,"enemies":"3 Darklings","floor":36.0,"turns":5.0},{"damage":22.0,"enemies":"2 Orb Walkers","floor":38.0,"turns":6.0},{"damage":0.0,"enemies":"Giant Head","floor":40.0,"turns":8.0},{"damage":8.0,"enemies":"Transient","floor":41.0,"turns":5.0},{"damage":0.0,"enemies":"Sphere and 2 Shapes","floor":42.0,"turns":7.0},{"damage":0.0,"enemies":"Reptomancer","floor":44.0,"turns":12.0},{"damage":16.0,"enemies":"Nemesis","floor":46.0,"turns":9.0},{"damage":3.0,"enemies":"Maw","floor":48.0,"turns":9.0},{"damage":7,"enemies":"Donu and Deca","floor":50,"turns":8},{"damage":0,"enemies":"Shield and Spear","floor":54,"turns":7},{"damage":37,"enemies":"The Heart","floor":55,"turns":12}],"seed_played":"5761055318466741780","potions_obtained":[{"floor":1.0,"key":"SpeedPotion"},{"floor":4.0,"key":"Strength Potion"},{"floor":5.0,"key":"Poison Potion"},{"floor":12.0,"key":"Fire Potion"},{"floor":20.0,"key":"Strength Potion"},{"floor":21.0,"key":"Explosive Potion"},{"floor":31.0,"key":"Block Potion"},{"floor":36.0,"key":"SteroidPotion"},{"floor":42.0,"key":"Strength Potion"},{"floor":44.0,"key":"Swift Potion"}],"is_trial":false,"path_per_floor":["M","M","M","M","M","E","M","R","T","E","R","E","M","T","R","B",null,"M","M","M","M","?","R","E","R","T","M","$","M","$","E","R","B",null,"M","M","?","?","?","E","M","M","T","E","R","E","$","M","R","B",null,"R","$","E","B",null],"character_chosen":"DEFECT","items_purchased":["Bag of Preparation","Echo Form","Leap+1","Apotheosis+1","White Noise+1","War Paint","Mummified Hand","Seek+1"],"campfire_rested":3,"item_purchase_floors":[28,28,28,30,30,30,47,47],"current_hp_per_floor":[62,62,60,52,51,28,22,22,22,8,30,17,22,22,22,18,61,56,58,42,46,32,56,51,51,51,40,40,45,45,18,42,47,72,72,71,71,56,56,63,65,75,75,80,80,80,80,80,80,80,80,90,90,90,63],"gold":96,"neow_bonus":"REMOVE_CARD","is_prod":false,"is_daily":false,"chose_seed":false,"campfire_upgraded":4,"win_rate":0,"timestamp":1549257741,"path_taken":["M","?","M","M","M","E","?","R","T","E","R","E","M","?","R","BOSS","M","M","M","M","?","R","E","R","T","M","$","M","$","E","R","BOSS","M","M","?","?","?","E","M","M","T","E","R","E","?","M","R","BOSS","R","$","E","BOSS"],"build_version":"2019-01-23","purchased_purges":0,"victory":true,"max_hp_per_floor":[75,75,75,75,75,75,75,75,75,75,75,75,75,75,75,75,75,75,75,75,75,80,80,80,80,80,80,80,80,80,80,80,80,80,80,80,80,80,80,80,80,80,80,80,80,80,80,80,80,80,80,90,90,90,90],"card_choices":[{"not_picked":["Recycle","Streamline"],"picked":"Ball Lightning","floor":1.0},{"not_picked":["Blizzard","Gash"],"picked":"Cold Snap","floor":2.0},{"not_picked":["Sweeping Beam","Stack"],"picked":"Hologram","floor":3.0},{"not_picked":["White Noise","Hologram"],"picked":"Conserve Battery","floor":4.0},{"not_picked":["Conserve Battery","Double Energy"],"picked":"Consume","floor":5.0},{"not_picked":["Beam Cell","Meteor Strike"],"picked":"Steam","floor":6.0},{"not_picked":["Scrape","Leap"],"picked":"Self Repair","floor":7.0},{"not_picked":["Sweeping Beam","Steam"],"picked":"Compile Driver","floor":10.0},{"not_picked":["Barrage","Beam Cell"],"picked":"Cold Snap","floor":12.0},{"not_picked":["Rebound","Storm"],"picked":"Hologram","floor":13.0},{"not_picked":["Rainbow","All For One"],"picked":"Creative AI","floor":16.0},{"not_picked":["Lockon","Turbo","Cold Snap"],"picked":"SKIP","floor":18.0},{"not_picked":["Gash","Streamline"],"picked":"Defragment+1","floor":19.0},{"not_picked":["Sunder","Barrage+1"],"picked":"Genetic Algorithm","floor":20.0},{"not_picked":["Gash","Steam Power"],"picked":"Go for the Eyes","floor":21.0},{"not_picked":["Skim","Lockon+1"],"picked":"Chill","floor":24.0},{"not_picked":["Stack+1","Skim+1"],"picked":"BootSequence+1","floor":27.0},{"not_picked":["BootSequence+1","Redo+1","Recycle+1"],"picked":"SKIP","floor":29.0},{"not_picked":["Barrage","Hologram+1","Turbo+1"],"picked":"SKIP","floor":31.0},{"not_picked":["Steam Power+1","Compile Driver"],"picked":"Rip and Tear","floor":32.0},{"not_picked":["Thunder Strike","Buffer"],"picked":"Biased Cognition","floor":33.0},{"not_picked":["Cold Snap+1","Loop"],"picked":"Heatsinks+1","floor":35.0},{"not_picked":["Scrape+1","Gash"],"picked":"Glacier+1","floor":36.0},{"not_picked":["Aggregate+1","FTL+1"],"picked":"Coolheaded+1","floor":38.0},{"not_picked":["Fusion+1","Ball Lightning"],"picked":"Sweeping Beam+1","floor":40.0},{"not_picked":["Aggregate+1","Ball Lightning+1","Barrage"],"picked":"SKIP","floor":41.0},{"not_picked":["Streamline+1","Thunder Strike"],"picked":"White Noise+1","floor":42.0},{"not_picked":["Sweeping Beam+1","Rebound+1"],"picked":"Defragment+1","floor":44.0},{"not_picked":["Go for the Eyes+1","Rainbow+1","Conserve Battery+1"],"picked":"SKIP","floor":46.0},{"not_picked":["Compile Driver+1","Coolheaded+1"],"picked":"Blizzard","floor":48.0},{"not_picked":["Stack+1","Go for the Eyes"],"picked":"Skim+1","floor":54}],"player_experience":442108,"relics_obtained":[{"floor":6.0,"key":"Old Coin"},{"floor":9.0,"key":"Centennial Puzzle"},{"floor":10.0,"key":"Cables"},{"floor":12.0,"key":"DataDisk"},{"floor":14.0,"key":"Bottled Flame"},{"floor":24.0,"key":"Omamori"},{"floor":26.0,"key":"Toxic Egg 2"},{"floor":31.0,"key":"Dream Catcher"},{"floor":38.0,"key":"Shovel"},{"floor":40.0,"key":"Whetstone"},{"floor":44.0,"key":"Kunai"},{"floor":46.0,"key":"Happy Flower"},{"floor":52,"key":"Pear"},{"floor":54,"key":"FossilizedHelix"}],"event_choices":[{"damage_healed":0.0,"max_hp_gain":5.0,"max_hp_loss":0.0,"gold_gain":0.0,"event_name":"Forgotten Altar","player_choice":"Shed Blood","floor":22.0,"gold_loss":0.0,"damage_taken":19.0},{"damage_healed":0.0,"max_hp_gain":0.0,"max_hp_loss":0.0,"gold_gain":0.0,"event_name":"Tomb of Lord Red Mask","player_choice":"Ignored","floor":37.0,"gold_loss":0.0,"damage_taken":0.0},{"damage_healed":0.0,"max_hp_gain":0.0,"max_hp_loss":0.0,"gold_gain":0.0,"event_name":"Mysterious Sphere","player_choice":"Fight","floor":38.0,"gold_loss":0.0,"damage_taken":0.0},{"cards_removed":["Zap"],"damage_healed":0.0,"max_hp_gain":0.0,"max_hp_loss":0.0,"gold_gain":0.0,"event_name":"Falling","player_choice":"Removed Skill","floor":39.0,"gold_loss":0.0,"damage_taken":0.0}],"is_beta":false,"boss_relics":[{"not_picked":["Orrery","Runic Pyramid"],"picked":"Nuclear Battery"},{"not_picked":["FrozenCore","Tiny House"],"picked":"Cursed Key"}],"items_purged_floors":[],"is_endless":false,"potions_floor_spawned":[1,4,5,12,20,21,31,36,42,44],"ascension_level":7}