{"gold_per_floor":[118,118,14,32,32,52,77,88,111,130,161,161,161,495,495,594,594,565,565,72,95,119,131,143,155,167,190,212,93,3,18,18,113,113,133,183,183,183,61,91,91,108,108,108],"floor_reached":44,"playtime":1707,"items_purged":["Strike_B","Zap","Dualcast+1"],"score":632,"play_id":"2345a170-9e50-48e7-ad74-fab59a0f9144","local_time":"20180922203040","is_ascension_mode":true,"campfire_choices":[{"floor":13,"key":"REST"},{"floor":15,"key":"REST"},{"data":"Storm","floor":23,"key":"SMITH"},{"data":"Creative AI","floor":25,"key":"SMITH"},{"floor":32,"key":"REST"},{"data":"Echo Form","floor":41,"key":"SMITH"}],"neow_cost":"","seed_source_timestamp":94928312977887,"circlet_count":0,"master_deck":["Defend_B+1","Defend_B+1","Defend_B+1","Defend_B+1","Recycle+1","Capacitor+1","Conserve Battery+1","Genetic Algorithm+1","Hologram+1","Buffer+1","Cold Snap+1","Coolheaded+1","Conserve Battery+1","Creative AI+1","Conserve Battery+1","Creative AI+1","Heatsinks+1","Storm+1","Coolheaded+1","Static Discharge+1","Consume+1","Capacitor+1","Self Repair+1","Loop+1","Echo Form+1","Self Repair","Echo Form+1","Pain"],"relics":["FrozenCore","Blood Vial","Dream Catcher","Smiling Mask","Old Coin","Cursed Key","Strawberry","MawBank","Ornamental Fan","Pocketwatch","Mark of the Bloom","Symbiotic Virus","Pear"],"potions_floor_usage":[6,10,11,36,36],"damage_taken":[{"damage":1,"enemies":"Cultist","floor":1,"turns":3},{"damage":1,"enemies":"2 Louse","floor":4,"turns":4},{"damage":0,"enemies":"Small Slimes","floor":6,"turns":5},{"damage":48,"enemies":"3 Sentries","floor":7,"turns":10},{"damage":6,"enemies":"2 Fungi Beasts","floor":8,"turns":5},{"damage":0,"enemies":"Large Slime","floor":10,"turns":9},{"damage":8,"enemies":"Lagavulin","floor":11,"turns":10},{"damage":9,"enemies":"3 Sentries","floor":14,"turns":11},{"damage":9,"enemies":"Slime Boss","floor":16,"turns":9},{"damage":27,"enemies":"2 Thieves","floor":18,"turns":5},{"damage":0,"enemies":"Spheric Guardian","floor":21,"turns":4},{"damage":11,"enemies":"Centurion and Healer","floor":22,"turns":4},{"damage":21,"enemies":"Snake Plant","floor":27,"turns":5},{"damage":6,"enemies":"Chosen and Byrds","floor":28,"turns":6},{"damage":22,"enemies":"Centurion and Healer","floor":31,"turns":7},{"damage":16,"enemies":"Champ","floor":33,"turns":9},{"damage":25,"enemies":"3 Shapes","floor":35,"turns":7},{"damage":24,"enemies":"Mysterious Sphere","floor":36,"turns":7},{"damage":0,"enemies":"Giant Head","floor":40,"turns":7},{"damage":17,"enemies":"3 Darklings","floor":42,"turns":6},{"damage":38,"enemies":"Spire Growth","floor":44,"turns":6}],"seed_played":"-4386438962592968251","potions_obtained":[{"floor":1,"key":"Dexterity Potion"},{"floor":8,"key":"Block Potion"},{"floor":10,"key":"GamblersBrew"},{"floor":11,"key":"AttackPotion"},{"floor":16,"key":"SpeedPotion"},{"floor":21,"key":"GamblersBrew"},{"floor":27,"key":"FocusPotion"},{"floor":40,"key":"EssenceOfSteel"}],"is_trial":false,"path_per_floor":["M","?","$","M","?","M","E","M","T","M","E","?","R","E","R","B",null,"M","?","$","M","M","R","?","R","T","M","M","$","?","M","R","B",null,"M","?","?","?","$","E","R","M","T"],"character_chosen":"DEFECT","items_purchased":["Capacitor","Conserve Battery","Storm","Strawberry","Coolheaded","MawBank","Capacitor","Self Repair"],"campfire_rested":3,"item_purchase_floors":[3,3,20,20,20,20,29,39],"current_hp_per_floor":[74,74,74,73,66,66,18,14,14,16,10,10,32,25,47,40,75,48,48,55,57,48,48,48,48,48,29,25,25,25,5,29,25,82,67,55,55,55,55,55,55,38,38,0],"gold":108,"neow_bonus":"","is_prod":false,"is_daily":false,"chose_seed":false,"campfire_upgraded":3,"win_rate":0,"timestamp":1537644640,"path_taken":["M","?","$","M","?","M","E","?","T","M","E","?","R","E","R","BOSS","M","?","$","M","M","R","?","R","T","M","M","$","?","M","R","BOSS","M","?","?","?","?","E","R","M","T","M"],"build_version":"2018-09-20","purchased_purges":3,"victory":false,"max_hp_per_floor":[75,75,75,75,75,75,75,75,75,75,75,75,75,75,75,75,75,75,75,82,82,82,82,82,82,82,82,82,82,82,82,82,82,82,82,82,82,82,82,82,82,82,92,92],"card_choices":[{"not_picked":["Heatsinks","Steam"],"picked":"Recycle","floor":1},{"not_picked":["Stack","Barrage"],"picked":"Genetic Algorithm","floor":4},{"not_picked":["Rip and Tear","Self Repair"],"picked":"Hologram","floor":6},{"not_picked":["Barrage","Streamline"],"picked":"Buffer","floor":7},{"not_picked":["Recycle","Redo"],"picked":"Cold Snap","floor":8},{"not_picked":["Compile Driver","Barrage"],"picked":"Coolheaded","floor":10},{"not_picked":["Sunder","Hologram"],"picked":"Conserve Battery","floor":11},{"not_picked":["Gash","Fusion"],"picked":"Creative AI","floor":14},{"not_picked":["Compile Driver","Beam Cell"],"picked":"Conserve Battery","floor":15},{"not_picked":["Multi-Cast","Echo Form"],"picked":"Creative AI","floor":16},{"not_picked":["Streamline+1","Barrage"],"picked":"Heatsinks","floor":18},{"not_picked":["Sunder","Melter"],"picked":"Static Discharge","floor":21},{"not_picked":["Conserve Battery","Ball Lightning","Coolheaded"],"picked":"SKIP","floor":22},{"not_picked":["FTL","Gash","Redo"],"picked":"SKIP","floor":27},{"not_picked":["Rip and Tear","Conserve Battery+1"],"picked":"Consume","floor":28},{"not_picked":["Leap","Fusion+1"],"picked":"Self Repair+1","floor":31},{"not_picked":["Leap","Barrage"],"picked":"Loop","floor":32},{"not_picked":["All For One","Thunder Strike"],"picked":"Echo Form","floor":33},{"not_picked":["Sweeping Beam","Stack","Genetic Algorithm+1"],"picked":"SKIP","floor":35},{"not_picked":["Cold Snap","Chaos"],"picked":"Echo Form","floor":40},{"not_picked":["Lockon+1","Gash","Rebound"],"picked":"SKIP","floor":42}],"player_experience":41663,"relics_obtained":[{"floor":7,"key":"Blood Vial"},{"floor":9,"key":"Dream Catcher"},{"floor":11,"key":"Smiling Mask"},{"floor":14,"key":"Old Coin"},{"floor":26,"key":"Ornamental Fan"},{"floor":36,"key":"Pocketwatch"},{"floor":40,"key":"Symbiotic Virus"},{"floor":43,"key":"Pear"}],"event_choices":[{"event_name":"Liars Game","player_choice":"disagreed","floor":2,"damage_taken":0},{"event_name":"Golden Wing","player_choice":"Card Removal","floor":5,"damage_taken":0},{"event_name":"Purifier","player_choice":"One Purge","floor":12,"damage_taken":0},{"event_name":"Bonfire Elementals","player_choice":"BASIC","floor":19,"damage_taken":0},{"event_name":"Ghosts","player_choice":"Ignored","floor":24,"damage_taken":0},{"event_name":"Designer","player_choice":"Full Service","floor":30,"damage_taken":0},{"event_name":"Mysterious Sphere","player_choice":"Fight","floor":36,"damage_taken":0},{"event_name":"Tomb of Lord Red Mask","player_choice":"Ignored","floor":37,"damage_taken":0},{"event_name":"MindBloom","player_choice":"Upgrade","floor":38,"damage_taken":0}],"is_beta":false,"boss_relics":[{"not_picked":["Calling Bell","Coffee Dripper"],"picked":"Cursed Key"},{"not_picked":["Inserter","Astrolabe"],"picked":"FrozenCore"}],"items_purged_floors":[20,29,39],"is_endless":false,"potions_floor_spawned":[1,8,10,11,16,21,27,33,35,40],"killed_by":"Spire Growth","ascension_level":3}