{"gold_per_floor":[119,119,44,119,136,136,136,86,112,112,131,31,46,77,77,176,176,196,71,71,81,111,111,127,127,209,209,243,277,277,311,311,406,406,416,416,416,416,516,516,187,187,240,256,272,272,301,312,312,312],"floor_reached":50,"playtime":1424,"items_purged":["Strike_G","Strike_G","Strike_G","All Out Attack"],"score":685,"play_id":"8fd791cc-fd4b-4fbd-aa45-eba629b760f1","local_time":"20181114202705","is_ascension_mode":true,"campfire_choices":[{"data":"Impatience","floor":6,"key":"SMITH"},{"data":"Neutralize","floor":10,"key":"SMITH"},{"floor":15,"key":"REST"},{"data":"Noxious Fumes","floor":23,"key":"SMITH"},{"data":"After Image","floor":25,"key":"SMITH"},{"data":"Deadly Poison","floor":27,"key":"SMITH"},{"data":"Deadly Poison","floor":32,"key":"SMITH"},{"data":"Deadly Poison","floor":40,"key":"SMITH"},{"data":"Noxious Fumes","floor":42,"key":"SMITH"},{"data":"Defend_G","floor":46,"key":"SMITH"},{"data":"Slice","floor":49,"key":"SMITH"}],"neow_cost":"TEN_PERCENT_HP_LOSS","seed_source_timestamp":4759658856530,"circlet_count":0,"master_deck":["Defend_G+1","Defend_G","Defend_G","Defend_G","Defend_G","Survivor","Neutralize+1","Impatience+1","Deadly Poison+1","Deadly Poison+1","Masterful Stab","Noxious Fumes+1","After Image+1","Slice+1","Deadly Poison+1","Slice","Escape Plan+1","Noxious Fumes+1","Acrobatics+1"],"relics":["Ring of the Snake","Bag of Preparation","Happy Flower","Juzu Bracelet","Coffee Dripper","Tiny Chest","Gremlin Horn","Orichalcum","Red Mask","Vajra","White Beast Statue","FossilizedHelix","Strawberry","Anchor","Paper Crane"],"potions_floor_usage":[14,21,24,45,47,47,50,50,50],"damage_taken":[{"damage":5,"enemies":"Cultist","floor":1,"turns":4},{"damage":1,"enemies":"Jaw Worm","floor":5,"turns":4},{"damage":0,"enemies":"2 Louse","floor":11,"turns":2},{"damage":0,"enemies":"2 Fungi Beasts","floor":13,"turns":4},{"damage":34,"enemies":"3 Sentries","floor":14,"turns":12},{"damage":15,"enemies":"Hexaghost","floor":16,"turns":8},{"damage":0,"enemies":"Chosen","floor":18,"turns":4},{"damage":8,"enemies":"3 Byrds","floor":21,"turns":6},{"damage":2,"enemies":"Snecko","floor":24,"turns":4},{"damage":0,"enemies":"Gremlin Leader","floor":28,"turns":5},{"damage":11,"enemies":"Masked Bandits","floor":29,"turns":4},{"damage":8,"enemies":"Book of Stabbing","floor":31,"turns":5},{"damage":29,"enemies":"Automaton","floor":33,"turns":8},{"damage":10,"enemies":"3 Darklings","floor":35,"turns":4},{"damage":3,"enemies":"Mind Bloom Boss Battle","floor":39,"turns":6},{"damage":0,"enemies":"Orb Walker","floor":44,"turns":4},{"damage":0,"enemies":"4 Shapes","floor":45,"turns":4},{"damage":15,"enemies":"Giant Head","floor":47,"turns":7},{"damage":0,"enemies":"Writhing Mass","floor":48,"turns":6},{"damage":40,"enemies":"Time Eater","floor":50,"turns":9}],"seed_played":"-6925479741207302895","potions_obtained":[{"floor":1,"key":"Explosive Potion"},{"floor":18,"key":"Regen Potion"},{"floor":21,"key":"SkillPotion"},{"floor":29,"key":"Ancient Potion"},{"floor":35,"key":"FearPotion"},{"floor":39,"key":"Fire Potion"},{"floor":44,"key":"AttackPotion"},{"floor":45,"key":"Swift Potion"},{"floor":47,"key":"EssenceOfSteel"},{"floor":48,"key":"GhostInAJar"}],"is_trial":false,"path_per_floor":["M","?","$","?","M","R","?","?","T","R","M","$","M","E","R","B",null,"M","$","?","M","T","R","M","R","T","R","E","?","?","E","R","B",null,"M","?","?","?","?","R","$","R","T","M","M","R","E","M","R","B"],"character_chosen":"THE_SILENT","items_purchased":["Noxious Fumes","Strawberry"],"campfire_rested":1,"item_purchase_floors":[41,41],"current_hp_per_floor":[58,63,63,52,51,51,44,44,44,44,44,44,44,10,30,15,55,55,55,55,62,62,62,60,60,60,60,60,49,49,41,41,12,54,44,44,44,44,41,41,48,48,48,48,48,48,33,33,33,0],"gold":312,"neow_bonus":"RANDOM_COLORLESS_2","is_prod":false,"is_daily":false,"chose_seed":false,"campfire_upgraded":10,"win_rate":0,"timestamp":1542227225,"path_taken":["M","?","$","?","M","R","?","?","T","R","M","$","M","E","R","BOSS","M","$","?","M","?","R","M","R","T","R","E","?","?","E","R","BOSS","M","?","?","?","?","R","$","R","T","M","M","R","E","M","R","BOSS"],"build_version":"2018-11-08","purchased_purges":4,"victory":false,"max_hp_per_floor":[63,68,68,68,68,68,68,68,68,68,68,68,68,68,68,68,68,68,68,68,68,68,68,68,68,68,68,68,68,68,68,68,68,68,68,68,68,68,68,68,75,75,75,75,75,75,75,75,75,75],"card_choices":[{"not_picked":["All Out Attack","Sucker Punch"],"picked":"Deadly Poison","floor":1},{"not_picked":["Prepared","Blade Dance"],"picked":"Deadly Poison","floor":5},{"not_picked":["Quick Slash","Sucker Punch","Dagger Spray"],"picked":"SKIP","floor":11},{"not_picked":["Blade Dance","Dagger Spray"],"picked":"Masterful Stab","floor":13},{"not_picked":["Dash","Flying Knee"],"picked":"Noxious Fumes","floor":14},{"not_picked":["Storm of Steel","Tools of the Trade"],"picked":"After Image","floor":16},{"not_picked":["Backflip","Reflex"],"picked":"Slice","floor":18},{"not_picked":["PiercingWail","Finisher","Choke+1"],"picked":"SKIP","floor":21},{"not_picked":["Backstab","Setup+1"],"picked":"Deadly Poison","floor":24},{"not_picked":["Deadly Poison","Prepared+1","Night Terror"],"picked":"SKIP","floor":28},{"not_picked":["Acrobatics","Terror"],"picked":"Slice","floor":31},{"not_picked":["Prepared","Deadly Poison","Deflect"],"picked":"SKIP","floor":35},{"not_picked":["Noxious Fumes","Infinite Blades"],"picked":"Escape Plan+1","floor":39},{"not_picked":["Flying Knee","Dodge and Roll+1","Cloak And Dagger+1"],"picked":"SKIP","floor":44},{"not_picked":["Flying Knee","Riddle With Holes","Quick Slash"],"picked":"SKIP","floor":45},{"not_picked":["Distraction","PiercingWail","Sucker Punch"],"picked":"SKIP","floor":47},{"not_picked":["Backstab+1","Slice"],"picked":"Acrobatics+1","floor":48}],"player_experience":164839,"relics_obtained":[{"floor":9,"key":"Happy Flower"},{"floor":14,"key":"Juzu Bracelet"},{"floor":22,"key":"Tiny Chest"},{"floor":26,"key":"Gremlin Horn"},{"floor":28,"key":"Orichalcum"},{"floor":29,"key":"Red Mask"},{"floor":31,"key":"Vajra"},{"floor":39,"key":"FossilizedHelix"},{"floor":43,"key":"Anchor"},{"floor":47,"key":"Paper Crane"}],"event_choices":[{"damage_healed":0,"gold_gain":0,"player_choice":"Donut","damage_taken":0,"max_hp_gain":5,"max_hp_loss":0,"event_name":"Big Fish","floor":2,"gold_loss":0},{"damage_healed":0,"gold_gain":75,"player_choice":"Gather Gold","damage_taken":11,"max_hp_gain":0,"max_hp_loss":0,"event_name":"World of Goop","floor":4,"gold_loss":0},{"damage_healed":0,"gold_gain":0,"player_choice":"Success","damage_taken":7,"relics_obtained":["Bag of Preparation"],"max_hp_gain":0,"max_hp_loss":0,"event_name":"Scrap Ooze","floor":7,"gold_loss":0},{"cards_removed":["Strike_G"],"damage_healed":0,"gold_gain":0,"player_choice":"Card Removal","damage_taken":0,"max_hp_gain":0,"max_hp_loss":0,"event_name":"The Cleric","floor":8,"gold_loss":50},{"damage_healed":0,"gold_gain":0,"player_choice":"Ignored","damage_taken":0,"max_hp_gain":0,"max_hp_loss":0,"event_name":"Cursed Tome","floor":20,"gold_loss":0},{"damage_healed":0,"gold_gain":0,"player_choice":"Fought Bandits","damage_taken":0,"max_hp_gain":0,"max_hp_loss":0,"event_name":"Masked Bandits","floor":29,"gold_loss":0},{"damage_healed":0,"gold_gain":0,"cards_transformed":["Strike_G"],"player_choice":"Transformed","damage_taken":0,"max_hp_gain":0,"max_hp_loss":0,"event_name":"Transmorgrifier","floor":30,"gold_loss":0,"cards_obtained":["All Out Attack"]},{"damage_healed":0,"gold_gain":0,"player_choice":"Ignored","damage_taken":0,"max_hp_gain":0,"max_hp_loss":0,"event_name":"Mysterious Sphere","floor":36,"gold_loss":0},{"cards_removed":["Secret Weapon"],"damage_healed":0,"gold_gain":0,"player_choice":"Removed Skill","damage_taken":0,"max_hp_gain":0,"max_hp_loss":0,"event_name":"Falling","floor":37,"gold_loss":0},{"damage_healed":0,"gold_gain":0,"player_choice":"Memory 1","damage_taken":0,"max_hp_gain":0,"max_hp_loss":0,"event_name":"SensoryStone","floor":38,"gold_loss":0},{"damage_healed":0,"gold_gain":0,"player_choice":"Fight","damage_taken":0,"max_hp_gain":0,"max_hp_loss":0,"event_name":"MindBloom","floor":39,"gold_loss":0}],"is_beta":false,"boss_relics":[{"not_picked":["Black Star","Pandora\u0027s Box"],"picked":"Coffee Dripper"},{"not_picked":["Lizard Tail","Snecko Eye"],"picked":"White Beast Statue"}],"items_purged_floors":[3,12,19,41],"is_endless":false,"potions_floor_spawned":[1,18,21,29,35,39,44,45,47,48],"killed_by":"Time Eater","ascension_level":6}