{"gold_per_floor":[119,130,146,158,140,140,167,167,167,183,242,242,242,269,269,368,368,378,364,137,147,165,165,191,208,208,208,208,222,241,90,90,188,188,205,205,155,155,174,174,185,185,209,209,57,69,69,85,85,85],"floor_reached":51,"playtime":2412,"items_purged":["Writhe"],"score":764,"play_id":"4d51bb1f-9f4e-4058-b0e9-fb9be10422db","local_time":"20181205211952","is_ascension_mode":true,"campfire_choices":[{"data":"Accuracy","floor":6,"key":"SMITH"},{"data":"Blade Dance","floor":8,"key":"SMITH"},{"floor":13,"key":"REST"},{"data":"Blade Dance","floor":15,"key":"SMITH"},{"floor":23,"key":"REST"},{"data":"Accuracy","floor":32,"key":"SMITH"},{"floor":40,"key":"REST"},{"data":"Burst","floor":42,"key":"SMITH"},{"data":"Adrenaline","floor":49,"key":"SMITH"}],"neow_cost":"NONE","seed_source_timestamp":971079643362483,"circlet_count":0,"master_deck":["Defend_G","Defend_G","Defend_G+1","Defend_G","Defend_G+1","Strike_G","Strike_G","Strike_G","Strike_G","Survivor","Neutralize","Dramatic Entrance","Blade Dance+1","Accuracy+1","Blur","Blade Dance+1","Caltrops","Calculated Gamble","Burst+1","Backflip","Infinite Blades","Cloak And Dagger+1","Backstab+1","Footwork","Cloak And Dagger+1","Accuracy+1","Backstab","Acrobatics","Master of Strategy","Infinite Blades+1","Blade Dance+1","Prepared+1","Writhe","Adrenaline+1"],"relics":["Ring of the Snake","Du-Vu Doll","Meat on the Bone","War Paint","Prayer Wheel","Orrery","Vajra","Nunchaku","Darkstone Periapt","Smiling Mask","Orichalcum","Blood Vial","Black Star","Bag of Preparation","FaceOfCleric","Juzu Bracelet"],"potions_floor_usage":[7,11,14,22,24,24,33,50],"damage_taken":[{"damage":0,"enemies":"Cultist","floor":1,"turns":3},{"damage":0,"enemies":"Jaw Worm","floor":2,"turns":3},{"damage":2,"enemies":"Small Slimes","floor":3,"turns":3},{"damage":3,"enemies":"Blue Slaver","floor":4,"turns":5},{"damage":2,"enemies":"Exordium Thugs","floor":5,"turns":4},{"damage":18,"enemies":"Gremlin Nob","floor":7,"turns":3},{"damage":0,"enemies":"Red Slaver","floor":10,"turns":5},{"damage":14,"enemies":"Lagavulin Event","floor":11,"turns":8},{"damage":8,"enemies":"Lagavulin","floor":14,"turns":6},{"damage":13,"enemies":"The Guardian","floor":16,"turns":14},{"damage":3,"enemies":"3 Byrds","floor":18,"turns":4},{"damage":20,"enemies":"2 Thieves","floor":19,"turns":4},{"damage":10,"enemies":"Centurion and Healer","floor":21,"turns":7},{"damage":15,"enemies":"Shelled Parasite and Fungi","floor":22,"turns":4},{"damage":8,"enemies":"Gremlin Leader","floor":24,"turns":7},{"damage":7,"enemies":"Snecko","floor":25,"turns":4},{"damage":8,"enemies":"Snake Plant","floor":29,"turns":5},{"damage":4,"enemies":"Centurion and Healer","floor":30,"turns":6},{"damage":45,"enemies":"Automaton","floor":33,"turns":7},{"damage":19,"enemies":"3 Darklings","floor":35,"turns":3},{"damage":10,"enemies":"Orb Walker","floor":39,"turns":3},{"damage":16,"enemies":"Spire Growth","floor":41,"turns":4},{"damage":9,"enemies":"3 Darklings","floor":46,"turns":7},{"damage":0,"enemies":"4 Shapes","floor":48,"turns":4},{"damage":59,"enemies":"Donu and Deca","floor":50,"turns":7}],"seed_played":"365301278851143827","potions_obtained":[{"floor":3,"key":"EssenceOfSteel"},{"floor":5,"key":"FearPotion"},{"floor":11,"key":"Ancient Potion"},{"floor":14,"key":"GhostInAJar"},{"floor":18,"key":"SteroidPotion"},{"floor":19,"key":"LiquidBronze"},{"floor":30,"key":"SpeedPotion"},{"floor":35,"key":"Poison Potion"},{"floor":46,"key":"Energy Potion"}],"is_trial":false,"path_per_floor":["M","M","M","M","M","R","E","R","T","M","?","$","R","E","R","B",null,"M","M","$","M","M","R","E","M","T","?","?","M","M","$","R","B",null,"M","?","$","?","M","R","M","R","T","?","$","M","?","M","R","B",null],"character_chosen":"THE_SILENT","items_purchased":["Infinite Blades","Vajra","Blood Vial","Juzu Bracelet"],"campfire_rested":3,"item_purchase_floors":[20,20,31,45],"current_hp_per_floor":[70,70,68,65,63,63,45,45,45,45,43,43,64,56,56,43,70,67,47,47,37,34,55,47,40,40,46,46,50,46,46,46,15,76,57,57,57,57,49,71,57,57,57,57,57,51,76,79,79,35],"gold":85,"neow_bonus":"RANDOM_COLORLESS","is_prod":false,"is_daily":false,"chose_seed":false,"campfire_upgraded":6,"win_rate":0,"timestamp":1544066392,"path_taken":["M","M","?","M","M","R","E","R","T","M","?","$","R","E","R","BOSS","M","M","$","M","M","R","E","M","T","?","?","?","M","?","R","BOSS","M","?","$","?","M","R","M","R","T","?","$","M","?","M","R","BOSS"],"build_version":"2018-12-05","purchased_purges":1,"victory":true,"max_hp_per_floor":[70,70,70,70,70,70,70,70,70,70,70,70,70,70,70,70,70,70,70,70,70,70,70,70,70,70,76,76,76,76,76,76,76,76,76,76,76,76,76,76,76,76,76,76,76,77,83,84,84,85],"card_choices":[{"not_picked":["Dagger Throw","Underhanded Strike"],"picked":"Blade Dance","floor":1},{"not_picked":["Distraction","Blade Dance"],"picked":"Accuracy","floor":2},{"not_picked":["Sucker Punch","Finisher"],"picked":"Blur","floor":3},{"not_picked":["Dodge and Roll","Dagger Throw","Underhanded Strike"],"picked":"SKIP","floor":4},{"not_picked":["Flying Knee","Deflect"],"picked":"Blade Dance","floor":5},{"not_picked":["Quick Slash","Reflex","Flying Knee"],"picked":"SKIP","floor":7},{"not_picked":["Poisoned Stab","Dodge and Roll"],"picked":"Caltrops","floor":10},{"not_picked":["Outmaneuver","Dodge and Roll"],"picked":"Calculated Gamble","floor":11},{"not_picked":["Corpse Explosion","Flechettes","A Thousand Cuts"],"picked":"SKIP","floor":14},{"not_picked":["Malaise","Grand Finale"],"picked":"Burst","floor":16},{"not_picked":["Backstab","Flying Knee"],"picked":"Backflip","floor":17},{"not_picked":["Dagger Throw","Slice"],"picked":"Prepared","floor":18},{"not_picked":["Corpse Explosion","Poisoned Stab","Distraction"],"picked":"SKIP","floor":18},{"not_picked":["Dagger Spray","Slice","Dodge and Roll"],"picked":"SKIP","floor":19},{"not_picked":["Underhanded Strike","Storm of Steel","Slice+1"],"picked":"SKIP","floor":19},{"not_picked":["Flying Knee","Deflect+1"],"picked":"Cloak And Dagger+1","floor":21},{"not_picked":["Flying Knee","Bouncing Flask","Predator+1"],"picked":"SKIP","floor":21},{"not_picked":["Unload","Flying Knee+1"],"picked":"Backstab+1","floor":22},{"not_picked":["Acrobatics","Masterful Stab","Bouncing Flask"],"picked":"SKIP","floor":22},{"not_picked":["Doppelganger","Deadly Poison+1","Noxious Fumes"],"picked":"SKIP","floor":24},{"not_picked":["Predator+1","Dagger Throw"],"picked":"Footwork","floor":25},{"not_picked":["Sucker Punch","Dodge and Roll","Prepared"],"picked":"SKIP","floor":25},{"not_picked":["Poisoned Stab","Catalyst+1"],"picked":"Cloak And Dagger+1","floor":29},{"not_picked":["Burst","Flechettes","Underhanded Strike"],"picked":"SKIP","floor":29},{"not_picked":["Deadly Poison","Quick Slash"],"picked":"Accuracy","floor":30},{"not_picked":["Deflect","Deadly Poison"],"picked":"Backstab","floor":30},{"not_picked":["Flying Knee+1","Infinite Blades"],"picked":"Acrobatics","floor":35},{"not_picked":["Flying Knee","Sucker Punch","Expertise+1"],"picked":"SKIP","floor":35},{"not_picked":["Enlightenment","Madness"],"picked":"Master of Strategy","floor":36},{"not_picked":["Backflip","Masterful Stab+1"],"picked":"Infinite Blades+1","floor":39},{"not_picked":["Expertise+1","Distraction"],"picked":"Blade Dance+1","floor":39},{"not_picked":["Flying Knee+1","Dodge and Roll+1"],"picked":"Prepared+1","floor":41},{"not_picked":["Skewer+1","Quick Slash","Infinite Blades"],"picked":"SKIP","floor":41},{"not_picked":["PiercingWail","Prepared","Reflex"],"picked":"SKIP","floor":46},{"not_picked":["Poisoned Stab","Dodge and Roll+1","Dash"],"picked":"SKIP","floor":46},{"not_picked":["Endless Agony","Footwork"],"picked":"Adrenaline","floor":48},{"not_picked":["Dodge and Roll+1","Dagger Spray","Acrobatics+1"],"picked":"SKIP","floor":48}],"player_experience":62662,"relics_obtained":[{"floor":7,"key":"Du-Vu Doll"},{"floor":9,"key":"Meat on the Bone"},{"floor":11,"key":"War Paint"},{"floor":14,"key":"Prayer Wheel"},{"floor":24,"key":"Nunchaku"},{"floor":26,"key":"Darkstone Periapt"},{"floor":43,"key":"Bag of Preparation"}],"event_choices":[{"damage_healed":0,"gold_gain":30,"player_choice":"Searched \u00272\u0027 times","damage_taken":0,"max_hp_gain":0,"max_hp_loss":0,"event_name":"Dead Adventurer","floor":11,"gold_loss":0},{"damage_healed":0,"gold_gain":0,"player_choice":"Opened","damage_taken":0,"relics_obtained":["Smiling Mask"],"max_hp_gain":0,"max_hp_loss":0,"event_name":"The Mausoleum","floor":27,"gold_loss":0,"cards_obtained":["Writhe"]},{"cards_removed":["Prepared"],"damage_healed":0,"gold_gain":0,"player_choice":"Gave Card","damage_taken":0,"relics_obtained":["Orichalcum"],"max_hp_gain":0,"max_hp_loss":0,"event_name":"WeMeetAgain","floor":28,"gold_loss":0},{"damage_healed":0,"gold_gain":0,"player_choice":"Memory 1","damage_taken":0,"max_hp_gain":0,"max_hp_loss":0,"event_name":"SensoryStone","floor":36,"gold_loss":0},{"cards_removed":["Strike_G"],"damage_healed":0,"gold_gain":0,"player_choice":"Removed Attack","damage_taken":0,"max_hp_gain":0,"max_hp_loss":0,"event_name":"Falling","floor":38,"gold_loss":0},{"damage_healed":0,"gold_gain":0,"player_choice":"Trade","damage_taken":0,"relics_obtained":["FaceOfCleric"],"max_hp_gain":0,"max_hp_loss":0,"event_name":"FaceTrader","floor":44,"gold_loss":0},{"damage_healed":19,"gold_gain":0,"player_choice":"Writhe","damage_taken":0,"max_hp_gain":0,"max_hp_loss":0,"event_name":"Winding Halls","floor":47,"gold_loss":0,"cards_obtained":["Writhe"]}],"is_beta":true,"boss_relics":[{"not_picked":["Ring of the Serpent","Calling Bell"],"picked":"Orrery"},{"not_picked":["Pandora\u0027s Box","HoveringKite"],"picked":"Black Star"}],"items_purged_floors":[37],"is_endless":false,"potions_floor_spawned":[3,5,11,14,18,19,30,35,46],"ascension_level":1}