{"gold_per_floor":[113,113,129,146,51,78,90,134,169,199,60,60,85,102,102,206,206,221,221,237,162,187,187,204,220,292,192,107,61,86,100,100,196,196,214,261,483,318,335,335,353,353,401,412,437,123,158,178,178,178],"floor_reached":51,"playtime":1693,"items_purged":["Strike_R","Strike_R+1","Strike_R+1","Strike_R+1"],"score":1098,"play_id":"9d63a07b-269c-41e1-8d94-874022725018","local_time":"20181124162440","is_ascension_mode":true,"campfire_choices":[{"data":"Good Instincts","floor":7,"key":"SMITH"},{"floor":12,"key":"REST"},{"data":"Demon Form","floor":15,"key":"SMITH"},{"data":"Seeing Red","floor":23,"key":"SMITH"},{"data":"Disarm","floor":32,"key":"SMITH"},{"data":"Whirlwind","floor":40,"key":"SMITH"},{"data":"Exhume","floor":42,"key":"SMITH"},{"floor":49,"key":"REST"}],"neow_cost":"NONE","seed_source_timestamp":79764126306060,"circlet_count":0,"master_deck":["AscendersBane","Defend_R+1","Defend_R+1","Defend_R+1","Defend_R+1","Bash","Demon Form+1","Warcry","Flame Barrier","Cleave","Good Instincts+1","Offering","Disarm+1","Whirlwind+1","Seeing Red+1","Reaper","Feel No Pain+1","Exhume+1","Intimidate","Warcry+1","True Grit+1","Offering+1","Warcry+1","Disarm+1","True Grit+1","Sword Boomerang+1","Intimidate+1"],"relics":["Burning Blood","MawBank","Centennial Puzzle","Red Skull","Dream Catcher","Runic Dome","PreservedInsect","Toxic Egg 2","Strawberry","Red Mask","Black Star","Turnip","Bag of Marbles","Sundial","The Courier","Bottled Flame","Orichalcum","Happy Flower"],"potions_floor_usage":[6,6,8,14,35,36,41,41,50],"damage_taken":[{"damage":14,"enemies":"Small Slimes","floor":1,"turns":4},{"damage":6,"enemies":"Cultist","floor":3,"turns":3},{"damage":1,"enemies":"2 Louse","floor":4,"turns":3},{"damage":33,"enemies":"Gremlin Nob","floor":6,"turns":5},{"damage":15,"enemies":"3 Sentries","floor":8,"turns":6},{"damage":6,"enemies":"Blue Slaver","floor":10,"turns":4},{"damage":12,"enemies":"Gremlin Gang","floor":14,"turns":3},{"damage":30,"enemies":"Slime Boss","floor":16,"turns":7},{"damage":9,"enemies":"Chosen","floor":18,"turns":6},{"damage":6,"enemies":"3 Byrds","floor":20,"turns":5},{"damage":14,"enemies":"Cultist and Chosen","floor":24,"turns":6},{"damage":20,"enemies":"Snake Plant","floor":25,"turns":5},{"damage":24,"enemies":"Masked Bandits","floor":30,"turns":4},{"damage":12,"enemies":"Centurion and Healer","floor":31,"turns":7},{"damage":39,"enemies":"Champ","floor":33,"turns":16},{"damage":6,"enemies":"3 Darklings","floor":35,"turns":3},{"damage":74,"enemies":"2 Orb Walkers","floor":36,"turns":6},{"damage":6,"enemies":"3 Shapes","floor":39,"turns":2},{"damage":64,"enemies":"Transient","floor":41,"turns":5},{"damage":13,"enemies":"3 Darklings","floor":44,"turns":3},{"damage":76,"enemies":"Nemesis","floor":45,"turns":11},{"damage":40,"enemies":"Reptomancer","floor":47,"turns":6},{"damage":0,"enemies":"Sphere and 2 Shapes","floor":48,"turns":3},{"damage":33,"enemies":"Time Eater","floor":50,"turns":9}],"seed_played":"-8311118349114998142","potions_obtained":[{"floor":2,"key":"Swift Potion"},{"floor":2,"key":"PowerPotion"},{"floor":2,"key":"Ancient Potion"},{"floor":6,"key":"Swift Potion"},{"floor":8,"key":"Poison Potion"},{"floor":10,"key":"Strength Potion"},{"floor":14,"key":"PowerPotion"},{"floor":18,"key":"Regen Potion"},{"floor":39,"key":"Regen Potion"},{"floor":44,"key":"Ancient Potion"},{"floor":45,"key":"EssenceOfSteel"},{"floor":48,"key":"BloodPotion"}],"is_trial":false,"path_per_floor":["M","?","M","M","$","E","R","E","T","M","$","R","T","M","R","B",null,"M","?","M","?","T","R","M","M","T","$","?","$","?","M","R","B",null,"M","?","?","$","M","R","M","R","T","M","E","$","E","M","R","B",null],"character_chosen":"IRONCLAD","items_purchased":["Good Instincts","Seeing Red","Warcry+1","Disarm+1","Bottled Flame"],"campfire_rested":2,"item_purchase_floors":[5,11,29,38,46],"current_hp_per_floor":[64,64,64,69,69,42,42,33,33,33,33,57,57,51,51,27,67,64,64,70,70,70,70,70,60,60,60,67,67,75,76,76,83,86,86,50,50,50,50,50,53,53,53,82,46,46,26,32,58,72],"gold":178,"neow_bonus":"ONE_RANDOM_RARE_CARD","is_prod":false,"is_daily":false,"chose_seed":false,"campfire_upgraded":6,"win_rate":0,"timestamp":1543076680,"path_taken":["M","?","M","M","$","E","R","E","T","?","$","R","?","?","R","BOSS","M","?","M","?","?","R","M","?","T","$","?","$","?","?","R","BOSS","M","?","?","?","M","R","M","R","T","?","E","$","E","M","R","BOSS"],"build_version":"2018-11-15","purchased_purges":4,"victory":true,"max_hp_per_floor":[80,80,80,80,80,80,80,80,80,80,80,80,80,80,80,80,80,80,80,80,80,80,80,80,80,80,80,87,87,87,87,87,87,87,87,87,87,87,87,87,87,87,87,87,87,87,87,87,87,87],"card_choices":[{"not_picked":["Headbutt","Armaments"],"picked":"Warcry","floor":1},{"not_picked":["Intimidate","Bloodletting"],"picked":"Flame Barrier","floor":3},{"not_picked":["Clothesline","Body Slam"],"picked":"Cleave","floor":4},{"not_picked":["Corruption","Havoc"],"picked":"Offering","floor":6},{"not_picked":["Anger","Bludgeon"],"picked":"Disarm","floor":8},{"not_picked":["Heavy Blade","Intimidate"],"picked":"Whirlwind","floor":10},{"not_picked":["Thunderclap","Searing Blow","Clash"],"picked":"SKIP","floor":14},{"not_picked":["Limit Break","Immolate"],"picked":"Reaper","floor":16},{"not_picked":["Headbutt","Heavy Blade"],"picked":"Feel No Pain+1","floor":18},{"not_picked":["Heavy Blade+1","Anger"],"picked":"Exhume","floor":20},{"not_picked":["Whirlwind+1","Iron Wave+1","Searing Blow"],"picked":"SKIP","floor":24},{"not_picked":["Cleave","Combust"],"picked":"Intimidate","floor":25},{"not_picked":["Heavy Blade","Anger"],"picked":"True Grit+1","floor":30},{"not_picked":["Pommel Strike","Iron Wave","Searing Blow"],"picked":"SKIP","floor":31},{"not_picked":["Reaper","Berserk"],"picked":"Offering+1","floor":33},{"not_picked":["Shrug It Off+1","Flame Barrier+1"],"picked":"Warcry+1","floor":35},{"not_picked":["Havoc+1","Rage+1"],"picked":"True Grit+1","floor":39},{"not_picked":["Armaments+1","Reckless Charge","Evolve+1"],"picked":"SKIP","floor":41},{"not_picked":["Perfected Strike+1","Armaments+1","Havoc+1"],"picked":"SKIP","floor":44},{"not_picked":["Clash+1","Infernal Blade+1"],"picked":"Sword Boomerang+1","floor":45},{"not_picked":["Iron Wave+1","Body Slam+1","Headbutt+1"],"picked":"SKIP","floor":47},{"not_picked":["Juggernaut","Shockwave+1"],"picked":"Intimidate+1","floor":48}],"player_experience":203978,"relics_obtained":[{"floor":6,"key":"MawBank"},{"floor":8,"key":"Centennial Puzzle"},{"floor":9,"key":"Red Skull"},{"floor":13,"key":"Dream Catcher"},{"floor":22,"key":"PreservedInsect"},{"floor":26,"key":"Toxic Egg 2"},{"floor":30,"key":"Red Mask"},{"floor":36,"key":"Turnip"},{"floor":43,"key":"Bag of Marbles"},{"floor":45,"key":"Sundial"},{"floor":45,"key":"The Courier"},{"floor":47,"key":"Orichalcum"},{"floor":47,"key":"Happy Flower"}],"event_choices":[{"damage_healed":0,"gold_gain":0,"player_choice":"Got Potions","damage_taken":0,"max_hp_gain":0,"max_hp_loss":0,"event_name":"Lab","floor":2,"gold_loss":0},{"damage_healed":0,"gold_gain":0,"player_choice":"Simplicity","damage_taken":0,"max_hp_gain":0,"max_hp_loss":0,"event_name":"Back to Basics","floor":19,"gold_loss":0,"cards_upgraded":["Strike_R","Strike_R","Strike_R","Strike_R","Defend_R","Defend_R","Defend_R","Defend_R"]},{"cards_removed":["Strike_R"],"damage_healed":0,"gold_gain":0,"player_choice":"Gave Gold","damage_taken":0,"max_hp_gain":0,"max_hp_loss":0,"event_name":"Beggar","floor":21,"gold_loss":75},{"damage_healed":0,"gold_gain":0,"player_choice":"Obtained Relic","damage_taken":0,"relics_obtained":["Strawberry"],"max_hp_gain":0,"max_hp_loss":0,"event_name":"Addict","floor":28,"gold_loss":85},{"damage_healed":0,"gold_gain":0,"player_choice":"Fought Bandits","damage_taken":0,"max_hp_gain":0,"max_hp_loss":0,"event_name":"Masked Bandits","floor":30,"gold_loss":0},{"damage_healed":0,"gold_gain":0,"player_choice":"Fight","damage_taken":0,"max_hp_gain":0,"max_hp_loss":0,"event_name":"Mysterious Sphere","floor":36,"gold_loss":0},{"damage_healed":0,"gold_gain":222,"player_choice":"Wore Mask","damage_taken":0,"max_hp_gain":0,"max_hp_loss":0,"event_name":"Tomb of Lord Red Mask","floor":37,"gold_loss":0}],"is_beta":false,"boss_relics":[{"not_picked":["Coffee Dripper","Pandora\u0027s Box"],"picked":"Runic Dome"},{"not_picked":["Snecko Eye","Calling Bell"],"picked":"Black Star"}],"items_purged_floors":[11,27,38,46],"is_endless":false,"potions_floor_spawned":[4,6,8,10,14,18,20,30,39,44,45,48],"ascension_level":10}