{"gold_per_floor":[118,118,137,154,6,31,43,8,8,8,8,19,19,43,43,164,164,180,203,1,17,40,40,2,2,73,73,106,106,106,124,124,124],"floor_reached":33,"playtime":1361,"items_purged":["Strike_G"],"score":438,"play_id":"5df23b5b-52cf-454f-97b2-d382a8fcadf8","local_time":"20181202231623","is_ascension_mode":true,"campfire_choices":[{"data":"Neutralize","floor":11,"key":"SMITH"},{"data":"Blade Dance","floor":15,"key":"SMITH"},{"data":"A Thousand Cuts","floor":23,"key":"SMITH"},{"data":"Malaise","floor":25,"key":"SMITH"},{"data":"Well Laid Plans","floor":32,"key":"SMITH"}],"neow_cost":"TEN_PERCENT_HP_LOSS","seed_source_timestamp":30057175218920,"circlet_count":0,"master_deck":["AscendersBane","Defend_G","Defend_G","Defend_G","Defend_G","Defend_G","Strike_G","Strike_G","Survivor","Neutralize+1","Expertise","Flying Knee","Cloak And Dagger+1","Infinite Blades","Blade Dance+1","Well Laid Plans+1","Escape Plan","Malaise+1","Burst","Terror","A Thousand Cuts+1","Leg Sweep","Backflip","PiercingWail"],"relics":["Ring of the Snake","Thread and Needle","Pantograph","Dodecahedron","Golden Idol","Sozu","Lee\u0027s Waffle","Bottled Tornado","MutagenicStrength","Sundial"],"potions_floor_usage":[6,18],"damage_taken":[{"damage":0,"enemies":"Small Slimes","floor":1,"turns":4},{"damage":0,"enemies":"Cultist","floor":3,"turns":3},{"damage":0,"enemies":"2 Louse","floor":4,"turns":2},{"damage":26,"enemies":"3 Sentries","floor":6,"turns":8},{"damage":0,"enemies":"Blue Slaver","floor":7,"turns":4},{"damage":0,"enemies":"Red Slaver","floor":12,"turns":4},{"damage":4,"enemies":"3 Louse","floor":14,"turns":4},{"damage":41,"enemies":"Slime Boss","floor":16,"turns":15},{"damage":16,"enemies":"Spheric Guardian","floor":18,"turns":6},{"damage":0,"enemies":"Shell Parasite","floor":19,"turns":4},{"damage":0,"enemies":"Chosen and Byrds","floor":21,"turns":7},{"damage":8,"enemies":"Cultist and Chosen","floor":22,"turns":7},{"damage":0,"enemies":"Gremlin Leader","floor":28,"turns":7},{"damage":0,"enemies":"Colosseum Slavers","floor":30,"turns":3},{"damage":0,"enemies":"Snecko","floor":31,"turns":5},{"damage":84,"enemies":"Champ","floor":33,"turns":13}],"seed_played":"5518028928029029183","potions_obtained":[{"floor":1,"key":"Poison Potion"},{"floor":16,"key":"GhostInAJar"}],"is_trial":false,"path_per_floor":["M","?","M","M","$","E","M","?","T","T","R","M","?","M","R","B",null,"M","M","$","M","M","R","$","R","T","?","E","?","?","M","R","B"],"character_chosen":"THE_SILENT","items_purchased":["Well Laid Plans","Lee\u0027s Waffle","Leg Sweep"],"campfire_rested":0,"item_purchase_floors":[5,20,24],"current_hp_per_floor":[63,63,63,63,63,37,37,52,52,52,52,52,52,48,48,17,48,32,32,65,65,57,57,57,57,57,57,57,57,57,57,57,0],"gold":124,"neow_bonus":"TRANSFORM_TWO_CARDS","is_prod":false,"is_daily":false,"chose_seed":false,"campfire_upgraded":5,"win_rate":0,"timestamp":1543792583,"path_taken":["M","?","M","?","$","E","?","?","T","?","R","?","?","M","R","BOSS","M","M","$","M","M","R","$","R","T","?","E","?","?","M","R","BOSS"],"build_version":"2018-11-15","purchased_purges":1,"victory":false,"max_hp_per_floor":[63,63,63,63,63,63,63,63,63,63,63,63,58,58,58,58,58,58,58,65,65,65,65,65,65,65,65,65,65,65,65,65,65],"card_choices":[{"not_picked":["Reflex","Backflip"],"picked":"Cloak And Dagger","floor":1},{"not_picked":["Bane","Dagger Throw"],"picked":"Infinite Blades","floor":3},{"not_picked":["Bane","Poisoned Stab"],"picked":"Blade Dance","floor":4},{"not_picked":["Poisoned Stab","Heel Hook"],"picked":"Escape Plan","floor":6},{"not_picked":["Expertise","Outmaneuver","Acrobatics"],"picked":"SKIP","floor":7},{"not_picked":["Dagger Spray","Eviscerate"],"picked":"Malaise","floor":12},{"not_picked":["Dagger Spray","Reflex","Backflip"],"picked":"SKIP","floor":14},{"not_picked":["Malaise","Envenom"],"picked":"Burst","floor":16},{"not_picked":["Bouncing Flask+1","Tactician"],"picked":"Terror","floor":18},{"not_picked":["Outmaneuver","Underhanded Strike+1","Dagger Throw"],"picked":"SKIP","floor":19},{"not_picked":["Dagger Spray","Masterful Stab+1"],"picked":"A Thousand Cuts","floor":21},{"not_picked":["Outmaneuver","Crippling Poison","Bouncing Flask"],"picked":"SKIP","floor":22},{"not_picked":["Prepared","Envenom"],"picked":"Backflip","floor":28},{"not_picked":["Outmaneuver","Dagger Spray"],"picked":"PiercingWail","floor":31}],"player_experience":241629,"relics_obtained":[{"floor":6,"key":"Thread and Needle"},{"floor":9,"key":"Pantograph"},{"floor":10,"key":"Dodecahedron"},{"floor":26,"key":"Bottled Tornado"},{"floor":28,"key":"Sundial"}],"event_choices":[{"damage_healed":0,"gold_gain":0,"player_choice":"Upgraded","damage_taken":0,"max_hp_gain":0,"max_hp_loss":0,"event_name":"Upgrade Shrine","floor":2,"gold_loss":0,"cards_upgraded":["Cloak And Dagger"]},{"damage_healed":15,"gold_gain":0,"player_choice":"Healed","damage_taken":0,"max_hp_gain":0,"max_hp_loss":0,"event_name":"The Cleric","floor":8,"gold_loss":35},{"damage_healed":0,"gold_gain":0,"player_choice":"Lose Max HP","damage_taken":0,"relics_obtained":["Golden Idol"],"max_hp_gain":0,"max_hp_loss":5,"event_name":"Golden Idol","floor":13,"gold_loss":0},{"damage_healed":0,"gold_gain":0,"player_choice":"Inject Mutagens","damage_taken":0,"relics_obtained":["MutagenicStrength"],"max_hp_gain":0,"max_hp_loss":0,"event_name":"Drug Dealer","floor":27,"gold_loss":0},{"damage_healed":0,"gold_gain":0,"player_choice":"Ignored","damage_taken":0,"max_hp_gain":0,"max_hp_loss":0,"event_name":"Vampires","floor":29,"gold_loss":0},{"damage_healed":0,"gold_gain":0,"player_choice":"Fight","damage_taken":0,"max_hp_gain":0,"max_hp_loss":0,"event_name":"Colosseum","floor":30,"gold_loss":0},{"damage_healed":0,"gold_gain":0,"player_choice":"Fled From Nobs","damage_taken":0,"max_hp_gain":0,"max_hp_loss":0,"event_name":"Colosseum","floor":30,"gold_loss":0}],"is_beta":false,"boss_relics":[{"not_picked":["Busted Crown","Black Star"],"picked":"Sozu"}],"items_purged_floors":[5],"is_endless":false,"potions_floor_spawned":[1,16,18,19,31],"killed_by":"Champ","ascension_level":10}