{"gold_per_floor":[119,119,31,47,12,12,37,55,55,71,71,71,85,110,110,183,183,198,218,218,218,59,59],"floor_reached":23,"playtime":448,"items_purged":["Strike_R"],"score":378,"play_id":"e94089c2-bf59-44f8-9ba7-81a3dd910890","local_time":"20190119003301","is_ascension_mode":true,"campfire_choices":[{"data":"Carnage","floor":6,"key":"SMITH"},{"data":"Armaments","floor":11,"key":"SMITH"},{"data":"Demon Form","floor":15,"key":"SMITH"}],"neow_cost":"NONE","seed_source_timestamp":18034867012113,"circlet_count":0,"master_deck":["AscendersBane","Strike_R","Strike_R","Strike_R","Defend_R","Defend_R","Defend_R","Defend_R","Bash+1","Reckless Charge","Carnage+1","Whirlwind+1","Armaments+1","Demon Form+1","Impervious","Shrug It Off","Metallicize"],"relics":["Burning Blood","Mercury Hourglass","Pantograph","Ancient Tea Set","Velvet Choker","MutagenicStrength"],"potions_floor_usage":[7,23,23],"damage_taken":[{"damage":11,"enemies":"Small Slimes","floor":1,"turns":4},{"damage":1,"enemies":"Cultist","floor":4,"turns":3},{"damage":20,"enemies":"Lagavulin","floor":7,"turns":5},{"damage":7,"enemies":"Jaw Worm","floor":8,"turns":2},{"damage":11,"enemies":"Exordium Thugs","floor":10,"turns":2},{"damage":0,"enemies":"Large Slime","floor":13,"turns":3},{"damage":10,"enemies":"3 Sentries","floor":14,"turns":3},{"damage":19,"enemies":"The Guardian","floor":16,"turns":8},{"damage":17,"enemies":"2 Thieves","floor":18,"turns":3},{"damage":23,"enemies":"Spheric Guardian","floor":19,"turns":5},{"damage":8,"enemies":"Colosseum Slavers","floor":21,"turns":5},{"damage":43,"enemies":"Book of Stabbing","floor":23,"turns":5}],"seed_played":"-8669499845712596745","potions_obtained":[{"floor":1,"key":"AttackPotion"},{"floor":7,"key":"SpeedPotion"},{"floor":16,"key":"LiquidBronze"}],"is_trial":false,"path_per_floor":["M","?","$","M","?","R","E","M","T","M","R","?","M","E","R","B",null,"M","M","?","?","$","E"],"character_chosen":"IRONCLAD","items_purchased":["Carnage","Metallicize"],"campfire_rested":0,"item_purchase_floors":[3,22],"current_hp_per_floor":[63,56,56,61,75,75,61,60,60,55,55,55,61,57,57,62,72,61,44,44,42,42,0],"gold":59,"neow_bonus":"UPGRADE_CARD","is_prod":false,"is_daily":false,"chose_seed":false,"campfire_upgraded":3,"win_rate":0,"timestamp":1547857981,"path_taken":["M","?","$","M","?","R","E","M","T","M","R","?","?","E","R","BOSS","M","M","?","?","$","E"],"build_version":"2019-01-17v2","purchased_purges":1,"victory":false,"max_hp_per_floor":[75,75,75,75,75,75,75,75,75,75,75,75,75,75,75,75,75,75,75,75,75,75,75],"card_choices":[{"not_picked":["Heavy Blade","Warcry"],"picked":"Reckless Charge","floor":1},{"not_picked":["Perfected Strike","Clothesline","Flex"],"picked":"SKIP","floor":4},{"not_picked":["Cleave","Headbutt"],"picked":"Whirlwind","floor":7},{"not_picked":["Pommel Strike","Cleave","Sword Boomerang"],"picked":"SKIP","floor":8},{"not_picked":["Barricade","Clothesline"],"picked":"Armaments","floor":10},{"not_picked":["Perfected Strike","Headbutt","Clothesline"],"picked":"SKIP","floor":13},{"not_picked":["Iron Wave","Warcry"],"picked":"Demon Form","floor":14},{"not_picked":["Bludgeon","Berserk"],"picked":"Impervious","floor":16},{"not_picked":["Pommel Strike+1","Flex"],"picked":"Shrug It Off","floor":18},{"not_picked":["Cleave","Havoc","Iron Wave"],"picked":"SKIP","floor":19}],"player_experience":402266,"relics_obtained":[{"floor":7,"key":"Mercury Hourglass"},{"floor":9,"key":"Pantograph"},{"floor":14,"key":"Ancient Tea Set"}],"event_choices":[{"cards_removed":["Strike_R"],"damage_healed":0,"gold_gain":0,"player_choice":"Card Removal","damage_taken":7,"max_hp_gain":0,"max_hp_loss":0,"event_name":"Golden Wing","floor":2,"gold_loss":0},{"damage_healed":18,"gold_gain":0,"player_choice":"Healed","damage_taken":0,"max_hp_gain":0,"max_hp_loss":0,"event_name":"The Cleric","floor":5,"gold_loss":35},{"damage_healed":0,"gold_gain":0,"player_choice":"Upgraded","damage_taken":0,"max_hp_gain":0,"max_hp_loss":0,"event_name":"Upgrade Shrine","floor":12,"gold_loss":0,"cards_upgraded":["Whirlwind"]},{"damage_healed":0,"gold_gain":0,"player_choice":"Inject Mutagens","damage_taken":0,"relics_obtained":["MutagenicStrength"],"max_hp_gain":0,"max_hp_loss":0,"event_name":"Drug Dealer","floor":20,"gold_loss":0},{"damage_healed":0,"gold_gain":0,"player_choice":"Fight","damage_taken":0,"max_hp_gain":0,"max_hp_loss":0,"event_name":"Colosseum","floor":21,"gold_loss":0},{"damage_healed":0,"gold_gain":0,"player_choice":"Fled From Nobs","damage_taken":0,"max_hp_gain":0,"max_hp_loss":0,"event_name":"Colosseum","floor":21,"gold_loss":0}],"is_beta":false,"boss_relics":[{"not_picked":["Fusion Hammer","Philosopher\u0027s Stone"],"picked":"Velvet Choker"}],"items_purged_floors":[22],"is_endless":false,"potions_floor_spawned":[1,7,16],"killed_by":"Book of Stabbing","ascension_level":18}