{"gold_per_floor":[117,132,132,8,28,28,43,43,43,43,43,61,61,77,77,179,179,198,198,123,33,9,9,39,39,39,57,57,57,57,57,57,158,158,174,174,224,237,257,288,288,318,343,360,35,35,52,98,98,98],"floor_reached":51,"playtime":2286,"items_purged":["Defend_G","Defend_G+1"],"score":1089,"play_id":"54a08d7b-f213-41f7-9bfa-b58de36bbb3b","local_time":"20181109020032","is_ascension_mode":true,"campfire_choices":[{"data":"Neutralize","floor":6,"key":"SMITH"},{"data":"Noxious Fumes","floor":8,"key":"SMITH"},{"data":"Finesse","floor":10,"key":"SMITH"},{"data":"Backstab","floor":15,"key":"SMITH"},{"data":"Dodge and Roll","floor":23,"key":"SMITH"},{"data":"Quick Slash","floor":25,"key":"SMITH"},{"floor":30,"key":"REST"},{"data":"Adrenaline","floor":32,"key":"SMITH"},{"data":"Strike_G","floor":41,"key":"PURGE"},{"data":"Strike_G","floor":46,"key":"PURGE"},{"floor":49,"key":"REST"}],"neow_cost":"NONE","seed_source_timestamp":9624232631770,"circlet_count":0,"master_deck":["Defend_G+1","Strike_G","Survivor","Neutralize+1","Escape Plan","Finesse+1","Noxious Fumes+1","Bullet Time+1","Blade Dance+1","Backstab+1","Adrenaline+1","Acrobatics+1","Dodge and Roll+1","Backflip","After Image","Escape Plan","Panache","Infinite Blades","Caltrops"],"relics":["Ring of the Snake","Kunai","War Paint","Lizard Tail","Omamori","Ancient Tea Set","Nilry\u0027s Codex","Busted Crown","Calipers","Peace Pipe","Bottled Lightning","Orichalcum","Oddly Smooth Stone"],"potions_floor_usage":[33,37,37],"damage_taken":[{"damage":0,"enemies":"Jaw Worm","floor":1,"turns":6},{"damage":0,"enemies":"Cultist","floor":2,"turns":4},{"damage":0,"enemies":"Small Slimes","floor":5,"turns":3},{"damage":1,"enemies":"Looter","floor":7,"turns":3},{"damage":4,"enemies":"Blue Slaver","floor":12,"turns":3},{"damage":1,"enemies":"Exordium Thugs","floor":14,"turns":4},{"damage":14,"enemies":"The Guardian","floor":16,"turns":10},{"damage":7,"enemies":"Spheric Guardian","floor":18,"turns":5},{"damage":0,"enemies":"Gremlin Leader","floor":24,"turns":10},{"damage":0,"enemies":"Shell Parasite","floor":27,"turns":4},{"damage":46,"enemies":"Champ","floor":33,"turns":14},{"damage":0,"enemies":"3 Darklings","floor":35,"turns":5},{"damage":16,"enemies":"2 Orb Walkers","floor":37,"turns":5},{"damage":0,"enemies":"3 Shapes","floor":38,"turns":5},{"damage":0,"enemies":"Transient","floor":39,"turns":5},{"damage":0,"enemies":"Giant Head","floor":40,"turns":12},{"damage":0,"enemies":"Nemesis","floor":42,"turns":10},{"damage":6,"enemies":"Writhing Mass","floor":44,"turns":7},{"damage":0,"enemies":"Sphere and 2 Shapes","floor":47,"turns":3},{"damage":0,"enemies":"Awakened One","floor":50,"turns":11}],"seed_played":"-6852256749004828579","potions_obtained":[{"floor":2,"key":"Strength Potion"},{"floor":5,"key":"SkillPotion"},{"floor":12,"key":"Explosive Potion"},{"floor":18,"key":"Fire Potion"},{"floor":33,"key":"Ancient Potion"},{"floor":35,"key":"Weak Potion"},{"floor":38,"key":"GhostInAJar"},{"floor":40,"key":"EntropicBrew"},{"floor":44,"key":"EssenceOfSteel"}],"is_trial":false,"path_per_floor":["M","M","?","$","M","R","M","R","T","R","?","M","?","M","R","B",null,"M","?","$","?","$","R","E","R","T","M","?","?","R","?","R","B",null,"M","?","?","M","M","E","R","E","T","M","$","R","M","T","R","B",null],"character_chosen":"THE_SILENT","items_purchased":["Finesse","Noxious Fumes","Dodge and Roll","Panache","Infinite Blades"],"campfire_rested":2,"item_purchase_floors":[4,4,22,45,45],"current_hp_per_floor":[70,70,70,70,70,70,69,69,69,69,62,58,44,43,43,29,60,53,40,40,40,40,40,40,40,40,40,24,24,46,46,46,37,66,66,66,50,50,50,50,50,50,50,44,44,44,44,44,66,66],"gold":98,"neow_bonus":"REMOVE_CARD","is_prod":false,"is_daily":false,"chose_seed":false,"campfire_upgraded":7,"win_rate":0,"timestamp":1541728832,"path_taken":["M","M","?","$","M","R","?","R","T","R","?","M","?","M","R","BOSS","M","?","$","?","$","R","E","R","T","?","?","?","R","?","R","BOSS","M","?","?","M","M","E","R","E","T","M","?","R","?","?","R","BOSS"],"build_version":"2018-11-01","purchased_purges":2,"victory":true,"max_hp_per_floor":[70,70,70,70,70,70,70,70,70,70,70,70,70,70,70,70,70,70,75,75,75,75,75,75,75,75,75,75,75,75,75,75,75,75,75,75,75,75,75,75,75,75,75,75,75,75,75,75,75,75],"card_choices":[{"not_picked":["Acrobatics","Deflect"],"picked":"Escape Plan","floor":1},{"not_picked":["Bouncing Flask","Prepared"],"picked":"Quick Slash","floor":2},{"not_picked":["Prepared","Endless Agony"],"picked":"Bullet Time","floor":5},{"not_picked":["Eviscerate","Prepared"],"picked":"Blade Dance","floor":7},{"not_picked":["Outmaneuver","Quick Slash","Flying Knee"],"picked":"SKIP","floor":12},{"not_picked":["Catalyst","Acrobatics"],"picked":"Backstab","floor":14},{"not_picked":["After Image","Storm of Steel"],"picked":"Adrenaline","floor":16},{"not_picked":["Infinite Blades","Quick Slash"],"picked":"Acrobatics+1","floor":18},{"not_picked":["Quick Slash","Poisoned Stab","Slice"],"picked":"SKIP","floor":24},{"not_picked":["PiercingWail","Slice+1"],"picked":"Backflip","floor":27},{"not_picked":["Wraith Form v2","Bullet Time"],"picked":"After Image","floor":33},{"not_picked":["Flechettes"],"picked":"SKIP","floor":35},{"not_picked":["Quick Slash"],"picked":"SKIP","floor":38},{"not_picked":["Dagger Spray"],"picked":"SKIP","floor":39},{"not_picked":[],"picked":"Escape Plan","floor":40},{"not_picked":["Bane+1"],"picked":"SKIP","floor":42},{"not_picked":["Blade Dance"],"picked":"SKIP","floor":44},{"not_picked":[],"picked":"Caltrops","floor":47}],"player_experience":123680,"relics_obtained":[{"floor":9,"key":"War Paint"},{"floor":24,"key":"Omamori"},{"floor":26,"key":"Ancient Tea Set"},{"floor":28,"key":"Nilry\u0027s Codex"},{"floor":37,"key":"Calipers"},{"floor":40,"key":"Peace Pipe"},{"floor":42,"key":"Bottled Lightning"},{"floor":43,"key":"Orichalcum"},{"floor":48,"key":"Oddly Smooth Stone"}],"event_choices":[{"damage_healed":0,"gold_gain":0,"player_choice":"Gave Potion","damage_taken":0,"relics_obtained":["Kunai"],"max_hp_gain":0,"max_hp_loss":0,"event_name":"WeMeetAgain","floor":3,"gold_loss":0},{"cards_removed":["Defend_G"],"damage_healed":0,"gold_gain":0,"player_choice":"Card Removal","damage_taken":7,"max_hp_gain":0,"max_hp_loss":0,"event_name":"Golden Wing","floor":11,"gold_loss":0},{"damage_healed":0,"gold_gain":0,"player_choice":"Entered Light","damage_taken":14,"max_hp_gain":0,"max_hp_loss":0,"event_name":"Shining Light","floor":13,"gold_loss":0,"cards_upgraded":["Defend_G","Bullet Time"]},{"damage_healed":0,"gold_gain":0,"player_choice":"Shed Blood","damage_taken":18,"max_hp_gain":5,"max_hp_loss":0,"event_name":"Forgotten Altar","floor":19,"gold_loss":0},{"cards_removed":["Strike_G"],"damage_healed":0,"gold_gain":0,"player_choice":"Upgrade and Remove","damage_taken":0,"max_hp_gain":0,"max_hp_loss":0,"event_name":"Designer","floor":21,"gold_loss":90,"cards_upgraded":["Defend_G"]},{"damage_healed":0,"gold_gain":0,"player_choice":"Obtained Book","damage_taken":16,"max_hp_gain":0,"max_hp_loss":0,"event_name":"Cursed Tome","floor":28,"gold_loss":0},{"damage_healed":0,"gold_gain":0,"player_choice":"Ignored","damage_taken":0,"max_hp_gain":0,"max_hp_loss":0,"event_name":"Beggar","floor":29,"gold_loss":0},{"cards_removed":["Defend_G"],"damage_healed":0,"gold_gain":0,"player_choice":"Purged","damage_taken":0,"max_hp_gain":0,"max_hp_loss":0,"event_name":"Purifier","floor":31,"gold_loss":0},{"cards_removed":["Quick Slash"],"damage_healed":0,"gold_gain":0,"player_choice":"Removed Attack","damage_taken":0,"max_hp_gain":0,"max_hp_loss":0,"event_name":"Falling","floor":36,"gold_loss":0},{"damage_healed":0,"gold_gain":0,"player_choice":"Fight","damage_taken":0,"max_hp_gain":0,"max_hp_loss":0,"event_name":"Mysterious Sphere","floor":37,"gold_loss":0}],"is_beta":false,"boss_relics":[{"not_picked":["Coffee Dripper","Fusion Hammer"],"picked":"Lizard Tail"},{"not_picked":["Black Star","Snecko Eye"],"picked":"Busted Crown"}],"items_purged_floors":[20,45],"is_endless":false,"potions_floor_spawned":[2,5,12,18,27,33,35,38,40,44,47],"ascension_level":5}