{"gold_per_floor":[110,5,5,24,24,24,24,24,78,95,127,127,141,160,160,264,264,276,286,286,196,210,210,61,61,61,81,32,32,50,50,50,146,146,156,56,70,70,70,70,70,70,97,109,109,109,109,121,121,121],"floor_reached":51,"playtime":1292,"items_purged":["Strike_B","Zap"],"score":695,"play_id":"07892881-a615-4bbb-a4be-86aec0e2d22e","local_time":"20180906193056","is_ascension_mode":false,"campfire_choices":[{"data":"Darkness","floor":6,"key":"SMITH"},{"data":"Darkness","floor":8,"key":"SMITH"},{"data":"Go for the Eyes","floor":12,"key":"SMITH"},{"data":"Deep Breath","floor":15,"key":"SMITH"},{"data":"Defragment","floor":23,"key":"SMITH"},{"data":"Undo","floor":25,"key":"SMITH"},{"data":"Conserve Battery","floor":32,"key":"SMITH"},{"floor":41,"key":"REST"},{"data":"Madness","floor":45,"key":"SMITH"},{"data":"Blind","floor":49,"key":"SMITH"}],"neow_cost":"TEN_PERCENT_HP_LOSS","seed_source_timestamp":2268824092056,"circlet_count":0,"master_deck":["Defend_B+1","Defend_B","Defend_B","Defend_B","Dualcast+1","Darkness+1","Deep Breath+1","Darkness+1","Go for the Eyes+1","Defragment+1","Leap","Reboot+1","Leap+1","Undo+1","Conserve Battery+1","Darkness+1","Glacier+1","Defragment+1","Madness","Madness+1","Blind+1"],"relics":["Cracked Core","Centennial Puzzle","Ornamental Fan","Inserter","Darkstone Periapt","Mango","Runic Pyramid","Nunchaku","Ancient Tea Set"],"potions_floor_usage":[33,38,39,50],"damage_taken":[{"damage":0,"enemies":"Cultist","floor":1,"turns":3},{"damage":1,"enemies":"Jaw Worm","floor":4,"turns":3},{"damage":1,"enemies":"2 Louse","floor":10,"turns":2},{"damage":10,"enemies":"Gremlin Nob","floor":11,"turns":3},{"damage":0,"enemies":"2 Fungi Beasts","floor":13,"turns":4},{"damage":7,"enemies":"Large Slime","floor":14,"turns":4},{"damage":10,"enemies":"Hexaghost","floor":16,"turns":8},{"damage":15,"enemies":"2 Thieves","floor":18,"turns":3},{"damage":2,"enemies":"Shell Parasite","floor":19,"turns":4},{"damage":3,"enemies":"Chosen and Byrds","floor":22,"turns":5},{"damage":0,"enemies":"Centurion and Healer","floor":27,"turns":5},{"damage":1,"enemies":"Snake Plant","floor":30,"turns":5},{"damage":57,"enemies":"Champ","floor":33,"turns":7},{"damage":6,"enemies":"Orb Walker","floor":35,"turns":4},{"damage":0,"enemies":"3 Darklings","floor":37,"turns":7},{"damage":24,"enemies":"Mind Bloom Boss Battle","floor":38,"turns":6},{"damage":3,"enemies":"Spire Growth","floor":39,"turns":3},{"damage":7,"enemies":"Reptomancer","floor":44,"turns":10},{"damage":8,"enemies":"Sphere and 2 Shapes","floor":48,"turns":4},{"damage":11,"enemies":"Donu and Deca","floor":50,"turns":8}],"seed_played":"5521377662125030806","potions_obtained":[{"floor":16,"key":"Weak Potion"},{"floor":18,"key":"SmokeBomb"},{"floor":30,"key":"Strength Potion"},{"floor":35,"key":"Ancient Potion"}],"is_trial":false,"path_per_floor":["M","$","?","M","?","R","?","R","T","M","E","R","M","M","R","B",null,"M","M","?","?","M","R","$","R","T","M","$","?","M","?","R","B",null,"M","$","M","?","M","?","R","$","T","M","R","?","$","M","R","B"],"character_chosen":"DEFECT","items_purchased":["Deep Breath","Undo","Conserve Battery"],"campfire_rested":1,"item_purchase_floors":[2,24,28],"current_hp_per_floor":[68,68,68,67,53,53,53,53,53,52,42,42,42,35,35,25,68,53,51,51,51,48,48,48,48,62,62,62,62,61,61,61,4,82,76,76,76,52,49,39,63,63,63,56,56,56,56,48,48,37],"gold":121,"neow_bonus":"REMOVE_TWO","is_prod":false,"is_daily":false,"chose_seed":false,"campfire_upgraded":9,"win_rate":0,"timestamp":1536258656,"path_taken":["M","$","?","M","?","R","?","R","T","M","E","R","M","M","R","BOSS","M","?","?","?","M","R","$","R","T","M","?","?","M","?","R","BOSS","M","$","?","?","M","?","R","$","T","?","R","?","?","?","R","BOSS"],"build_version":"2018-08-30","purchased_purges":2,"victory":true,"max_hp_per_floor":[68,68,68,68,68,68,68,68,68,68,68,68,68,68,68,68,68,68,68,68,68,68,68,68,68,82,82,82,82,82,82,82,82,82,82,82,82,82,82,82,82,82,82,82,82,82,82,82,82,82],"card_choices":[{"not_picked":["Go for the Eyes","Turbo"],"picked":"Darkness","floor":1},{"not_picked":["Sweeping Beam","Rebound"],"picked":"Darkness","floor":4},{"not_picked":["Compile Driver","Storm"],"picked":"Go for the Eyes","floor":10},{"not_picked":["Hologram","Turbo","Thunder Strike"],"picked":"SKIP","floor":11},{"not_picked":["Conserve Battery","Gash"],"picked":"Defragment","floor":13},{"not_picked":["Stack","Redo"],"picked":"Leap","floor":14},{"not_picked":["Hyperbeam","Echo Form"],"picked":"Reboot","floor":16},{"not_picked":["Turbo","Rebound+1","Compile Driver+1"],"picked":"SKIP","floor":18},{"not_picked":["Rebound","Storm","Leap"],"picked":"SKIP","floor":19},{"not_picked":["Hologram","Turbo"],"picked":"Leap+1","floor":22},{"not_picked":["Heatsinks","Go for the Eyes","FTL"],"picked":"SKIP","floor":27},{"not_picked":["Gash","Stack+1","Sweeping Beam"],"picked":"SKIP","floor":30},{"not_picked":["Barrage","Redo+1"],"picked":"Glacier+1","floor":35},{"not_picked":["Coolheaded","Consume","Go for the Eyes"],"picked":"SKIP","floor":37},{"not_picked":["Steam+1","Streamline"],"picked":"Defragment+1","floor":38},{"not_picked":["Go for the Eyes","Hologram","Skim+1"],"picked":"SKIP","floor":44},{"not_picked":["Panache","Transmutation"],"picked":"Blind","floor":46},{"not_picked":["Coolheaded+1","FTL","Tempest+1"],"picked":"SKIP","floor":48}],"player_experience":20751,"relics_obtained":[{"floor":9,"key":"Centennial Puzzle"},{"floor":11,"key":"Ornamental Fan"},{"floor":26,"key":"Mango"},{"floor":38,"key":"Nunchaku"},{"floor":43,"key":"Ancient Tea Set"}],"event_choices":[{"event_name":"Liars Game","player_choice":"disagreed","floor":3,"damage_taken":0},{"event_name":"Shining Light","player_choice":"Entered Light","floor":5,"damage_taken":0},{"event_name":"Golden Idol","player_choice":"Ignored","floor":7,"damage_taken":0},{"event_name":"The Mausoleum","player_choice":"Yes","floor":20,"damage_taken":0},{"event_name":"Designer","player_choice":"Full Service","floor":21,"damage_taken":0},{"event_name":"Duplicator","player_choice":"One dupe","floor":31,"damage_taken":0},{"event_name":"MindBloom","player_choice":"Fight","floor":38,"damage_taken":0},{"event_name":"Winding Halls","player_choice":"Embrace Madness","floor":40,"damage_taken":0},{"event_name":"SensoryStone","player_choice":"Memory 1","floor":46,"damage_taken":0}],"is_beta":false,"boss_relics":[{"not_picked":["Tiny House","White Beast Statue"],"picked":"Inserter"},{"not_picked":["Fusion Hammer","Philosopher\u0027s Stone"],"picked":"Runic Pyramid"}],"items_purged_floors":[24,36],"is_endless":false,"potions_floor_spawned":[16,18,30,35,39],"ascension_level":0}