{"gold_per_floor":[111,42,55,75,95,129,143,143,195,195,229,247,247,259,259,359,359,371,387,387,399,120,120,134,167,191,210,222,222,297,323,323,420,420,430,443,443,456,471,483,536,467,493,505,422,422,422,42,42,42],"floor_reached":51,"playtime":4708,"items_purged":["Writhe","Strike_R"],"score":938,"play_id":"56b61dbe-0b37-45f5-9a98-c6c466ba7e2d","local_time":"20180907203342","is_ascension_mode":true,"campfire_choices":[{"data":"Fiend Fire","floor":8,"key":"SMITH"},{"data":"Fiend Fire","floor":13,"key":"SMITH"},{"data":"True Grit","floor":15,"key":"SMITH"},{"data":"Burning Pact","floor":23,"key":"SMITH"},{"floor":29,"key":"REST"},{"data":"True Grit","floor":32,"key":"SMITH"},{"data":"Power Through","floor":46,"key":"SMITH"},{"data":"Power Through","floor":47,"key":"SMITH"},{"floor":49,"key":"REST"}],"neow_cost":"NONE","seed_source_timestamp":764293924381579,"circlet_count":0,"master_deck":["Strike_R","Strike_R","Strike_R","Strike_R","Defend_R","Defend_R","Defend_R","Defend_R","Bash","Seeing Red","Fiend Fire+1","Hemokinesis","Pommel Strike","Cleave","Fiend Fire+1","Burning Pact+1","Perfected Strike","Havoc","True Grit+1","Barricade","Uppercut","Shrug It Off","Apotheosis","Shockwave","True Grit+1","Carnage","Power Through+1","Battle Trance","Reaper","Entrench+1","Body Slam+1","True Grit+1","Reaper","Feel No Pain+1","Power Through+1","Clothesline","Whirlwind+1"],"relics":["Burning Blood","Bronze Scales","PreservedInsect","Dream Catcher","Ornamental Fan","Red Skull","Snecko Eye","Lantern","Smiling Mask","Bag of Marbles","Velvet Choker","WingedGreaves","MawBank","HandDrill"],"potions_floor_usage":[16,16,16,21,25,33,38,41,50,50],"damage_taken":[{"damage":6,"enemies":"Cultist","floor":1,"turns":4},{"damage":2,"enemies":"Small Slimes","floor":3,"turns":4},{"damage":3,"enemies":"2 Louse","floor":4,"turns":2},{"damage":6,"enemies":"Blue Slaver","floor":5,"turns":3},{"damage":36,"enemies":"Lagavulin","floor":6,"turns":5},{"damage":11,"enemies":"Looter","floor":7,"turns":3},{"damage":7,"enemies":"Gremlin Nob","floor":11,"turns":3},{"damage":0,"enemies":"Large Slime","floor":12,"turns":3},{"damage":9,"enemies":"Blue Slaver","floor":14,"turns":2},{"damage":32,"enemies":"Hexaghost","floor":16,"turns":9},{"damage":0,"enemies":"Spheric Guardian","floor":18,"turns":1},{"damage":0,"enemies":"Shell Parasite","floor":19,"turns":1},{"damage":6,"enemies":"Shelled Parasite and Fungi","floor":21,"turns":2},{"damage":11,"enemies":"Snake Plant","floor":24,"turns":3},{"damage":21,"enemies":"Slavers","floor":25,"turns":3},{"damage":0,"enemies":"Centurion and Healer","floor":27,"turns":3},{"damage":0,"enemies":"Cultist and Chosen","floor":28,"turns":3},{"damage":6,"enemies":"Book of Stabbing","floor":31,"turns":3},{"damage":34,"enemies":"Automaton","floor":33,"turns":9},{"damage":16,"enemies":"Orb Walker","floor":35,"turns":2},{"damage":1,"enemies":"3 Darklings","floor":36,"turns":3},{"damage":21,"enemies":"Reptomancer","floor":38,"turns":5},{"damage":25,"enemies":"Sphere and 2 Shapes","floor":39,"turns":4},{"damage":2,"enemies":"Transient","floor":40,"turns":5},{"damage":38,"enemies":"Mysterious Sphere","floor":41,"turns":5},{"damage":62,"enemies":"Awakened One","floor":50,"turns":27}],"seed_played":"3804330374148765441","potions_obtained":[{"floor":1,"key":"Weak Potion"},{"floor":3,"key":"FearPotion"},{"floor":11,"key":"FearPotion"},{"floor":12,"key":"Dexterity Potion"},{"floor":19,"key":"Fire Potion"},{"floor":21,"key":"Weak Potion"},{"floor":24,"key":"SkillPotion"},{"floor":27,"key":"Explosive Potion"},{"floor":38,"key":"Explosive Potion"},{"floor":39,"key":"GamblersBrew"}],"is_trial":false,"path_per_floor":["M","$","M","M","M","E","M","R","T","?","E","M","R","M","R","B",null,"M","M","?","M","$","R","M","E","T","M","M","R","?","E","R","B",null,"M","M","?","M","M","M","?","$","T","?","$","R","R","$","R","B"],"character_chosen":"IRONCLAD","items_purchased":["Fiend Fire","Apotheosis","Shockwave","Power Through","Clothesline","BloodPotion","Weak Potion","HandDrill"],"campfire_rested":2,"item_purchase_floors":[2,22,22,42,45,48,48,48],"current_hp_per_floor":[72,72,76,79,79,49,44,44,44,32,31,37,37,34,34,8,62,68,74,59,59,59,59,54,39,39,45,51,76,68,68,68,40,74,69,85,85,70,51,69,55,55,55,76,76,76,76,76,85,57],"gold":42,"neow_bonus":"RANDOM_COMMON_RELIC","is_prod":false,"is_daily":false,"chose_seed":false,"campfire_upgraded":7,"win_rate":0,"timestamp":1536370422,"path_taken":["M","?","M","M","?","E","M","R","T","?","E","M","R","M","R","BOSS","M","M","?","M","$","R","M","E","T","M","M","R","?","E","R","BOSS","M","M","?","M","M","M","?","$","T","?","$","R","R","$","R","BOSS"],"build_version":"2018-09-06","purchased_purges":2,"victory":true,"max_hp_per_floor":[80,80,80,80,80,80,80,80,80,80,80,80,80,80,80,80,80,80,80,85,85,85,85,85,85,85,85,85,85,85,85,85,85,85,85,85,85,85,85,85,85,85,85,85,85,85,85,85,85,85],"card_choices":[{"not_picked":["Evolve","Warcry"],"picked":"Seeing Red","floor":1},{"not_picked":["Warcry","Bloodletting"],"picked":"Hemokinesis","floor":3},{"not_picked":["Twin Strike","Shrug It Off"],"picked":"Pommel Strike","floor":4},{"not_picked":["Clothesline","Bloodletting"],"picked":"Cleave","floor":5},{"not_picked":["Carnage","Clothesline"],"picked":"Fiend Fire","floor":6},{"not_picked":["Clothesline","Sword Boomerang"],"picked":"Burning Pact","floor":7},{"not_picked":["Dropkick","Flex"],"picked":"Perfected Strike","floor":11},{"not_picked":["Thunderclap","Searing Blow"],"picked":"Havoc","floor":12},{"not_picked":["Perfected Strike","Armaments"],"picked":"True Grit","floor":14},{"not_picked":["Offering","Double Tap"],"picked":"Barricade","floor":16},{"not_picked":["Wild Strike","Rampage"],"picked":"Uppercut","floor":18},{"not_picked":["Fire Breathing","Twin Strike","Evolve"],"picked":"SKIP","floor":19},{"not_picked":["Iron Wave+1","Double Tap"],"picked":"Shrug It Off","floor":21},{"not_picked":["Anger","Rupture","Sentinel"],"picked":"SKIP","floor":24},{"not_picked":["Clash","Wild Strike+1"],"picked":"True Grit","floor":25},{"not_picked":["Clothesline","Iron Wave"],"picked":"Carnage","floor":27},{"not_picked":["Spot Weakness","Bloodletting","Headbutt"],"picked":"SKIP","floor":28},{"not_picked":["Spot Weakness","Bloodletting","Headbutt"],"picked":"SKIP","floor":28},{"not_picked":["Hemokinesis","Evolve"],"picked":"Power Through","floor":29},{"not_picked":["Dual Wield+1","Blood for Blood"],"picked":"Battle Trance","floor":31},{"not_picked":["Brutality","Berserk"],"picked":"Reaper","floor":33},{"not_picked":["Warcry","Clothesline+1"],"picked":"Entrench+1","floor":35},{"not_picked":["Perfected Strike","Disarm+1"],"picked":"Body Slam+1","floor":36},{"not_picked":["Thunderclap","Sword Boomerang"],"picked":"True Grit+1","floor":38},{"not_picked":["Clash","Headbutt+1"],"picked":"Reaper","floor":39},{"not_picked":["Seeing Red","Warcry"],"picked":"Feel No Pain+1","floor":40},{"not_picked":["Reckless Charge","Cleave"],"picked":"Whirlwind+1","floor":49}],"player_experience":267732,"relics_obtained":[{"floor":6,"key":"PreservedInsect"},{"floor":9,"key":"Dream Catcher"},{"floor":11,"key":"Red Skull"},{"floor":25,"key":"Lantern"},{"floor":26,"key":"Smiling Mask"},{"floor":31,"key":"Bag of Marbles"},{"floor":41,"key":"WingedGreaves"},{"floor":43,"key":"MawBank"}],"event_choices":[{"event_name":"Scrap Ooze","player_choice":"success","floor":10,"damage_taken":12},{"event_name":"Forgotten Altar","player_choice":"Shed Blood","floor":20,"damage_taken":0},{"event_name":"FaceTrader","player_choice":"Touch","floor":30,"damage_taken":0},{"event_name":"Tomb of Lord Red Mask","player_choice":"Ignored","floor":37,"damage_taken":0},{"event_name":"Mysterious Sphere","player_choice":"Fight","floor":41,"damage_taken":0},{"event_name":"Winding Halls","player_choice":"Writhe","floor":44,"damage_taken":0}],"is_beta":false,"boss_relics":[{"not_picked":["Philosopher\u0027s Stone","Fusion Hammer"],"picked":"Snecko Eye"},{"not_picked":["Astrolabe","Black Blood"],"picked":"Velvet Choker"}],"items_purged_floors":[45,48],"is_endless":false,"potions_floor_spawned":[1,3,11,12,19,21,24,27,38,39],"ascension_level":7}