{"gold_per_floor":[116,116,41,41,41,74,74,107,107,107,183,199,217,229,229,307,307,317,16,16,16,16,16,46,58,58,73,86,49,49,49,49,123,123,134,147,72,90,90,90,108,108,187,199,199,211,211,231,231,231],"floor_reached":51,"playtime":2903,"items_purged":["Pain"],"score":1150,"play_id":"32a390d0-b387-4483-998c-36c09cde66f7","local_time":"20190130232650","is_ascension_mode":true,"campfire_choices":[{"floor":7.0,"key":"REST"},{"data":"Whirlwind","floor":15.0,"key":"SMITH"},{"floor":23.0,"key":"REST"},{"floor":30.0,"key":"REST"},{"data":"Disarm","floor":32.0,"key":"SMITH"},{"floor":40.0,"key":"REST"},{"data":"Shockwave","floor":42,"key":"SMITH"},{"floor":45,"key":"REST"},{"data":"Armaments","floor":49,"key":"SMITH"}],"neow_cost":"CURSE","seed_source_timestamp":1884529468476857,"circlet_count":0,"master_deck":["AscendersBane","Strike_R+1","Strike_R","Strike_R","Strike_R","Defend_R+1","Defend_R","Defend_R","Defend_R","Bash+1","Fiend Fire","Wild Strike","Anger","Spot Weakness","Shockwave+1","Disarm+1","Whirlwind+1","Offering","Armaments+1","Corruption","Reaper","J.A.X.+1","True Grit+1","Armaments+1","Limit Break+1","Feel No Pain","Offering+1","Burning Pact+1","Iron Wave"],"special_seed":0,"relics":["Burning Blood","Ice Cream","Pantograph","Bottled Lightning","Philosopher\u0027s Stone","Toxic Egg 2","Regal Pillow","Nunchaku","Busted Crown","Kunai"],"potions_floor_usage":[46,50,50],"damage_taken":[{"damage":3.0,"enemies":"Cultist","floor":1.0,"turns":3.0},{"damage":39.0,"enemies":"3 Sentries","floor":6.0,"turns":10.0},{"damage":23.0,"enemies":"Gremlin Nob","floor":8.0,"turns":4.0},{"damage":2.0,"enemies":"Jaw Worm","floor":12.0,"turns":3.0},{"damage":8.0,"enemies":"Small Slimes","floor":13.0,"turns":3.0},{"damage":0.0,"enemies":"3 Louse","floor":14.0,"turns":5.0},{"damage":62.0,"enemies":"Slime Boss","floor":16.0,"turns":7.0},{"damage":2.0,"enemies":"Spheric Guardian","floor":18.0,"turns":3.0},{"damage":53.0,"enemies":"Slavers","floor":24.0,"turns":4.0},{"damage":19.0,"enemies":"Shell Parasite","floor":25.0,"turns":2.0},{"damage":7.0,"enemies":"Sentry and Sphere","floor":27.0,"turns":3.0},{"damage":19.0,"enemies":"Shelled Parasite and Fungi","floor":28.0,"turns":3.0},{"damage":80.0,"enemies":"Collector","floor":33.0,"turns":7.0},{"damage":32.0,"enemies":"3 Darklings","floor":35.0,"turns":4.0},{"damage":12.0,"enemies":"3 Shapes","floor":36.0,"turns":3.0},{"damage":17.0,"enemies":"Sphere and 2 Shapes","floor":38.0,"turns":4.0},{"damage":26,"enemies":"Jaw Worm Horde","floor":41,"turns":2},{"damage":31,"enemies":"4 Shapes","floor":44,"turns":2},{"damage":22,"enemies":"3 Darklings","floor":46,"turns":5},{"damage":16,"enemies":"Maw","floor":48,"turns":5},{"damage":79,"enemies":"Time Eater","floor":50,"turns":8}],"seed_played":"-1724640683958531104","potions_obtained":[{"floor":6.0,"key":"Explosive Potion"},{"floor":12.0,"key":"SpeedPotion"},{"floor":13.0,"key":"Regen Potion"},{"floor":14.0,"key":"FearPotion"},{"floor":16.0,"key":"Strength Potion"},{"floor":24.0,"key":"PowerPotion"},{"floor":33.0,"key":"SkillPotion"},{"floor":36.0,"key":"SkillPotion"},{"floor":38.0,"key":"AttackPotion"},{"floor":41,"key":"SteroidPotion"},{"floor":48,"key":"SkillPotion"}],"is_trial":false,"path_per_floor":["M","?","$","?","?","E","R","E","T","?","?","M","M","M","R","B",null,"M","$","?","?","?","R","E","M","T","M","M","$","R","$","R","B",null,"M","M","$","M","?","R","M","R","T","M","R","M","?","M","R","B",null],"character_chosen":"IRONCLAD","items_purchased":["Corruption","Toxic Egg 2","Feel No Pain","Burning Pact+1"],"campfire_rested":5,"item_purchase_floors":[19,19,29,37],"current_hp_per_floor":[71,71,71,71,48,15,37,20,20,20,20,24,22,42,42,11,59,63,63,63,63,42,66,43,30,30,29,30,30,69,69,69,17,64,54,48,48,37,37,76,56,56,56,31,70,80,80,70,70,7],"gold":231,"neow_bonus":"THREE_RARE_CARDS","is_prod":false,"is_daily":false,"chose_seed":false,"campfire_upgraded":4,"win_rate":0,"timestamp":1548908810,"path_taken":["M","?","$","?","?","E","R","E","T","?","?","M","M","M","R","BOSS","M","$","?","?","?","R","E","M","T","M","M","?","R","$","R","BOSS","M","M","$","M","?","R","M","R","T","M","R","M","?","M","R","BOSS"],"build_version":"2019-01-23","purchased_purges":1,"victory":true,"max_hp_per_floor":[75,75,75,75,75,75,75,75,75,75,75,75,75,75,75,75,75,75,75,75,75,80,80,80,80,80,80,80,80,80,80,80,80,80,80,80,80,80,80,80,80,80,80,80,80,80,80,80,80,80],"card_choices":[{"not_picked":["Double Tap","Juggernaut"],"picked":"Fiend Fire","floor":0.0},{"not_picked":["Perfected Strike","Headbutt"],"picked":"Wild Strike","floor":1.0},{"not_picked":["Blood for Blood","Clash"],"picked":"Anger","floor":6.0},{"not_picked":["Sword Boomerang","Anger"],"picked":"Spot Weakness","floor":8.0},{"not_picked":["Thunderclap","Rampage"],"picked":"Shockwave","floor":12.0},{"not_picked":["Metallicize","Warcry"],"picked":"Disarm","floor":13.0},{"not_picked":["True Grit","Feed"],"picked":"Whirlwind","floor":14.0},{"not_picked":["Feed","Bludgeon"],"picked":"Offering","floor":16.0},{"not_picked":["Wild Strike","Warcry"],"picked":"Armaments","floor":18.0},{"not_picked":["Pommel Strike","Headbutt"],"picked":"True Grit+1","floor":24.0},{"not_picked":["Anger","Headbutt"],"picked":"Armaments+1","floor":25.0},{"not_picked":["Inflame","Body Slam"],"picked":"Limit Break+1","floor":27.0},{"not_picked":["Clash","Warcry+1","Armaments+1"],"picked":"SKIP","floor":28.0},{"not_picked":["Impervious+1","Dark Embrace"],"picked":"Offering+1","floor":33.0},{"not_picked":["Body Slam+1"],"picked":"SKIP","floor":35.0},{"not_picked":["Twin Strike"],"picked":"SKIP","floor":36.0},{"not_picked":["Intimidate+1"],"picked":"SKIP","floor":38.0},{"not_picked":["Sword Boomerang"],"picked":"SKIP","floor":41},{"not_picked":["Sword Boomerang"],"picked":"SKIP","floor":44},{"not_picked":["Reckless Charge"],"picked":"SKIP","floor":46},{"not_picked":["Flex+1"],"picked":"SKIP","floor":48}],"player_experience":410515,"relics_obtained":[{"floor":6.0,"key":"Ice Cream"},{"floor":8.0,"key":"Pantograph"},{"floor":9.0,"key":"Bottled Lightning"},{"floor":24.0,"key":"Regal Pillow"},{"floor":26.0,"key":"Nunchaku"},{"floor":43,"key":"Kunai"}],"event_choices":[{"damage_healed":0.0,"max_hp_gain":0.0,"max_hp_loss":0.0,"gold_gain":0.0,"event_name":"Living Wall","player_choice":"Grow","floor":2.0,"gold_loss":0.0,"damage_taken":0.0,"cards_upgraded":["Bash"]},{"damage_healed":0.0,"max_hp_gain":0.0,"max_hp_loss":0.0,"gold_gain":0.0,"event_name":"Liars Game","player_choice":"Ignored","floor":4.0,"gold_loss":0.0,"damage_taken":0.0},{"damage_healed":0.0,"max_hp_gain":0.0,"max_hp_loss":0.0,"gold_gain":0.0,"event_name":"Shining Light","player_choice":"Entered Light","floor":5.0,"gold_loss":0.0,"damage_taken":23.0,"cards_upgraded":["Defend_R","Strike_R"]},{"damage_healed":0.0,"max_hp_gain":0.0,"max_hp_loss":0.0,"gold_gain":0.0,"event_name":"Scrap Ooze","player_choice":"Fled","floor":10.0,"gold_loss":0.0,"damage_taken":0.0},{"damage_healed":0.0,"max_hp_gain":0.0,"max_hp_loss":0.0,"gold_gain":76.0,"event_name":"Golden Wing","player_choice":"Gained Gold","floor":11.0,"gold_loss":0.0,"damage_taken":0.0},{"damage_healed":0.0,"max_hp_gain":0.0,"max_hp_loss":0.0,"gold_gain":0.0,"event_name":"The Library","player_choice":"Read","floor":20.0,"gold_loss":0.0,"damage_taken":0.0,"cards_obtained":["Reaper"]},{"damage_healed":0.0,"max_hp_gain":0.0,"max_hp_loss":0.0,"gold_gain":0.0,"event_name":"Drug Dealer","player_choice":"Obtain J.A.X.","floor":21.0,"gold_loss":0.0,"damage_taken":0.0,"cards_obtained":["J.A.X."]},{"damage_healed":0.0,"max_hp_gain":5.0,"max_hp_loss":0.0,"gold_gain":0.0,"event_name":"Forgotten Altar","player_choice":"Shed Blood","floor":22.0,"gold_loss":0.0,"damage_taken":26.0},{"damage_healed":0.0,"max_hp_gain":0.0,"max_hp_loss":0.0,"gold_gain":0.0,"event_name":"SensoryStone","player_choice":"Memory 1","floor":39.0,"gold_loss":0.0,"damage_taken":0.0},{"damage_healed":0,"gold_gain":0,"cards_transformed":["Strike_R"],"player_choice":"Transformed","damage_taken":0,"max_hp_gain":0,"max_hp_loss":0,"event_name":"Transmorgrifier","floor":47,"gold_loss":0,"cards_obtained":["Iron Wave"]}],"is_beta":false,"boss_relics":[{"not_picked":["Black Blood","Astrolabe"],"picked":"Philosopher\u0027s Stone"},{"not_picked":["Eternal Feather","Calling Bell"],"picked":"Busted Crown"}],"items_purged_floors":[3],"is_endless":false,"potions_floor_spawned":[6,12,13,14,16,24,25,33,36,38,41,48],"ascension_level":16}