{"gold_per_floor":[113,113,38,52,52,52,63,63,63,13,13,30,30,63,63,63],"floor_reached":16,"playtime":436,"items_purged":[],"score":157,"play_id":"d69111bc-4216-43f4-9d19-ff5c3831342f","local_time":"20181215180206","is_ascension_mode":true,"campfire_choices":[{"data":"Crippling Poison","floor":6,"key":"SMITH"},{"data":"Venomology","floor":8,"key":"SMITH"},{"data":"Neutralize","floor":11,"key":"SMITH"},{"data":"Flying Knee","floor":15,"key":"SMITH"}],"neow_cost":"TEN_PERCENT_HP_LOSS","seed_source_timestamp":10145977245578,"circlet_count":0,"master_deck":["AscendersBane","Defend_G","Defend_G","Defend_G","Defend_G","Strike_G","Strike_G","Survivor","Neutralize+1","Venomology+1","Die Die Die+1","PiercingWail","Well Laid Plans","Crippling Poison+1","PiercingWail","Leg Sweep","Flying Knee+1"],"relics":["Ring of the Snake","Shuriken","Bottled Tornado"],"potions_floor_usage":[4,12,14,14,14,16],"damage_taken":[{"damage":10,"enemies":"Cultist","floor":1,"turns":7},{"damage":1,"enemies":"Small Slimes","floor":4,"turns":4},{"damage":0,"enemies":"Jaw Worm","floor":7,"turns":5},{"damage":3,"enemies":"Looter","floor":12,"turns":4},{"damage":18,"enemies":"Lagavulin","floor":14,"turns":8},{"damage":33,"enemies":"Hexaghost","floor":16,"turns":16}],"seed_played":"7829430810808797068","potions_obtained":[{"floor":1,"key":"GamblersBrew"},{"floor":7,"key":"Ancient Potion"},{"floor":14,"key":"Explosive Potion"}],"is_trial":false,"path_per_floor":["M","?","$","M","?","R","M","R","T","?","R","M","?","E","R","B"],"character_chosen":"THE_SILENT","items_purchased":["Well Laid Plans"],"campfire_rested":0,"item_purchase_floors":[3],"current_hp_per_floor":[53,53,53,52,52,52,52,52,52,52,52,49,49,31,31,0],"gold":63,"neow_bonus":"TRANSFORM_TWO_CARDS","is_prod":false,"is_daily":false,"chose_seed":false,"campfire_upgraded":4,"win_rate":0,"timestamp":1544896926,"path_taken":["M","?","$","?","?","R","M","R","T","?","R","M","?","E","R","BOSS"],"build_version":"2018-12-13","purchased_purges":0,"victory":false,"max_hp_per_floor":[63,63,63,63,63,63,63,63,63,63,63,63,63,63,63,63],"card_choices":[{"not_picked":["Bane","Dagger Throw"],"picked":"PiercingWail","floor":1},{"not_picked":["Acrobatics","Blur"],"picked":"Crippling Poison","floor":4},{"not_picked":["Expertise","Slice"],"picked":"PiercingWail","floor":7},{"not_picked":["Dodge and Roll","Choke"],"picked":"Leg Sweep","floor":12},{"not_picked":["Well Laid Plans","Sucker Punch"],"picked":"Flying Knee","floor":14}],"player_experience":275082,"relics_obtained":[{"floor":9,"key":"Shuriken"},{"floor":14,"key":"Bottled Tornado"}],"event_choices":[{"damage_healed":0,"gold_gain":0,"player_choice":"Upgraded","damage_taken":0,"max_hp_gain":0,"max_hp_loss":0,"event_name":"Upgrade Shrine","floor":2,"gold_loss":0,"cards_upgraded":["Die Die Die"]},{"damage_healed":0,"gold_gain":0,"player_choice":"Ignored","damage_taken":0,"max_hp_gain":0,"max_hp_loss":0,"event_name":"Liars Game","floor":5,"gold_loss":0},{"cards_removed":["Strike_G"],"damage_healed":0,"gold_gain":0,"player_choice":"Card Removal","damage_taken":0,"max_hp_gain":0,"max_hp_loss":0,"event_name":"The Cleric","floor":10,"gold_loss":50},{"cards_removed":["Defend_G"],"damage_healed":0,"gold_gain":0,"player_choice":"Offered Basic","damage_taken":0,"max_hp_gain":0,"max_hp_loss":0,"event_name":"Bonfire Elementals","floor":13,"gold_loss":0}],"is_beta":false,"boss_relics":[],"items_purged_floors":[],"is_endless":false,"potions_floor_spawned":[1,7,14],"killed_by":"Hexaghost","ascension_level":12}