{"gold_per_floor":[117,117,117,0,0,0,33,43,43,60,60,25,25,25,25,99,99,119,119,0,0,0,15,33,47,47,47,47],"floor_reached":28,"playtime":934,"items_purged":["Strike_G"],"score":396,"play_id":"f4eb38c9-560c-4a8d-af53-273c14b65aae","local_time":"20190204025756","is_ascension_mode":true,"campfire_choices":[{"data":"Footwork","floor":6,"key":"SMITH"},{"floor":11,"key":"REST"},{"data":"Footwork","floor":13,"key":"SMITH"},{"data":"Bane","floor":15,"key":"SMITH"},{"data":"Burst","floor":27,"key":"SMITH"}],"neow_cost":"NONE","seed_source_timestamp":24522474062000,"circlet_count":0,"master_deck":["AscendersBane","Defend_G","Defend_G","Defend_G+1","Defend_G","Defend_G","Strike_G+1","Strike_G","Strike_G","Strike_G","Survivor","Neutralize+1","Bane+1","Footwork+1","Footwork+1","Terror","Burst+1","Dodge and Roll"],"relics":["Ring of the Snake","Oddly Smooth Stone","Omamori","Ornamental Fan","Bag of Marbles","Philosopher\u0027s Stone","Strawberry"],"potions_floor_usage":[16,18,28,28],"damage_taken":[{"damage":1,"enemies":"2 Louse","floor":1,"turns":3},{"damage":18,"enemies":"Lagavulin","floor":7,"turns":10},{"damage":0,"enemies":"Jaw Worm","floor":8,"turns":4},{"damage":0,"enemies":"Cultist","floor":10,"turns":5},{"damage":5,"enemies":"Hexaghost","floor":16,"turns":13},{"damage":34,"enemies":"3 Byrds","floor":18,"turns":14},{"damage":3,"enemies":"2 Thieves","floor":23,"turns":5},{"damage":0,"enemies":"Shelled Parasite and Fungi","floor":24,"turns":11},{"damage":4,"enemies":"Centurion and Healer","floor":25,"turns":16},{"damage":42,"enemies":"Cultist and Chosen","floor":28,"turns":13}],"seed_played":"-3903833176603492298","potions_obtained":[{"floor":10,"key":"SteroidPotion"},{"floor":16,"key":"Energy Potion"},{"floor":23,"key":"Block Potion"},{"floor":24,"key":"SkillPotion"}],"is_trial":false,"path_per_floor":["M","?","?","$","$","R","E","M","T","M","R","?","R","T","R","B",null,"M","?","?","$","?","M","M","M","T","R","M"],"character_chosen":"THE_SILENT","items_purchased":["Footwork"],"campfire_rested":1,"item_purchase_floors":[4],"current_hp_per_floor":[58,38,33,33,33,33,15,15,15,15,34,50,50,50,50,45,61,27,27,27,27,40,37,37,33,40,40,0],"gold":47,"neow_bonus":"UPGRADE_CARD","is_prod":false,"is_daily":false,"chose_seed":false,"campfire_upgraded":4,"win_rate":0,"timestamp":1549241876,"path_taken":["M","?","?","?","$","R","E","M","T","?","R","?","R","?","R","BOSS","M","?","?","$","?","M","M","M","T","R","M"],"build_version":"2019-01-23","purchased_purges":1,"victory":false,"max_hp_per_floor":[66,66,66,66,66,66,66,66,66,66,66,66,66,66,66,66,66,66,66,66,66,66,66,66,66,73,73,73],"card_choices":[{"not_picked":["Dodge and Roll","Acrobatics"],"picked":"Bane","floor":1},{"not_picked":["Infinite Blades","Acrobatics"],"picked":"Footwork","floor":7},{"not_picked":["Acrobatics","Dodge and Roll","Riddle With Holes"],"picked":"SKIP","floor":8},{"not_picked":["Outmaneuver","Choke"],"picked":"Terror","floor":10},{"not_picked":["A Thousand Cuts","Night Terror"],"picked":"Burst","floor":16},{"not_picked":["Deflect","Sucker Punch","Bane"],"picked":"SKIP","floor":18},{"not_picked":["Deflect","Slice"],"picked":"Dodge and Roll","floor":23},{"not_picked":["Prepared+1","Distraction","Setup"],"picked":"SKIP","floor":24},{"not_picked":["Masterful Stab","Concentrate","Backflip"],"picked":"SKIP","floor":25}],"player_experience":603864,"relics_obtained":[{"floor":7,"key":"Omamori"},{"floor":9,"key":"Ornamental Fan"},{"floor":14,"key":"Bag of Marbles"},{"floor":26,"key":"Strawberry"}],"event_choices":[{"damage_healed":0,"gold_gain":0,"player_choice":"Entered Light","damage_taken":20,"max_hp_gain":0,"max_hp_loss":0,"event_name":"Shining Light","floor":2,"gold_loss":0,"cards_upgraded":["Defend_G","Strike_G"]},{"damage_healed":0,"gold_gain":0,"player_choice":"Success","damage_taken":5,"relics_obtained":["Oddly Smooth Stone"],"max_hp_gain":0,"max_hp_loss":0,"event_name":"Scrap Ooze","floor":3,"gold_loss":0},{"damage_healed":16,"gold_gain":0,"player_choice":"Healed","damage_taken":0,"max_hp_gain":0,"max_hp_loss":0,"event_name":"The Cleric","floor":12,"gold_loss":35},{"damage_healed":0,"gold_gain":0,"player_choice":"Ignored","damage_taken":0,"max_hp_gain":0,"max_hp_loss":0,"event_name":"Cursed Tome","floor":19,"gold_loss":0},{"damage_healed":0,"gold_gain":0,"player_choice":"Paid Fearfully","damage_taken":0,"max_hp_gain":0,"max_hp_loss":0,"event_name":"Masked Bandits","floor":20,"gold_loss":119},{"damage_healed":13,"gold_gain":0,"player_choice":"Heal","damage_taken":0,"max_hp_gain":0,"max_hp_loss":0,"event_name":"The Library","floor":22,"gold_loss":0}],"is_beta":false,"boss_relics":[{"not_picked":["Coffee Dripper","Pandora\u0027s Box"],"picked":"Philosopher\u0027s Stone"}],"items_purged_floors":[4],"is_endless":false,"potions_floor_spawned":[10,16,23,24],"killed_by":"Cultist and Chosen","ascension_level":17}