{"gold_per_floor":[212,224,240,240,250,250,285,299,299,333,333,333,352,368,368,463,463,476,506,523,171,183,183,198,213,213,231,244,244,272,286,286,286],"floor_reached":33,"playtime":1889,"items_purged":["Strike_R"],"score":603,"play_id":"b16896ce-9095-4b58-8f09-0e81a464fb69","local_time":"20190202160121","is_ascension_mode":true,"campfire_choices":[{"floor":6,"key":"REST"},{"data":"Flame Barrier","floor":11,"key":"SMITH"},{"floor":15,"key":"REST"},{"data":"Armaments","floor":23,"key":"SMITH"},{"floor":29,"key":"REST"},{"data":"Immolate","floor":32,"key":"SMITH"}],"neow_cost":"NONE","seed_source_timestamp":0,"circlet_count":0,"master_deck":["AscendersBane","Strike_R","Strike_R","Strike_R","Strike_R","Defend_R","Defend_R","Defend_R","Defend_R","Bash","Flame Barrier+1","Armaments+1","Pommel Strike","Feed","Shrug It Off","Intimidate","Twin Strike","Clothesline","Immolate+1","Headbutt","Anger+1","Havoc","Battle Trance"],"special_seed":0,"relics":["Burning Blood","Ornamental Fan","Darkstone Periapt","Self Forming Clay","Omamori","Busted Crown","Red Mask","Shuriken","Bottled Lightning","Blue Candle"],"potions_floor_usage":[7,10,19,30,30],"damage_taken":[{"damage":6,"enemies":"2 Louse","floor":1,"turns":4},{"damage":5,"enemies":"Small Slimes","floor":2,"turns":4},{"damage":6,"enemies":"Jaw Worm","floor":3,"turns":6},{"damage":9,"enemies":"Blue Slaver","floor":5,"turns":6},{"damage":38,"enemies":"3 Sentries","floor":7,"turns":11},{"damage":6,"enemies":"Looter","floor":8,"turns":3},{"damage":28,"enemies":"Gremlin Nob","floor":10,"turns":4},{"damage":17,"enemies":"Gremlin Gang","floor":13,"turns":6},{"damage":0,"enemies":"Large Slime","floor":14,"turns":6},{"damage":55,"enemies":"The Guardian","floor":16,"turns":20},{"damage":8,"enemies":"3 Byrds","floor":18,"turns":6},{"damage":25,"enemies":"Masked Bandits","floor":19,"turns":5},{"damage":11,"enemies":"Chosen","floor":20,"turns":6},{"damage":13,"enemies":"Snecko","floor":22,"turns":7},{"damage":7,"enemies":"Sentry and Sphere","floor":24,"turns":5},{"damage":4,"enemies":"Chosen and Byrds","floor":25,"turns":6},{"damage":8,"enemies":"Snake Plant","floor":27,"turns":4},{"damage":19,"enemies":"Cultist and Chosen","floor":28,"turns":6},{"damage":31,"enemies":"Gremlin Leader","floor":30,"turns":6},{"damage":16,"enemies":"Sentry and Sphere","floor":31,"turns":5},{"damage":50,"enemies":"Collector","floor":33,"turns":5}],"seed_played":"-7688040251989777341","potions_obtained":[{"floor":1,"key":"SteroidPotion"},{"floor":5,"key":"Fire Potion"},{"floor":8,"key":"FairyPotion"},{"floor":16,"key":"Block Potion"},{"floor":18,"key":"SteroidPotion"},{"floor":19,"key":"Dexterity Potion"},{"floor":24,"key":"Fire Potion"}],"is_trial":false,"path_per_floor":["M","M","M","?","M","R","E","M","T","E","R","?","M","M","R","B",null,"M","?","M","$","M","R","M","M","T","M","M","R","E","M","R","B"],"character_chosen":"IRONCLAD","items_purchased":["Shuriken","Havoc"],"campfire_rested":3,"item_purchase_floors":[21,21],"current_hp_per_floor":[72,73,73,73,70,80,48,51,51,29,29,17,9,15,40,8,67,68,52,47,47,40,40,39,41,41,39,30,58,33,26,26,0],"gold":286,"neow_bonus":"HUNDRED_GOLD","is_prod":false,"is_daily":false,"chose_seed":false,"campfire_upgraded":3,"win_rate":0,"timestamp":1549141281,"path_taken":["M","M","M","?","M","R","E","M","T","E","R","?","?","M","R","BOSS","M","?","M","$","M","R","M","M","T","M","M","R","E","M","R","BOSS"],"build_version":"2019-01-23","purchased_purges":1,"victory":false,"max_hp_per_floor":[80,80,80,80,80,80,80,83,83,83,83,83,86,86,86,86,86,89,92,92,92,92,92,92,92,92,92,96,96,96,99,99,99],"card_choices":[{"not_picked":["Sword Boomerang","Clash"],"picked":"Flame Barrier","floor":1},{"not_picked":["Flex","Pummel"],"picked":"Armaments","floor":2},{"not_picked":["Entrench","Body Slam","Rupture"],"picked":"SKIP","floor":3},{"not_picked":["Warcry","Thunderclap"],"picked":"Pommel Strike","floor":5},{"not_picked":["Wild Strike","Dropkick"],"picked":"Feed","floor":7},{"not_picked":["Twin Strike","Armaments"],"picked":"Shrug It Off","floor":8},{"not_picked":["Bloodletting","Heavy Blade"],"picked":"Intimidate","floor":10},{"not_picked":["Bloodletting","Intimidate"],"picked":"Twin Strike","floor":13},{"not_picked":["Battle Trance","Dark Embrace"],"picked":"Clothesline","floor":14},{"not_picked":["Offering","Dark Embrace"],"picked":"Immolate","floor":16},{"not_picked":[],"picked":"Headbutt","floor":18},{"not_picked":[],"picked":"Anger+1","floor":19},{"not_picked":["Perfected Strike"],"picked":"SKIP","floor":20},{"not_picked":["Headbutt+1"],"picked":"SKIP","floor":22},{"not_picked":["Wild Strike"],"picked":"SKIP","floor":24},{"not_picked":[],"picked":"Battle Trance","floor":25},{"not_picked":["Perfected Strike+1"],"picked":"SKIP","floor":27},{"not_picked":["Clash"],"picked":"SKIP","floor":28},{"not_picked":["Shrug It Off"],"picked":"SKIP","floor":30},{"not_picked":["Havoc"],"picked":"SKIP","floor":31}],"player_experience":432337,"relics_obtained":[{"floor":7,"key":"Ornamental Fan"},{"floor":9,"key":"Darkstone Periapt"},{"floor":10,"key":"Self Forming Clay"},{"floor":19,"key":"Red Mask"},{"floor":26,"key":"Bottled Lightning"},{"floor":30,"key":"Blue Candle"}],"event_choices":[{"damage_healed":0,"gold_gain":0,"player_choice":"Ignored","damage_taken":0,"max_hp_gain":0,"max_hp_loss":0,"event_name":"Liars Game","floor":4,"gold_loss":0},{"damage_healed":0,"gold_gain":0,"player_choice":"Success","damage_taken":12,"relics_obtained":["Omamori"],"max_hp_gain":0,"max_hp_loss":0,"event_name":"Scrap Ooze","floor":12,"gold_loss":0},{"damage_healed":0,"gold_gain":0,"player_choice":"Fought Bandits","damage_taken":0,"max_hp_gain":0,"max_hp_loss":0,"event_name":"Masked Bandits","floor":19,"gold_loss":0}],"is_beta":false,"boss_relics":[{"not_picked":["Sozu","Calling Bell"],"picked":"Busted Crown"}],"items_purged_floors":[21],"is_endless":false,"potions_floor_spawned":[1,5,8,16,18,19,24,27],"killed_by":"Collector","ascension_level":10}