{"gold_per_floor":[12,12,26,201,80,107,107,137,218,218,11,23,81,95,95,171,171,185,42,58,58,58,91,91,117,117,144,162,162,174,174,174,174],"floor_reached":33,"playtime":2517,"items_purged":["Doubt","Strike_G"],"score":571,"play_id":"3219b9ba-ab0b-4433-99c9-f131d6a43af2","local_time":"20190124222719","is_ascension_mode":true,"campfire_choices":[{"floor":7,"key":"REST"},{"floor":10,"key":"REST"},{"floor":15,"key":"REST"},{"floor":24,"key":"REST"},{"floor":29,"key":"REST"},{"floor":32,"key":"REST"}],"neow_cost":"NO_GOLD","seed_source_timestamp":189039746210513,"circlet_count":0,"master_deck":["AscendersBane","Defend_G","Defend_G","Defend_G","Defend_G","Defend_G","Survivor","Neutralize","Deflect","Adrenaline","Bane","Slice","Finisher","Predator","Poisoned Stab","Blur","Footwork","PiercingWail","Envenom","Poisoned Stab","Noxious Fumes","Poisoned Stab","Leg Sweep","Bite","Bite","Bite","Bite","Bite","Catalyst","Finisher","Cloak And Dagger","Dodge and Roll+1","Footwork"],"relics":["Ring of the Snake","Bag of Marbles","Smiling Mask","Shuriken","Membership Card","Tiny Chest","Fusion Hammer","Dead Branch","Bronze Scales","Bottled Flame","Lantern"],"potions_floor_usage":[6,16,16,23,27,33,33],"damage_taken":[{"damage":0,"enemies":"Jaw Worm","floor":1,"turns":6},{"damage":0,"enemies":"Cultist","floor":3,"turns":5},{"damage":37,"enemies":"Lagavulin","floor":6,"turns":9},{"damage":35,"enemies":"Gremlin Nob","floor":8,"turns":4},{"damage":3,"enemies":"Small Slimes","floor":12,"turns":2},{"damage":17,"enemies":"Lagavulin","floor":13,"turns":7},{"damage":13,"enemies":"Exordium Thugs","floor":14,"turns":6},{"damage":32,"enemies":"The Guardian","floor":16,"turns":18},{"damage":1,"enemies":"3 Byrds","floor":18,"turns":7},{"damage":0,"enemies":"Chosen","floor":20,"turns":3},{"damage":32,"enemies":"Gremlin Leader","floor":23,"turns":6},{"damage":46,"enemies":"Book of Stabbing","floor":25,"turns":6},{"damage":10,"enemies":"Gremlin Leader","floor":27,"turns":6},{"damage":6,"enemies":"Centurion and Healer","floor":28,"turns":4},{"damage":12,"enemies":"Snake Plant","floor":30,"turns":3},{"damage":81,"enemies":"Automaton","floor":33,"turns":6}],"seed_played":"-2854591266141609424","potions_obtained":[{"floor":1,"key":"SkillPotion"},{"floor":12,"key":"FearPotion"},{"floor":14,"key":"PowerPotion"},{"floor":25,"key":"PowerPotion"},{"floor":27,"key":"FearPotion"},{"floor":28,"key":"PowerPotion"}],"is_trial":false,"path_per_floor":["M","?","M","?","$","E","R","E","T","R","$","M","E","M","R","B",null,"M","$","M","?","?","E","R","E","T","E","M","R","M","?","R","B"],"character_chosen":"THE_SILENT","items_purchased":["Slice","Membership Card","Poisoned Stab","Noxious Fumes","Poisoned Stab","FearPotion"],"campfire_rested":6,"item_purchase_floors":[5,11,11,19,19,19],"current_hp_per_floor":[71,71,71,71,71,34,57,22,22,45,45,42,25,12,35,3,59,58,58,58,54,54,25,41,3,3,5,5,21,13,4,20,0],"gold":174,"neow_bonus":"TWENTY_PERCENT_HP_BONUS","is_prod":false,"is_daily":false,"chose_seed":false,"campfire_upgraded":0,"win_rate":0,"timestamp":1548390439,"path_taken":["M","?","?","?","$","E","R","E","T","R","?","?","E","M","R","BOSS","M","$","M","?","?","E","R","E","T","E","M","R","M","?","R","BOSS"],"build_version":"2019-01-23","purchased_purges":2,"victory":false,"max_hp_per_floor":[78,78,78,78,78,78,78,78,78,78,78,78,78,78,78,78,78,78,78,78,54,54,54,54,54,54,54,54,54,54,54,54,54],"card_choices":[{"not_picked":["Expertise","Outmaneuver"],"picked":"Deflect","floor":1},{"not_picked":["Expertise","Prepared"],"picked":"Bane","floor":3},{"not_picked":["Tactician","Setup"],"picked":"Finisher","floor":6},{"not_picked":["Dodge and Roll","Blur"],"picked":"Predator","floor":8},{"not_picked":["Underhanded Strike","Bane"],"picked":"Blur","floor":12},{"not_picked":["PiercingWail","Heel Hook"],"picked":"Footwork","floor":13},{"not_picked":["Masterful Stab","Bane"],"picked":"PiercingWail","floor":14},{"not_picked":["Glass Knife","Corpse Explosion"],"picked":"Envenom","floor":16},{"not_picked":["Deadly Poison","Sucker Punch"],"picked":"Poisoned Stab","floor":18},{"not_picked":["Dagger Throw+1","Heel Hook"],"picked":"Leg Sweep","floor":20},{"not_picked":["Setup","Bane"],"picked":"Finisher","floor":23},{"not_picked":["Deadly Poison","Slice"],"picked":"Cloak And Dagger","floor":25},{"not_picked":["Deflect","Dagger Throw"],"picked":"Dodge and Roll+1","floor":27},{"not_picked":["Quick Slash","Dagger Throw"],"picked":"Footwork","floor":28},{"not_picked":["Deflect","Dodge and Roll","Heel Hook"],"picked":"SKIP","floor":30}],"player_experience":549156,"relics_obtained":[{"floor":6,"key":"Bag of Marbles"},{"floor":8,"key":"Smiling Mask"},{"floor":9,"key":"Shuriken"},{"floor":13,"key":"Tiny Chest"},{"floor":23,"key":"Dead Branch"},{"floor":25,"key":"Bronze Scales"},{"floor":26,"key":"Bottled Flame"},{"floor":27,"key":"Lantern"}],"event_choices":[{"damage_healed":0,"gold_gain":0,"cards_transformed":["Strike_G"],"player_choice":"Transformed","damage_taken":0,"max_hp_gain":0,"max_hp_loss":0,"event_name":"Transmorgrifier","floor":2,"gold_loss":0,"cards_obtained":["Adrenaline"]},{"damage_healed":0,"gold_gain":175,"player_choice":"AGREE","damage_taken":0,"max_hp_gain":0,"max_hp_loss":0,"event_name":"Liars Game","floor":4,"gold_loss":0,"cards_obtained":["Doubt"]},{"damage_healed":0,"gold_gain":0,"player_choice":"Became a vampire","damage_taken":0,"max_hp_gain":0,"max_hp_loss":24,"event_name":"Vampires","floor":21,"gold_loss":0,"cards_obtained":["Bite","Bite","Bite","Bite","Bite"]},{"damage_healed":0,"gold_gain":0,"player_choice":"Read","damage_taken":0,"max_hp_gain":0,"max_hp_loss":0,"event_name":"The Library","floor":22,"gold_loss":0,"cards_obtained":["Catalyst"]},{"damage_healed":0,"gold_gain":0,"player_choice":"Stopped","damage_taken":9,"max_hp_gain":0,"max_hp_loss":0,"event_name":"Cursed Tome","floor":31,"gold_loss":0}],"is_beta":false,"boss_relics":[{"not_picked":["Eternal Feather","White Beast Statue"],"picked":"Fusion Hammer"}],"items_purged_floors":[5,19],"is_endless":false,"potions_floor_spawned":[1,12,14,25,27,28,30],"killed_by":"Automaton","ascension_level":14}