{"gold_per_floor":[17,17,37,49,67,67,96,96,96,96,96,113,113,124,124,124],"floor_reached":16,"playtime":1377,"items_purged":[],"score":102,"play_id":"61c66786-cd39-4c9a-bc7c-835ca3ef9cd0","local_time":"20190124115709","is_ascension_mode":false,"campfire_choices":[{"data":"Adrenaline","floor":6,"key":"SMITH"},{"floor":8,"key":"REST"},{"data":"Terror","floor":11,"key":"SMITH"},{"data":"Cloak And Dagger","floor":15,"key":"SMITH"}],"neow_cost":"NO_GOLD","seed_source_timestamp":316597962601335,"circlet_count":0,"master_deck":["Defend_G","Defend_G+1","Defend_G","Defend_G","Defend_G+1","Strike_G","Strike_G","Strike_G","Survivor","Neutralize+1","Adrenaline+1","Flechettes+1","Expertise","Terror+1","PiercingWail+1","Cloak And Dagger+1","Expertise","Prepared"],"relics":["Ring of the Snake","War Paint","Pantograph"],"potions_floor_usage":[16,16],"damage_taken":[{"damage":0,"enemies":"Cultist","floor":1,"turns":3},{"damage":0,"enemies":"Jaw Worm","floor":3,"turns":4},{"damage":0,"enemies":"Small Slimes","floor":4,"turns":3},{"damage":0,"enemies":"Exordium Wildlife","floor":5,"turns":2},{"damage":44,"enemies":"Gremlin Nob","floor":7,"turns":6},{"damage":0,"enemies":"Blue Slaver","floor":12,"turns":4},{"damage":0,"enemies":"Looter","floor":14,"turns":2},{"damage":72,"enemies":"Slime Boss","floor":16,"turns":16}],"seed_played":"-63751170898615767","potions_obtained":[{"floor":4,"key":"Swift Potion"},{"floor":7,"key":"GamblersBrew"},{"floor":12,"key":"EssenceOfSteel"},{"floor":14,"key":"GhostInAJar"}],"is_trial":false,"path_per_floor":["M","?","M","M","M","R","E","R","T","?","R","M","?","M","R","B"],"character_chosen":"THE_SILENT","items_purchased":[],"campfire_rested":1,"item_purchase_floors":[],"current_hp_per_floor":[70,56,56,56,56,56,12,33,33,56,56,56,56,56,56,0],"gold":124,"neow_bonus":"TRANSFORM_TWO_CARDS","is_prod":false,"is_daily":false,"chose_seed":false,"campfire_upgraded":3,"win_rate":0,"timestamp":1548359829,"path_taken":["M","?","M","M","M","R","E","R","T","?","R","M","?","M","R","BOSS"],"build_version":"2019-01-23","purchased_purges":0,"victory":false,"max_hp_per_floor":[70,70,70,70,70,70,70,70,70,70,70,70,70,70,70,70],"card_choices":[{"not_picked":["Dagger Spray","Flying Knee","Masterful Stab"],"picked":"SKIP","floor":1},{"not_picked":["Blade Dance","Outmaneuver"],"picked":"Expertise","floor":3},{"not_picked":["Slice","Sucker Punch"],"picked":"Terror","floor":4},{"not_picked":["Flying Knee","Quick Slash"],"picked":"PiercingWail","floor":5},{"not_picked":["Die Die Die","Quick Slash"],"picked":"Cloak And Dagger","floor":7},{"not_picked":["Underhanded Strike","Flechettes"],"picked":"Expertise","floor":12},{"not_picked":["Bouncing Flask","Masterful Stab"],"picked":"Prepared","floor":14}],"player_experience":117894,"relics_obtained":[{"floor":7,"key":"War Paint"},{"floor":9,"key":"Pantograph"}],"event_choices":[{"damage_healed":0,"gold_gain":0,"player_choice":"Entered Light","damage_taken":14,"max_hp_gain":0,"max_hp_loss":0,"event_name":"Shining Light","floor":2,"gold_loss":0,"cards_upgraded":["Neutralize","Defend_G"]},{"damage_healed":23,"gold_gain":0,"player_choice":"Banana","damage_taken":0,"max_hp_gain":0,"max_hp_loss":0,"event_name":"Big Fish","floor":10,"gold_loss":0},{"damage_healed":0,"gold_gain":0,"player_choice":"Upgraded","damage_taken":0,"max_hp_gain":0,"max_hp_loss":0,"event_name":"Upgrade Shrine","floor":13,"gold_loss":0,"cards_upgraded":["Flechettes"]}],"is_beta":false,"boss_relics":[],"items_purged_floors":[],"is_endless":false,"potions_floor_spawned":[4,7,12,14],"killed_by":"Slime Boss","ascension_level":0}