{"gold_per_floor":[118,136,136,136,161,161,181,151,230,230,305,305,319,21,21,144,144,168,21,21,36,36,36,67,87,87,87,61,61,22,22,22,143,143,158,158,158,176,10,53,53,53,105,105,123,141,141,174,174,174],"floor_reached":51,"playtime":3302,"items_purged":[],"score":1032,"play_id":"ce744e6d-33c5-4384-99fc-ea3569696719","local_time":"20180922135406","is_ascension_mode":true,"campfire_choices":[{"data":"Cloak And Dagger","floor":6,"key":"SMITH"},{"data":"Accuracy","floor":10,"key":"SMITH"},{"data":"Infinite Blades","floor":12,"key":"SMITH"},{"data":"Discovery","floor":15,"key":"SMITH"},{"data":"Corpse Explosion","floor":23,"key":"SMITH"},{"floor":27,"key":"REST"},{"data":"Blade Dance","floor":29,"key":"SMITH"},{"floor":32,"key":"REST"},{"data":"Footwork","floor":42,"key":"SMITH"},{"data":"Infinite Blades","floor":44,"key":"SMITH"},{"floor":47,"key":"REST"},{"data":"After Image","floor":49,"key":"SMITH"}],"neow_cost":"NONE","seed_source_timestamp":15048659698996,"circlet_count":0,"master_deck":["Defend_G","Defend_G","Defend_G","Defend_G","Defend_G","Strike_G","Strike_G","Strike_G","Survivor","Neutralize","Corpse Explosion+1","Dodge and Roll","PiercingWail","Accuracy+1","Cloak And Dagger+1","Infinite Blades+1","Escape Plan","Discovery+1","Die Die Die","Cloak And Dagger+1","Adrenaline","Cloak And Dagger+1","Blade Dance+1","PiercingWail","Footwork+1","After Image+1","Cloak And Dagger","PiercingWail","Terror","Backflip+1","Prepared+1","Infinite Blades+1","Backstab","Slice","Madness","Madness","After Image+1","Escape Plan"],"relics":["Ring of the Snake","Golden Idol","Ninja Scroll","TwistedFunnel","WristBlade","Anchor","Dodecahedron","PreservedInsect","Orrery","Prayer Wheel","Ancient Tea Set","Molten Egg 2"],"potions_floor_usage":[16,16,24,24,25,33,50,50],"damage_taken":[{"damage":0,"enemies":"2 Louse","floor":1,"turns":3},{"damage":1,"enemies":"Jaw Worm","floor":2,"turns":5},{"damage":4,"enemies":"Small Slimes","floor":5,"turns":5},{"damage":1,"enemies":"Looter","floor":7,"turns":5},{"damage":2,"enemies":"3 Louse","floor":13,"turns":3},{"damage":2,"enemies":"Hexaghost","floor":16,"turns":10},{"damage":0,"enemies":"3 Byrds","floor":18,"turns":1},{"damage":8,"enemies":"Colosseum Slavers","floor":20,"turns":4},{"damage":8,"enemies":"Shell Parasite","floor":21,"turns":3},{"damage":8,"enemies":"Book of Stabbing","floor":24,"turns":4},{"damage":26,"enemies":"Snecko","floor":25,"turns":4},{"damage":8,"enemies":"Collector","floor":33,"turns":8},{"damage":0,"enemies":"Orb Walker","floor":35,"turns":4},{"damage":2,"enemies":"3 Darklings","floor":38,"turns":2},{"damage":0,"enemies":"2 Orb Walkers","floor":40,"turns":4},{"damage":12,"enemies":"Maw","floor":45,"turns":5},{"damage":0,"enemies":"Reptomancer","floor":46,"turns":7},{"damage":0,"enemies":"Giant Head","floor":48,"turns":5},{"damage":19,"enemies":"Donu and Deca","floor":50,"turns":10}],"seed_played":"4243368217141255755","potions_obtained":[{"floor":2,"key":"FearPotion"},{"floor":7,"key":"GhostInAJar"},{"floor":8,"key":"GhostInAJar"},{"floor":13,"key":"Dexterity Potion"},{"floor":21,"key":"Strength Potion"},{"floor":22,"key":"Swift Potion"},{"floor":24,"key":"Regen Potion"},{"floor":45,"key":"EssenceOfSteel"},{"floor":46,"key":"AttackPotion"}],"is_trial":false,"path_per_floor":["M","M","?","?","M","R","M","?","T","R","?","R","M","$","R","B",null,"M","$","?","M","?","R","E","M","T","R","$","R","$","T","R","B",null,"M","?","?","M","$","E","?","R","T","R","M","M","R","E","R","B"],"character_chosen":"THE_SILENT","items_purchased":["TwistedFunnel","Discovery","Adrenaline","PiercingWail","Footwork","Infinite Blades","Backstab","Energy Potion"],"campfire_rested":3,"item_purchase_floors":[14,14,19,28,30,39,39,39],"current_hp_per_floor":[63,62,62,45,41,41,40,40,40,40,29,29,27,27,27,25,59,59,59,51,43,43,43,35,21,21,42,42,42,42,42,63,55,66,66,66,66,64,64,64,55,55,55,55,43,43,64,64,64,45],"gold":174,"neow_bonus":"ONE_RANDOM_RARE_CARD","is_prod":false,"is_daily":false,"chose_seed":false,"campfire_upgraded":9,"win_rate":0,"timestamp":1537642446,"path_taken":["M","M","?","?","M","R","M","?","T","R","?","R","?","$","R","BOSS","M","$","?","M","?","R","E","M","T","R","?","R","$","?","R","BOSS","M","?","?","M","$","E","?","R","T","R","M","?","R","E","R","BOSS"],"build_version":"2018-09-20","purchased_purges":0,"victory":true,"max_hp_per_floor":[70,70,70,70,70,70,70,70,70,70,70,70,70,70,70,70,70,70,70,70,70,70,70,70,70,70,70,70,70,70,70,70,70,70,70,70,70,70,70,70,70,70,70,70,70,70,70,70,70,70],"card_choices":[{"not_picked":["Underhanded Strike","Heel Hook"],"picked":"Dodge and Roll","floor":1},{"not_picked":["Skewer","Flying Knee"],"picked":"PiercingWail","floor":2},{"not_picked":["Terror","Backstab"],"picked":"Cloak And Dagger","floor":5},{"not_picked":["Dagger Throw","Flying Knee"],"picked":"Infinite Blades","floor":7},{"not_picked":["Dagger Spray","Tactician"],"picked":"Escape Plan","floor":13},{"not_picked":["Bullet Time","Unload"],"picked":"Die Die Die","floor":16},{"not_picked":["Outmaneuver","Dodge and Roll"],"picked":"Cloak And Dagger+1","floor":18},{"not_picked":["Leg Sweep","Bullet Time"],"picked":"Cloak And Dagger+1","floor":21},{"not_picked":["Deadly Poison","Underhanded Strike","Prepared"],"picked":"SKIP","floor":24},{"not_picked":["Acrobatics","Deflect"],"picked":"Blade Dance","floor":25},{"not_picked":["Doppelganger","A Thousand Cuts"],"picked":"After Image","floor":33},{"not_picked":["Flying Knee","Deadly Poison"],"picked":"Cloak And Dagger","floor":34},{"not_picked":["Dagger Spray+1","Sucker Punch+1"],"picked":"PiercingWail","floor":34},{"not_picked":["Dash","Calculated Gamble+1"],"picked":"Terror","floor":34},{"not_picked":["Flying Knee+1","Blade Dance"],"picked":"Backflip+1","floor":34},{"not_picked":["Catalyst","Acrobatics"],"picked":"Prepared+1","floor":34},{"not_picked":["Flying Knee","Sucker Punch","Calculated Gamble+1"],"picked":"SKIP","floor":35},{"not_picked":["Calculated Gamble","Dagger Throw+1","Quick Slash+1"],"picked":"SKIP","floor":38},{"not_picked":["Acrobatics+1","Dagger Spray+1"],"picked":"Slice","floor":40},{"not_picked":["Concentrate","Skewer"],"picked":"After Image","floor":45},{"not_picked":["Deadly Poison+1","Skewer","Eviscerate"],"picked":"SKIP","floor":45},{"not_picked":["Masterful Stab","Flechettes","Outmaneuver"],"picked":"SKIP","floor":46},{"not_picked":["Underhanded Strike+1","Poisoned Stab","Prepared"],"picked":"SKIP","floor":46},{"not_picked":["Bouncing Flask+1","Blade Dance"],"picked":"Escape Plan","floor":48}],"player_experience":353691,"relics_obtained":[{"floor":9,"key":"Ninja Scroll"},{"floor":24,"key":"Anchor"},{"floor":26,"key":"Dodecahedron"},{"floor":31,"key":"PreservedInsect"},{"floor":40,"key":"Prayer Wheel"},{"floor":43,"key":"Ancient Tea Set"},{"floor":48,"key":"Molten Egg 2"}],"event_choices":[{"event_name":"Living Wall","player_choice":"Change","floor":3,"damage_taken":0},{"event_name":"Golden Idol","player_choice":"Take Damage","floor":4,"damage_taken":0},{"event_name":"The Woman in Blue","player_choice":"Bought 2 Potions","floor":8,"damage_taken":0},{"event_name":"World of Goop","player_choice":"Gather Gold","floor":11,"damage_taken":0},{"event_name":"Colosseum","player_choice":"Fight","floor":20,"damage_taken":0},{"event_name":"Colosseum","player_choice":"Fled From Nobs","floor":20,"damage_taken":0},{"event_name":"The Lab","player_choice":"Got Potions","floor":22,"damage_taken":0},{"event_name":"Falling","player_choice":"Removed Attack","floor":36,"damage_taken":0},{"event_name":"Upgrade Shrine","player_choice":"Upgraded","floor":37,"damage_taken":0},{"event_name":"Winding Halls","player_choice":"Embrace Madness","floor":41,"damage_taken":0}],"is_beta":false,"boss_relics":[{"not_picked":["HoveringKite","Sozu"],"picked":"WristBlade"},{"not_picked":["Runic Pyramid","Coffee Dripper"],"picked":"Orrery"}],"items_purged_floors":[],"is_endless":false,"potions_floor_spawned":[2,7,13,21,24,45,46],"ascension_level":7}