{"gold_per_floor":[111,111,111,111,286,313,323,338,420,434,434,448,463,479,479,581,581,591,591,591,591,591,591,605,50,50,4,4,4,30,41,41,140,190,206,220,220,220,70,70,70,70,96,107,107,120,167,185,185,185],"floor_reached":51,"playtime":2047,"items_purged":["Doubt"],"score":690,"play_id":"4917dabe-176a-40c5-b686-ba309b5ee85e","local_time":"20181129201317","is_ascension_mode":false,"campfire_choices":[{"floor":11,"key":"REST"},{"floor":15,"key":"REST"},{"floor":23,"key":"REST"},{"data":"Footwork","floor":29,"key":"SMITH"},{"floor":32,"key":"REST"},{"data":"Accuracy","floor":40,"key":"SMITH"},{"floor":45,"key":"REST"},{"data":"Caltrops","floor":49,"key":"SMITH"}],"neow_cost":"NONE","seed_source_timestamp":448927783305310,"circlet_count":0,"master_deck":["Defend_G+1","Defend_G+1","Defend_G+1","Defend_G+1","Defend_G+1","Strike_G+1","Strike_G+1","Strike_G+1","Strike_G+1","Survivor+1","Neutralize+1","Corpse Explosion+1","Cloak And Dagger+1","Backstab+1","Prepared+1","Terror+1","Well Laid Plans+1","Leg Sweep+1","Infinite Blades+1","Venomology+1","Die Die Die+1","Escape Plan+1","Footwork+1","Cloak And Dagger+1","Footwork+1","Die Die Die+1","Backflip+1","Accuracy+1","Cloak And Dagger+1","After Image+1","Blade Dance+1","Caltrops+1","Backflip+1"],"relics":["Ring of the Snake","Dream Catcher","Boot","Paper Crane","Lizard Tail","Mummified Hand","Gremlin Horn","MutagenicStrength","Pen Nib","Tiny House","Happy Flower","Mark of the Bloom","Lantern","Centennial Puzzle"],"potions_floor_usage":[6,10,16,18,18,18,31,33,33,33,44,46,50,50,50],"damage_taken":[{"damage":2,"enemies":"Small Slimes","floor":1,"turns":4},{"damage":44,"enemies":"Lagavulin","floor":6,"turns":8},{"damage":0,"enemies":"Jaw Worm","floor":7,"turns":4},{"damage":0,"enemies":"Cultist","floor":8,"turns":3},{"damage":3,"enemies":"2 Fungi Beasts","floor":10,"turns":2},{"damage":0,"enemies":"3 Louse","floor":12,"turns":2},{"damage":0,"enemies":"Looter","floor":13,"turns":3},{"damage":0,"enemies":"Exordium Wildlife","floor":14,"turns":2},{"damage":25,"enemies":"Hexaghost","floor":16,"turns":10},{"damage":8,"enemies":"2 Thieves","floor":18,"turns":4},{"damage":16,"enemies":"Colosseum Slavers","floor":22,"turns":5},{"damage":8,"enemies":"3 Byrds","floor":24,"turns":3},{"damage":3,"enemies":"Book of Stabbing","floor":30,"turns":8},{"damage":6,"enemies":"Snake Plant","floor":31,"turns":5},{"damage":26,"enemies":"Automaton","floor":33,"turns":15},{"damage":0,"enemies":"Orb Walker","floor":35,"turns":3},{"damage":20,"enemies":"3 Darklings","floor":36,"turns":3},{"damage":0,"enemies":"Sphere and 2 Shapes","floor":44,"turns":3},{"damage":0,"enemies":"Transient","floor":46,"turns":5},{"damage":20,"enemies":"Writhing Mass","floor":48,"turns":4},{"damage":30,"enemies":"Awakened One","floor":50,"turns":23}],"seed_played":"7538693704497170709","potions_obtained":[{"floor":1,"key":"FearPotion"},{"floor":8,"key":"SteroidPotion"},{"floor":14,"key":"LiquidBronze"},{"floor":16,"key":"Weak Potion"},{"floor":30,"key":"GamblersBrew"},{"floor":34,"key":"Explosive Potion"},{"floor":36,"key":"Strength Potion"}],"is_trial":false,"path_per_floor":["M","?","?","?","?","E","M","M","T","M","R","M","M","M","R","B",null,"M","?","?","?","?","R","M","$","T","$","?","R","E","M","R","B",null,"M","M","$","?","$","R","?","?","T","M","R","M","T","M","R","B",null],"character_chosen":"THE_SILENT","items_purchased":["Footwork","Die Die Die","Mummified Hand","Backflip","Happy Flower"],"campfire_rested":5,"item_purchase_floors":[25,25,25,27,39],"current_hp_per_floor":[68,68,68,56,56,12,12,12,12,9,30,30,30,30,51,26,70,62,62,62,49,33,55,47,47,47,47,47,47,44,38,60,34,80,80,60,60,60,60,60,60,60,60,60,60,60,60,40,40,10],"gold":185,"neow_bonus":"ONE_RANDOM_RARE_CARD","is_prod":false,"is_daily":false,"chose_seed":false,"campfire_upgraded":3,"win_rate":0,"timestamp":1543543997,"path_taken":["M","?","?","?","?","E","M","?","T","M","R","M","M","M","R","BOSS","M","?","?","?","?","R","M","$","T","?","?","R","E","M","R","BOSS","M","M","$","?","$","R","?","?","T","?","R","M","?","M","R","BOSS"],"build_version":"2018-11-15","purchased_purges":1,"victory":true,"max_hp_per_floor":[70,70,70,70,70,70,70,70,70,70,70,70,70,70,70,70,70,70,70,70,75,75,75,75,75,75,75,75,75,75,75,75,75,80,80,80,80,80,80,80,80,80,80,80,80,80,80,80,80,80],"card_choices":[{"not_picked":["Escape Plan","Dodge and Roll"],"picked":"Cloak And Dagger","floor":1},{"not_picked":["Crippling Poison","Deflect"],"picked":"Prepared","floor":6},{"not_picked":["Cloak And Dagger","Distraction"],"picked":"Terror","floor":7},{"not_picked":["Finisher","Heel Hook","Bane"],"picked":"SKIP","floor":8},{"not_picked":["Bane","Underhanded Strike"],"picked":"Well Laid Plans","floor":10},{"not_picked":["Sucker Punch","Blur"],"picked":"Leg Sweep","floor":11},{"not_picked":["Dodge and Roll","Blur"],"picked":"Infinite Blades","floor":12},{"not_picked":["Riddle With Holes","Masterful Stab","Deflect"],"picked":"SKIP","floor":13},{"not_picked":["Outmaneuver","Calculated Gamble","Sucker Punch"],"picked":"SKIP","floor":14},{"not_picked":["Bane","Deflect"],"picked":"Venomology","floor":15},{"not_picked":["Bullet Time","Tools of the Trade"],"picked":"Die Die Die","floor":16},{"not_picked":["Backflip","Expertise"],"picked":"Escape Plan+1","floor":18},{"not_picked":["Reflex","Dodge and Roll"],"picked":"Cloak And Dagger","floor":23},{"not_picked":["Prepared+1","Flying Knee","Sucker Punch"],"picked":"SKIP","floor":24},{"not_picked":["PiercingWail+1","Infinite Blades"],"picked":"Accuracy","floor":30},{"not_picked":["After Image","Deadly Poison+1"],"picked":"Cloak And Dagger","floor":31},{"not_picked":["Poisoned Stab","Blur"],"picked":"Blade Dance","floor":32},{"not_picked":["Corpse Explosion","Unload"],"picked":"After Image","floor":33},{"not_picked":["Prepared+1","Quick Slash","Deadly Poison+1"],"picked":"SKIP","floor":35},{"not_picked":["Cloak And Dagger","Prepared+1","Deflect+1"],"picked":"SKIP","floor":36},{"not_picked":["PiercingWail+1","Storm of Steel"],"picked":"Blade Dance+1","floor":44},{"not_picked":["Dodge and Roll","Dagger Spray+1"],"picked":"Caltrops","floor":46},{"not_picked":["Catalyst","Bane+1"],"picked":"Backflip+1","floor":48}],"player_experience":47856,"relics_obtained":[{"floor":6,"key":"Boot"},{"floor":9,"key":"Paper Crane"},{"floor":26,"key":"Gremlin Horn"},{"floor":30,"key":"Pen Nib"},{"floor":43,"key":"Lantern"},{"floor":47,"key":"Centennial Puzzle"}],"event_choices":[{"damage_healed":0,"gold_gain":0,"player_choice":"Leave","damage_taken":0,"max_hp_gain":0,"max_hp_loss":0,"event_name":"The Cleric","floor":2,"gold_loss":0},{"damage_healed":0,"gold_gain":0,"cards_transformed":["Strike_G"],"player_choice":"Change","damage_taken":0,"max_hp_gain":0,"max_hp_loss":0,"event_name":"Living Wall","floor":3,"gold_loss":0,"cards_obtained":["Backstab"]},{"damage_healed":0,"gold_gain":0,"player_choice":"Success","damage_taken":12,"relics_obtained":["Dream Catcher"],"max_hp_gain":0,"max_hp_loss":0,"event_name":"Scrap Ooze","floor":4,"gold_loss":0},{"damage_healed":0,"gold_gain":175,"player_choice":"AGREE","damage_taken":0,"max_hp_gain":0,"max_hp_loss":0,"event_name":"Liars Game","floor":5,"gold_loss":0,"cards_obtained":["Doubt"]},{"damage_healed":0,"gold_gain":0,"player_choice":"Read","damage_taken":0,"max_hp_gain":0,"max_hp_loss":0,"event_name":"The Library","floor":19,"gold_loss":0,"cards_obtained":["Footwork"]},{"damage_healed":0,"gold_gain":0,"player_choice":"Ignored","damage_taken":0,"max_hp_gain":0,"max_hp_loss":0,"event_name":"Beggar","floor":20,"gold_loss":0},{"damage_healed":0,"gold_gain":0,"player_choice":"Shed Blood","damage_taken":18,"max_hp_gain":5,"max_hp_loss":0,"event_name":"Forgotten Altar","floor":21,"gold_loss":0},{"damage_healed":0,"gold_gain":0,"player_choice":"Fight","damage_taken":0,"max_hp_gain":0,"max_hp_loss":0,"event_name":"Colosseum","floor":22,"gold_loss":0},{"damage_healed":0,"gold_gain":0,"player_choice":"Fled From Nobs","damage_taken":0,"max_hp_gain":0,"max_hp_loss":0,"event_name":"Colosseum","floor":22,"gold_loss":0},{"damage_healed":0,"gold_gain":0,"player_choice":"Inject Mutagens","damage_taken":0,"relics_obtained":["MutagenicStrength"],"max_hp_gain":0,"max_hp_loss":0,"event_name":"Drug Dealer","floor":28,"gold_loss":0},{"damage_healed":0,"gold_gain":0,"player_choice":"Ignored","damage_taken":0,"max_hp_gain":0,"max_hp_loss":0,"event_name":"Tomb of Lord Red Mask","floor":38,"gold_loss":0},{"cards_removed":["Blade Dance"],"damage_healed":0,"gold_gain":0,"player_choice":"Removed Skill","damage_taken":0,"max_hp_gain":0,"max_hp_loss":0,"event_name":"Falling","floor":41,"gold_loss":0},{"damage_healed":0,"gold_gain":0,"player_choice":"Upgrade","damage_taken":0,"relics_obtained":["Mark of the Bloom"],"max_hp_gain":0,"max_hp_loss":0,"event_name":"MindBloom","floor":42,"gold_loss":0,"cards_upgraded":["Defend_G","Defend_G","Defend_G","Defend_G","Defend_G","Strike_G","Strike_G","Strike_G","Strike_G","Survivor","Neutralize","Corpse Explosion","Cloak And Dagger","Backstab","Prepared","Terror","Well Laid Plans","Leg Sweep","Infinite Blades","Venomology","Footwork","Cloak And Dagger","Die Die Die","Backflip","Cloak And Dagger","After Image"]}],"is_beta":true,"boss_relics":[{"not_picked":["Velvet Choker","Busted Crown"],"picked":"Lizard Tail"},{"not_picked":["Runic Dome","Snecko Eye"],"picked":"Tiny House"}],"items_purged_floors":[25],"is_endless":false,"potions_floor_spawned":[1,8,14,16,30,31,36,48],"ascension_level":0}