{"gold_per_floor":[111,111,127,143,143,143,171,171,248,248,260,260,260],"floor_reached":13,"playtime":297,"items_purged":[],"score":162,"play_id":"9176aef4-f92f-4794-9fa5-3746f6ac0698","local_time":"20191001214350","is_ascension_mode":true,"campfire_choices":[{"data":"Coolheaded","floor":6.0,"key":"SMITH"},{"floor":8.0,"key":"REST"}],"neow_cost":"NONE","seed_source_timestamp":793910826999000,"circlet_count":0,"master_deck":["AscendersBane","Strike_B","Strike_B+1","Strike_B","Strike_B","Defend_B","Defend_B","Defend_B","Defend_B","Zap+1","Dualcast","Coolheaded+1","Capacitor","Compile Driver","Gash","Barrage+1"],"special_seed":0,"relics":["Cracked Core","Vajra","Cables","Shuriken"],"potions_floor_usage":[],"damage_taken":[{"damage":7.0,"enemies":"Cultist","floor":1.0,"turns":4.0},{"damage":7.0,"enemies":"2 Louse","floor":3.0,"turns":2.0},{"damage":3.0,"enemies":"Small Slimes","floor":4.0,"turns":4.0},{"damage":22.0,"enemies":"Lagavulin","floor":7.0,"turns":8.0},{"damage":6.0,"enemies":"Looter","floor":11.0,"turns":2.0},{"damage":39,"enemies":"Gremlin Nob","floor":13,"turns":3}],"seed_played":"-5524275424918965835","potions_obtained":[{"floor":7.0,"key":"Ancient Potion"}],"is_trial":false,"path_per_floor":["M","?","M","M","?","R","E","R","T","?","M","?","E"],"character_chosen":"DEFECT","items_purchased":[],"campfire_rested":1,"item_purchase_floors":[],"current_hp_per_floor":[57,46,39,36,41,41,19,41,41,41,35,12,0],"gold":260,"neow_bonus":"UPGRADE_CARD","is_prod":false,"is_daily":false,"chose_seed":false,"campfire_upgraded":1,"win_rate":0,"timestamp":1569933830,"path_taken":["M","?","M","M","?","R","E","R","T","?","M","?","E"],"build_version":"2019-07-17","purchased_purges":0,"victory":false,"max_hp_per_floor":[71,71,71,71,76,76,76,76,76,76,76,76,76],"card_choices":[{"not_picked":["Redo","Beam Cell"],"picked":"Coolheaded","floor":1.0},{"not_picked":["Amplify","Turbo"],"picked":"Capacitor","floor":3.0},{"not_picked":["Stack","Beam Cell"],"picked":"Compile Driver","floor":4.0},{"not_picked":["Skim","Leap"],"picked":"Gash","floor":7.0},{"not_picked":["Turbo","Chaos"],"picked":"Barrage","floor":11.0}],"player_experience":543552,"relics_obtained":[{"floor":7.0,"key":"Cables"},{"floor":9.0,"key":"Shuriken"}],"event_choices":[{"damage_healed":0.0,"max_hp_gain":0.0,"max_hp_loss":0.0,"gold_gain":0.0,"event_name":"Scrap Ooze","player_choice":"Success","floor":2.0,"gold_loss":0.0,"damage_taken":11.0,"relics_obtained":["Vajra"]},{"damage_healed":0.0,"max_hp_gain":5.0,"max_hp_loss":0.0,"gold_gain":0.0,"event_name":"Big Fish","player_choice":"Donut","floor":5.0,"gold_loss":0.0,"damage_taken":0.0},{"damage_healed":0.0,"max_hp_gain":0.0,"max_hp_loss":0.0,"gold_gain":0.0,"event_name":"Liars Game","player_choice":"Ignored","floor":10.0,"gold_loss":0.0,"damage_taken":0.0},{"damage_healed":0.0,"max_hp_gain":0.0,"max_hp_loss":0.0,"gold_gain":0.0,"event_name":"Shining Light","player_choice":"Entered Light","floor":12.0,"gold_loss":0.0,"damage_taken":23.0,"cards_upgraded":["Strike_B","Barrage"]}],"is_beta":false,"boss_relics":[],"items_purged_floors":[],"is_endless":false,"potions_floor_spawned":[7],"killed_by":"Gremlin Nob","ascension_level":19}