{"gold_per_floor":[365,385,96,108,120,147,147,147,225,250,250,95,121,138,138,138],"floor_reached":16,"playtime":521,"items_purged":[],"score":192,"play_id":"59338957-bf83-4114-914d-47f1e3c5cb1b","local_time":"20191025215954","is_ascension_mode":true,"campfire_choices":[{"floor":7.0,"key":"REST"},{"floor":11.0,"key":"REST"},{"data":"Uppercut","floor":15.0,"key":"SMITH"}],"neow_cost":"TEN_PERCENT_HP_LOSS","seed_source_timestamp":101518472116300,"circlet_count":0,"master_deck":["AscendersBane","Strike_R","Strike_R","Strike_R","Strike_R","Strike_R","Defend_R","Defend_R","Defend_R","Defend_R","Bash","Uppercut+1","Sever Soul","Thunderclap","True Grit","Fire Breathing","Pommel Strike"],"special_seed":0,"relics":["Burning Blood","Torii","Turnip","SsserpentHead","Self Forming Clay","Omamori","Bronze Scales","CaptainsWheel"],"potions_floor_usage":[],"damage_taken":[{"damage":10.0,"enemies":"Small Slimes","floor":1.0,"turns":3.0},{"damage":6.0,"enemies":"Cultist","floor":2.0,"turns":4.0},{"damage":13.0,"enemies":"Jaw Worm","floor":4.0,"turns":4.0},{"damage":44.0,"enemies":"Exordium Thugs","floor":5.0,"turns":7.0},{"damage":19.0,"enemies":"Gremlin Nob","floor":6.0,"turns":5.0},{"damage":32.0,"enemies":"3 Sentries","floor":10.0,"turns":9.0},{"damage":25.0,"enemies":"Gremlin Nob","floor":13.0,"turns":4.0},{"damage":0.0,"enemies":"Large Slime","floor":14.0,"turns":6.0},{"damage":27,"enemies":"Hexaghost","floor":16,"turns":9}],"seed_played":"4618235910703068856","potions_obtained":[{"floor":1.0,"key":"HeartOfIron"},{"floor":4.0,"key":"Dexterity Potion"},{"floor":5.0,"key":"Regen Potion"}],"is_trial":false,"path_per_floor":["M","M","$","M","M","E","R","?","T","E","R","$","E","M","R","B"],"character_chosen":"IRONCLAD","items_purchased":["Torii","Bronze Scales","Strength Potion"],"campfire_rested":2,"item_purchase_floors":[3,12,12],"current_hp_per_floor":[68,68,68,61,23,24,45,45,45,19,40,40,21,27,27,0],"gold":138,"neow_bonus":"TWO_FIFTY_GOLD","is_prod":false,"is_daily":false,"chose_seed":false,"campfire_upgraded":1,"win_rate":0,"timestamp":1572033594,"path_taken":["M","M","$","M","M","E","R","?","T","E","R","?","E","M","R","BOSS"],"build_version":"2019-10-25-V2","purchased_purges":0,"victory":false,"max_hp_per_floor":[72,72,72,72,72,72,72,72,72,72,72,72,72,72,72,72],"card_choices":[{"not_picked":["Sever Soul","Iron Wave"],"picked":"Uppercut","floor":1.0},{"not_picked":["Infernal Blade","Rage"],"picked":"Sever Soul","floor":2.0},{"not_picked":["Twin Strike","Clothesline"],"picked":"Thunderclap","floor":4.0},{"not_picked":["Twin Strike","Iron Wave"],"picked":"True Grit","floor":5.0},{"not_picked":["Corruption","Body Slam","Anger"],"picked":"SKIP","floor":6.0},{"not_picked":["Rupture","Feel No Pain"],"picked":"Fire Breathing","floor":10.0},{"not_picked":["Rage","Warcry"],"picked":"Pommel Strike","floor":13.0},{"not_picked":["Uppercut","Flex","Cleave"],"picked":"SKIP","floor":14.0}],"player_experience":521337,"relics_obtained":[{"floor":6.0,"key":"Turnip"},{"floor":9.0,"key":"Self Forming Clay"},{"floor":10.0,"key":"Omamori"},{"floor":13.0,"key":"CaptainsWheel"}],"event_choices":[{"damage_healed":0.0,"max_hp_gain":0.0,"max_hp_loss":0.0,"gold_gain":0.0,"event_name":"FaceTrader","player_choice":"Trade","floor":8.0,"gold_loss":0.0,"damage_taken":0.0,"relics_obtained":["SsserpentHead"]}],"is_beta":true,"boss_relics":[],"items_purged_floors":[],"is_endless":false,"potions_floor_spawned":[1,4,5],"killed_by":"Hexaghost","ascension_level":12}