{"gold_per_floor":[112,62,76,96,106,106,132,132,132,132,151,151,167,47,47,124,124,140,159,177,192,192,222,222,233,233,233,252,270,301,321,321,397,397,412,437,33,49,49,49,84,84,131,146,179,179,196,207,207,207],"floor_reached":51,"playtime":3494,"items_purged":["Strike_G","Strike_G"],"score":1226,"play_id":"06a76666-5880-4412-9fad-32ba17411bc3","local_time":"20191022142241","is_ascension_mode":true,"campfire_choices":[{"data":"Glass Knife","floor":6,"key":"SMITH"},{"floor":10,"key":"REST"},{"data":"Burst","floor":12,"key":"SMITH"},{"data":"Footwork","floor":15,"key":"SMITH"},{"floor":24,"key":"REST"},{"data":"Leg Sweep","floor":27,"key":"SMITH"},{"floor":32,"key":"REST"},{"floor":40,"key":"REST"},{"floor":42,"key":"REST"},{"floor":49,"key":"REST"}],"neow_cost":"NONE","seed_source_timestamp":257524961161200,"circlet_count":0,"master_deck":["AscendersBane","Defend_G","Defend_G","Defend_G","Defend_G","Defend_G","Survivor+1","Neutralize","Glass Knife+1","Quick Slash","Leg Sweep+1","Tactician","Burst+1","Endless Agony+1","Sucker Punch+1","Footwork+1","Dodge and Roll+1","Malaise+1","Cloak And Dagger+1","Heel Hook+1","Dagger Spray+1","Deadly Poison+1","Deadly Poison+1","Prepared+1","Blade Dance+1","Deflect+1","Corpse Explosion+1","Noxious Fumes","Well Laid Plans+1","Catalyst+1","Heel Hook+1","Dodge and Roll+1"],"relics":["Ring of the Serpent","Molten Egg 2","Toxic Egg 2","Black Star","Sundial","Centennial Puzzle","Kunai","Snake Skull","Matryoshka","Tingsha","Nunchaku","Calipers","Paper Crane","Mummified Hand","MealTicket","Strawberry","PreservedInsect"],"potions_floor_usage":[16,20,29,33],"damage_taken":[{"damage":0,"enemies":"2 Louse","floor":1,"turns":3},{"damage":0,"enemies":"Cultist","floor":3,"turns":3},{"damage":5,"enemies":"Small Slimes","floor":4,"turns":4},{"damage":6,"enemies":"2 Fungi Beasts","floor":5,"turns":4},{"damage":31,"enemies":"3 Sentries","floor":7,"turns":10},{"damage":7,"enemies":"Exordium Wildlife","floor":11,"turns":5},{"damage":0,"enemies":"Looter","floor":13,"turns":2},{"damage":14,"enemies":"The Guardian","floor":16,"turns":21},{"damage":1,"enemies":"Chosen","floor":18,"turns":10},{"damage":0,"enemies":"Shell Parasite","floor":19,"turns":11},{"damage":9,"enemies":"Centurion and Healer","floor":20,"turns":12},{"damage":3,"enemies":"Cultist and Chosen","floor":21,"turns":10},{"damage":14,"enemies":"Book of Stabbing","floor":23,"turns":7},{"damage":9,"enemies":"Snake Plant","floor":25,"turns":5},{"damage":2,"enemies":"Snecko","floor":28,"turns":5},{"damage":8,"enemies":"3 Cultists","floor":29,"turns":5},{"damage":20,"enemies":"Slavers","floor":30,"turns":7},{"damage":4,"enemies":"Snake Plant","floor":31,"turns":6},{"damage":45,"enemies":"Champ","floor":33,"turns":20},{"damage":0,"enemies":"3 Shapes","floor":35,"turns":5},{"damage":4,"enemies":"Mind Bloom Boss Battle","floor":36,"turns":8},{"damage":18,"enemies":"3 Darklings","floor":38,"turns":2},{"damage":28,"enemies":"Nemesis","floor":41,"turns":11},{"damage":1,"enemies":"Transient","floor":44,"turns":5},{"damage":20,"enemies":"Reptomancer","floor":45,"turns":7},{"damage":14,"enemies":"Spire Growth","floor":47,"turns":4},{"damage":8,"enemies":"Jaw Worm Horde","floor":48,"turns":5},{"damage":13,"enemies":"Time Eater","floor":50,"turns":8}],"seed_played":"-7506790131177827302","potions_obtained":[{"floor":5,"key":"Ancient Potion"},{"floor":13,"key":"FearPotion"},{"floor":16,"key":"GamblersBrew"},{"floor":18,"key":"Regen Potion"},{"floor":23,"key":"Regen Potion"},{"floor":29,"key":"AttackPotion"},{"floor":41,"key":"GamblersBrew"}],"is_trial":false,"path_per_floor":["M","?","M","M","M","R","E","?","T","R","M","R","M","$","R","B",null,"M","M","M","M","?","E","R","M","T","R","M","M","E","M","R","B",null,"M","?","$","M","?","R","E","R","T","M","E","?","M","M","R","B",null],"character_chosen":"THE_SILENT","items_purchased":["Dodge and Roll+1","Nunchaku"],"campfire_rested":6,"item_purchase_floors":[14,37],"current_hp_per_floor":[63,63,63,58,52,52,21,21,21,42,35,35,35,35,35,21,58,57,57,63,60,60,46,67,58,58,58,56,62,42,38,59,14,56,56,52,52,34,34,55,27,48,48,47,34,67,53,45,65,52],"gold":207,"neow_bonus":"TRANSFORM_CARD","is_prod":false,"is_daily":false,"chose_seed":false,"campfire_upgraded":4,"win_rate":0,"timestamp":1571721761,"path_taken":["M","?","M","M","M","R","E","?","T","R","M","R","M","$","R","BOSS","M","M","M","M","?","E","R","?","T","R","M","M","E","M","R","BOSS","M","?","$","M","?","R","E","R","T","?","E","?","M","M","R","BOSS"],"build_version":"2019-10-21","purchased_purges":2,"victory":true,"max_hp_per_floor":[70,70,70,70,70,70,70,70,70,70,70,70,70,70,70,70,70,70,70,70,70,70,70,70,70,70,70,70,70,70,70,70,70,70,70,70,70,70,70,70,70,70,70,70,77,67,67,67,67,67],"card_choices":[{"not_picked":["Poisoned Stab","Blade Dance"],"picked":"Quick Slash","floor":1},{"not_picked":["Underhanded Strike","Bane"],"picked":"Leg Sweep","floor":3},{"not_picked":["Prepared","Blade Dance"],"picked":"Tactician","floor":4},{"not_picked":["Blur","Poisoned Stab"],"picked":"Burst","floor":5},{"not_picked":["Eviscerate","Accuracy"],"picked":"Endless Agony","floor":7},{"not_picked":["Underhanded Strike+1","Reflex+1"],"picked":"Sucker Punch+1","floor":11},{"not_picked":["Sucker Punch+1","Dagger Spray+1"],"picked":"Footwork","floor":13},{"not_picked":["Storm of Steel+1","Die Die Die+1"],"picked":"Malaise+1","floor":16},{"not_picked":["Flying Knee+1","Noxious Fumes"],"picked":"Cloak And Dagger+1","floor":18},{"not_picked":["Backflip+1","Tactician+1"],"picked":"Heel Hook+1","floor":19},{"not_picked":["Flying Knee+1","Dagger Throw+1"],"picked":"Dagger Spray+1","floor":20},{"not_picked":["Backflip+1","Outmaneuver+1"],"picked":"Deadly Poison+1","floor":21},{"not_picked":["Blade Dance+1","Dagger Spray+1"],"picked":"Deadly Poison+1","floor":23},{"not_picked":["Quick Slash+1","Acrobatics+1"],"picked":"Prepared+1","floor":25},{"not_picked":["Dagger Throw+1","After Image"],"picked":"Blade Dance+1","floor":28},{"not_picked":["Flying Knee+1","PiercingWail+1"],"picked":"Deflect+1","floor":29},{"not_picked":["Predator+1","Slice+1","Dash+1"],"picked":"SKIP","floor":30},{"not_picked":["Slice+1","Distraction+1","Dagger Spray+1"],"picked":"SKIP","floor":31},{"not_picked":["Malaise+1","Burst+1"],"picked":"Corpse Explosion+1","floor":33},{"not_picked":["Finisher+1","Underhanded Strike+1"],"picked":"Noxious Fumes","floor":35},{"not_picked":["Outmaneuver+1","Acrobatics+1"],"picked":"Well Laid Plans+1","floor":36},{"not_picked":["Masterful Stab+1","Sucker Punch+1","Dagger Spray+1"],"picked":"SKIP","floor":38},{"not_picked":["Sucker Punch+1","Backflip+1"],"picked":"Catalyst+1","floor":41},{"not_picked":["Choke+1","Deflect+1"],"picked":"Heel Hook+1","floor":44},{"not_picked":["Prepared+1","Slice+1"],"picked":"Dodge and Roll+1","floor":45},{"not_picked":["Deflect+1","Poisoned Stab+1","Heel Hook+1"],"picked":"SKIP","floor":47},{"not_picked":["Noxious Fumes","Concentrate+1","Dagger Spray+1"],"picked":"SKIP","floor":48}],"player_experience":712860,"relics_obtained":[{"floor":7,"key":"Molten Egg 2"},{"floor":9,"key":"Toxic Egg 2"},{"floor":23,"key":"Sundial"},{"floor":23,"key":"Centennial Puzzle"},{"floor":26,"key":"Kunai"},{"floor":30,"key":"Snake Skull"},{"floor":30,"key":"Matryoshka"},{"floor":36,"key":"Tingsha"},{"floor":41,"key":"Calipers"},{"floor":41,"key":"Paper Crane"},{"floor":43,"key":"Mummified Hand"},{"floor":43,"key":"MealTicket"},{"floor":45,"key":"Strawberry"},{"floor":45,"key":"PreservedInsect"}],"event_choices":[{"cards_removed":["Strike_G"],"damage_healed":0,"gold_gain":0,"player_choice":"Card Removal","damage_taken":0,"max_hp_gain":0,"max_hp_loss":0,"event_name":"The Cleric","floor":2,"gold_loss":50},{"cards_removed":["Strike_G"],"damage_healed":0,"gold_gain":0,"player_choice":"Card Removal","damage_taken":0,"max_hp_gain":0,"max_hp_loss":0,"event_name":"Wheel of Change","floor":8,"gold_loss":0},{"damage_healed":0,"gold_gain":0,"player_choice":"Forge","damage_taken":0,"max_hp_gain":0,"max_hp_loss":0,"event_name":"Accursed Blacksmith","floor":22,"gold_loss":0,"cards_upgraded":["Survivor"]},{"damage_healed":0,"gold_gain":0,"player_choice":"Fight","damage_taken":0,"max_hp_gain":0,"max_hp_loss":0,"event_name":"MindBloom","floor":36,"gold_loss":0},{"damage_healed":0,"gold_gain":0,"player_choice":"Ignored","damage_taken":0,"max_hp_gain":0,"max_hp_loss":0,"event_name":"SecretPortal","floor":39,"gold_loss":0},{"damage_healed":67,"gold_gain":0,"player_choice":"Heal","damage_taken":0,"max_hp_gain":0,"max_hp_loss":10,"event_name":"The Moai Head","floor":46,"gold_loss":0}],"is_beta":true,"boss_relics":[{"not_picked":["Velvet Choker","Coffee Dripper"],"picked":"Black Star"},{"not_picked":["HoveringKite","Cursed Key"],"picked":"Ring of the Serpent"}],"items_purged_floors":[14,37],"is_endless":false,"potions_floor_spawned":[5,13,16,18,19,23,29,30,41,44,45],"ascension_level":13}