{"gold_per_floor":[118,118,118,133,163,197,212,212,265,265,293,70,85,105,105,210,210,228,228,328,340,38,38,65,65,90,109,127,127,152,169,169,273,273,286,303,121,121,133,159,159,188,263,278,298,73,90,437,437,437],"floor_reached":51,"playtime":2925,"items_purged":["Strike_R"],"score":1059,"play_id":"adfdcf4e-27bc-4dd1-bac4-9862f531c0ad","local_time":"20190611103453","is_ascension_mode":true,"campfire_choices":[{"data":"Bash","floor":8.0,"key":"SMITH"},{"data":"Warcry","floor":10.0,"key":"SMITH"},{"data":"Spot Weakness","floor":15.0,"key":"SMITH"},{"data":"Strike_R","floor":23.0,"key":"PURGE"},{"data":"Strike_R+1","floor":25.0,"key":"PURGE"},{"data":"Strike_R","floor":32.0,"key":"PURGE"},{"floor":41.0,"key":"REST"},{"floor":49.0,"key":"REST"}],"neow_cost":"NONE","seed_source_timestamp":0,"circlet_count":0,"master_deck":["Strike_R","Defend_R","Defend_R","Defend_R","Defend_R","Bash+1","Clothesline+1","Hemokinesis","Reaper","Warcry+1","Iron Wave","Spot Weakness+1","Sword Boomerang","Exhume","Metallicize+1","Shrug It Off","Fiend Fire","Ghostly Armor","Limit Break","Metallicize+1","Feel No Pain","Impervious","Battle Trance+1","Injury","Entrench","Shrug It Off+1","Heavy Blade"],"special_seed":0,"relics":["Burning Blood","NeowsBlessing","Tiny Chest","Matryoshka","Boot","Strawberry","Peace Pipe","Anchor","Fusion Hammer","Calipers","Blue Candle","Brimstone","PreservedInsect","Oddly Smooth Stone","Bronze Scales","Juzu Bracelet","Bag of Preparation","Cursed Key","Happy Flower","Art of War","Bottled Lightning","Old Coin"],"potions_floor_usage":[50,50,50],"damage_taken":[{"damage":0.0,"enemies":"2 Louse","floor":1.0,"turns":1.0},{"damage":0.0,"enemies":"Jaw Worm","floor":4.0,"turns":1.0},{"damage":0.0,"enemies":"Lagavulin","floor":6.0,"turns":1.0},{"damage":3.0,"enemies":"Cultist","floor":7.0,"turns":2.0},{"damage":41.0,"enemies":"3 Sentries","floor":11.0,"turns":7.0},{"damage":9.0,"enemies":"Exordium Wildlife","floor":13.0,"turns":4.0},{"damage":4.0,"enemies":"3 Louse","floor":14.0,"turns":3.0},{"damage":53.0,"enemies":"The Guardian","floor":16.0,"turns":11.0},{"damage":23.0,"enemies":"Spheric Guardian","floor":18.0,"turns":4.0},{"damage":19.0,"enemies":"Colosseum Slavers","floor":20.0,"turns":4.0},{"damage":22.0,"enemies":"Colosseum Nobs","floor":20.0,"turns":4.0},{"damage":8.0,"enemies":"Chosen","floor":21.0,"turns":5.0},{"damage":31.0,"enemies":"Slavers","floor":24.0,"turns":6.0},{"damage":5.0,"enemies":"Snake Plant","floor":27.0,"turns":3.0},{"damage":11.0,"enemies":"Cultist and Chosen","floor":28.0,"turns":3.0},{"damage":8.0,"enemies":"Gremlin Leader","floor":30.0,"turns":3.0},{"damage":38.0,"enemies":"Centurion and Healer","floor":31.0,"turns":5.0},{"damage":77.0,"enemies":"Collector","floor":33.0,"turns":9.0},{"damage":2.0,"enemies":"Orb Walker","floor":35.0,"turns":3.0},{"damage":13.0,"enemies":"3 Shapes","floor":36.0,"turns":4.0},{"damage":0.0,"enemies":"Maw","floor":39.0,"turns":4.0},{"damage":51.0,"enemies":"Reptomancer","floor":40.0,"turns":4.0},{"damage":22.0,"enemies":"Nemesis","floor":42.0,"turns":5.0},{"damage":4.0,"enemies":"Sphere and 2 Shapes","floor":44.0,"turns":5.0},{"damage":26.0,"enemies":"3 Darklings","floor":45.0,"turns":4.0},{"damage":6.0,"enemies":"Jaw Worm Horde","floor":47.0,"turns":3.0},{"damage":82.0,"enemies":"2 Orb Walkers","floor":48.0,"turns":6.0},{"damage":1,"enemies":"Time Eater","floor":50,"turns":5}],"seed_played":"-2519632052106220759","potions_obtained":[{"floor":4.0,"key":"Swift Potion"},{"floor":7.0,"key":"Energy Potion"},{"floor":11.0,"key":"PowerPotion"},{"floor":20.0,"key":"SteroidPotion"},{"floor":21.0,"key":"Dexterity Potion"},{"floor":24.0,"key":"AttackPotion"},{"floor":31.0,"key":"GamblersBrew"},{"floor":35.0,"key":"Poison Potion"},{"floor":39.0,"key":"Dexterity Potion"},{"floor":44.0,"key":"Energy Potion"}],"is_trial":false,"path_per_floor":["M","?","?","M","?","E","M","R","T","R","E","$","M","M","R","B",null,"M","?","?","M","$","R","E","R","T","M","M","T","E","M","R","B",null,"M","M","$","?","M","E","R","E","T","M","M","$","M","?","R","B",null],"character_chosen":"IRONCLAD","items_purchased":["Spot Weakness","Anchor","Shrug It Off","Brimstone","Explosive Potion","Feel No Pain","Impervious","Strength Potion","Heavy Blade","PowerPotion"],"campfire_rested":2,"item_purchase_floors":[12,12,22,22,22,37,37,46,46,46],"current_hp_per_floor":[80,85,68,74,67,73,76,76,83,83,53,53,50,62,62,15,73,56,56,51,54,54,54,50,50,50,51,74,74,72,70,70,31,77,81,89,89,89,92,47,74,64,64,89,92,92,92,16,43,92],"gold":437,"neow_bonus":"THREE_ENEMY_KILL","is_prod":false,"is_daily":false,"chose_seed":false,"campfire_upgraded":3,"win_rate":0,"timestamp":1560242093,"path_taken":["M","?","?","M","?","E","M","R","T","R","E","?","?","M","R","BOSS","M","?","?","M","$","R","E","R","T","M","M","?","E","M","R","BOSS","M","M","$","?","M","E","R","E","T","M","M","$","M","?","R","BOSS"],"build_version":"2019-01-23","purchased_purges":1,"victory":true,"max_hp_per_floor":[80,85,85,85,85,85,85,85,92,92,92,92,92,92,92,92,92,92,92,92,92,92,92,92,92,92,92,92,92,92,92,92,92,92,92,92,92,92,92,92,92,92,92,92,92,92,92,92,92,92],"card_choices":[{"not_picked":["Clash","Entrench"],"picked":"Clothesline","floor":1.0},{"not_picked":["Disarm","Blood for Blood"],"picked":"Hemokinesis","floor":4.0},{"not_picked":["Exhume","Armaments"],"picked":"Reaper","floor":6.0},{"not_picked":["Flex","Heavy Blade"],"picked":"Warcry","floor":7.0},{"not_picked":["Brutality","Sever Soul"],"picked":"Iron Wave","floor":11.0},{"not_picked":["Headbutt","Evolve","Twin Strike"],"picked":"SKIP","floor":13.0},{"not_picked":["Warcry","Reckless Charge"],"picked":"Sword Boomerang","floor":14.0},{"not_picked":["Reaper","Immolate"],"picked":"Exhume","floor":16.0},{"not_picked":["Cleave+1","Body Slam","Infernal Blade"],"picked":"SKIP","floor":18.0},{"not_picked":["Havoc","Heavy Blade"],"picked":"Disarm+1","floor":20.0},{"not_picked":["Power Through","Reckless Charge+1"],"picked":"Metallicize+1","floor":21.0},{"not_picked":["Sword Boomerang","Wild Strike"],"picked":"Fiend Fire","floor":24.0},{"not_picked":["Clothesline","Headbutt","Thunderclap"],"picked":"SKIP","floor":27.0},{"not_picked":["Heavy Blade","Clothesline","Dual Wield"],"picked":"SKIP","floor":28.0},{"not_picked":["Twin Strike","Warcry"],"picked":"Ghostly Armor","floor":30.0},{"not_picked":["Whirlwind","Flex","Infernal Blade"],"picked":"SKIP","floor":31.0},{"not_picked":["Exhume","Juggernaut"],"picked":"Limit Break","floor":33.0},{"not_picked":["Thunderclap","Anger+1"],"picked":"Metallicize+1","floor":35.0},{"not_picked":["Disarm","Heavy Blade","Corruption+1"],"picked":"SKIP","floor":36.0},{"not_picked":["Combust","Perfected Strike"],"picked":"Battle Trance+1","floor":39.0},{"not_picked":["Whirlwind+1","Feel No Pain","Second Wind+1"],"picked":"SKIP","floor":40.0},{"not_picked":["True Grit","Warcry","Hemokinesis"],"picked":"SKIP","floor":42.0},{"not_picked":["Armaments+1","Feel No Pain"],"picked":"Entrench","floor":44.0},{"not_picked":["Rupture","Sword Boomerang"],"picked":"Shrug It Off+1","floor":45.0},{"not_picked":["Rampage","Intimidate","Combust+1"],"picked":"SKIP","floor":47.0}],"player_experience":195164,"relics_obtained":[{"floor":6.0,"key":"Matryoshka"},{"floor":9.0,"key":"Boot"},{"floor":9.0,"key":"Strawberry"},{"floor":11.0,"key":"Peace Pipe"},{"floor":20.0,"key":"Calipers"},{"floor":20.0,"key":"Blue Candle"},{"floor":24.0,"key":"PreservedInsect"},{"floor":26.0,"key":"Oddly Smooth Stone"},{"floor":26.0,"key":"Bronze Scales"},{"floor":29.0,"key":"Juzu Bracelet"},{"floor":30.0,"key":"Bag of Preparation"},{"floor":40.0,"key":"Happy Flower"},{"floor":42.0,"key":"Art of War"},{"floor":43.0,"key":"Bottled Lightning"},{"floor":48.0,"key":"Old Coin"}],"event_choices":[{"damage_healed":0.0,"max_hp_gain":5.0,"max_hp_loss":0.0,"gold_gain":0.0,"event_name":"Big Fish","player_choice":"Donut","floor":2.0,"gold_loss":0.0,"damage_taken":0.0},{"damage_healed":0.0,"max_hp_gain":0.0,"max_hp_loss":0.0,"gold_gain":0.0,"event_name":"Shining Light","player_choice":"Entered Light","floor":3.0,"gold_loss":0.0,"damage_taken":17.0,"cards_upgraded":["Clothesline","Strike_R"]},{"damage_healed":0.0,"max_hp_gain":0.0,"max_hp_loss":0.0,"gold_gain":0.0,"event_name":"Scrap Ooze","player_choice":"Success","floor":5.0,"gold_loss":0.0,"damage_taken":7.0,"relics_obtained":["Tiny Chest"]},{"damage_healed":0.0,"max_hp_gain":0.0,"max_hp_loss":0.0,"gold_gain":0.0,"event_name":"Vampires","player_choice":"Ignored","floor":19.0,"gold_loss":0.0,"damage_taken":0.0},{"damage_healed":0.0,"max_hp_gain":0.0,"max_hp_loss":0.0,"gold_gain":0.0,"event_name":"Colosseum","player_choice":"Fight","floor":20.0,"gold_loss":0.0,"damage_taken":0.0},{"damage_healed":0.0,"max_hp_gain":0.0,"max_hp_loss":0.0,"gold_gain":0.0,"event_name":"Colosseum","player_choice":"Fought Nobs","floor":20.0,"gold_loss":0.0,"damage_taken":0.0},{"cards_removed":["Disarm"],"damage_healed":0.0,"max_hp_gain":0.0,"max_hp_loss":0.0,"gold_gain":0.0,"event_name":"Falling","player_choice":"Removed Skill","floor":38.0,"gold_loss":0.0,"damage_taken":0.0},{"damage_healed":0.0,"max_hp_gain":0.0,"max_hp_loss":0.0,"gold_gain":0.0,"event_name":"Mysterious Sphere","player_choice":"Fight","floor":48.0,"gold_loss":0.0,"damage_taken":0.0}],"is_beta":false,"boss_relics":[{"not_picked":["Coffee Dripper","Astrolabe"],"picked":"Fusion Hammer"},{"not_picked":["Black Star","Black Blood"],"picked":"Cursed Key"}],"items_purged_floors":[46],"is_endless":false,"potions_floor_spawned":[4,7,11,20,21,24,28,31,35,39,44,45],"ascension_level":5}