{"gold_per_floor":[109,184,73,92,111,111,145,145,145,162,162,162,162,175,175,273,273,283,299,299,310,310],"floor_reached":22,"playtime":802,"items_purged":["Strike_G"],"score":279,"play_id":"39269ca9-2b68-4ee8-98c9-a1e74a5dda93","local_time":"20190429194610","is_ascension_mode":true,"campfire_choices":[{"data":"Noxious Fumes","floor":6,"key":"SMITH"},{"floor":11,"key":"REST"},{"floor":15,"key":"REST"}],"neow_cost":"NONE","seed_source_timestamp":1645279760435770,"circlet_count":0,"master_deck":["AscendersBane","Defend_G","Defend_G","Defend_G","Defend_G","Defend_G","Strike_G","Strike_G+1","Strike_G","Strike_G","Survivor","Neutralize","Quick Slash","Noxious Fumes+1","Cloak And Dagger","Cloak And Dagger+1","Adrenaline","Cloak And Dagger"],"special_seed":0,"relics":["Ring of the Serpent","Shovel","Frozen Egg 2"],"potions_floor_usage":[16,16,16],"damage_taken":[{"damage":0.0,"enemies":"2 Louse","floor":1.0,"turns":3.0},{"damage":0,"enemies":"Small Slimes","floor":4,"turns":3},{"damage":0,"enemies":"Jaw Worm","floor":5,"turns":4},{"damage":29,"enemies":"Lagavulin","floor":7,"turns":8},{"damage":7,"enemies":"3 Louse","floor":10,"turns":4},{"damage":3,"enemies":"Exordium Wildlife","floor":14,"turns":4},{"damage":47,"enemies":"Slime Boss","floor":16,"turns":12},{"damage":7,"enemies":"Chosen","floor":18,"turns":6},{"damage":3,"enemies":"Shell Parasite","floor":19,"turns":8},{"damage":17,"enemies":"Centurion and Healer","floor":21,"turns":8},{"damage":33,"enemies":"Shelled Parasite and Fungi","floor":22,"turns":8}],"seed_played":"-6196045579570827303","potions_obtained":[{"floor":7,"key":"LiquidBronze"},{"floor":10,"key":"SteroidPotion"},{"floor":14,"key":"Swift Potion"},{"floor":21,"key":"GamblersBrew"}],"is_trial":false,"path_per_floor":["M","?","$","M","M","R","E","?","T","M","R","?","?","M","R","B",null,"M","M","?","M","M"],"character_chosen":"THE_SILENT","items_purchased":["Noxious Fumes"],"campfire_rested":2,"item_purchase_floors":[3],"current_hp_per_floor":[70,59,59,59,59,59,30,30,30,23,46,51,35,32,56,9,64,57,54,54,37,4],"gold":310,"neow_bonus":"TEN_PERCENT_HP_BONUS","is_prod":false,"is_daily":false,"chose_seed":false,"campfire_upgraded":1,"win_rate":0,"timestamp":1556559970,"path_taken":["M","?","$","M","M","R","E","?","T","M","R","?","?","?","R","BOSS","M","M","?","M","M"],"build_version":"2019-01-23","purchased_purges":1,"victory":false,"max_hp_per_floor":[77,77,77,77,77,77,77,77,77,77,77,82,82,82,82,82,82,82,82,82,82,82],"card_choices":[{"not_picked":["Outmaneuver","Terror"],"picked":"Quick Slash","floor":1.0},{"not_picked":["Tactician","Eviscerate"],"picked":"Cloak And Dagger","floor":4},{"not_picked":["Blade Dance","Deadly Poison","Flying Knee"],"picked":"SKIP","floor":5},{"not_picked":["Grand Finale","Flechettes","Backstab"],"picked":"SKIP","floor":7},{"not_picked":["Backstab","Dodge and Roll"],"picked":"Cloak And Dagger","floor":10},{"not_picked":["Reflex","PiercingWail","Distraction"],"picked":"SKIP","floor":14},{"not_picked":["Malaise","Storm of Steel"],"picked":"Adrenaline","floor":16},{"not_picked":["Backstab","Dodge and Roll","Poisoned Stab"],"picked":"SKIP","floor":18},{"not_picked":["Dagger Throw","Prepared","Blade Dance"],"picked":"SKIP","floor":19},{"not_picked":["Riddle With Holes","Blade Dance+1"],"picked":"Cloak And Dagger","floor":21}],"player_experience":443669,"relics_obtained":[{"floor":7,"key":"Shovel"},{"floor":9,"key":"Frozen Egg 2"}],"event_choices":[{"damage_healed":0.0,"max_hp_gain":0.0,"max_hp_loss":0.0,"gold_gain":75.0,"event_name":"World of Goop","player_choice":"Gather Gold","floor":2.0,"gold_loss":0.0,"damage_taken":11.0},{"damage_healed":0,"gold_gain":0,"player_choice":"Ignored","damage_taken":0,"max_hp_gain":0,"max_hp_loss":0,"event_name":"Liars Game","floor":8,"gold_loss":0},{"damage_healed":0,"gold_gain":0,"player_choice":"Donut","damage_taken":0,"max_hp_gain":5,"max_hp_loss":0,"event_name":"Big Fish","floor":12,"gold_loss":0},{"damage_healed":0,"gold_gain":0,"player_choice":"Entered Light","damage_taken":16,"max_hp_gain":0,"max_hp_loss":0,"event_name":"Shining Light","floor":13,"gold_loss":0,"cards_upgraded":["Strike_G","Cloak And Dagger"]},{"damage_healed":0,"gold_gain":0,"player_choice":"Ignored","damage_taken":0,"max_hp_gain":0,"max_hp_loss":0,"event_name":"Vampires","floor":20,"gold_loss":0}],"is_beta":false,"boss_relics":[{"not_picked":["HoveringKite","White Beast Statue"],"picked":"Ring of the Serpent"}],"items_purged_floors":[3],"is_endless":false,"potions_floor_spawned":[7,10,14,21],"killed_by":"Shelled Parasite and Fungi","ascension_level":10}