{"gold_per_floor":[112,112,131,149,106,140,140,164,164,164,179,195,195,211,211,313,313,327,357,357,242,262,262,290,290,290,328,352,364,376,303,315,431,443,466,578,47,61,61,61,73,73,73,73,90,125,143,162,162,162],"floor_reached":50,"playtime":1539,"items_purged":["Strike_R","Strike_R"],"score":536,"play_id":"1903fa6e-542f-45a2-b6ac-6207e6f9a0ed","local_time":"20190809220201","is_ascension_mode":true,"campfire_choices":[{"data":"Strike_R","floor":7.0,"key":"PURGE"},{"data":"Hemokinesis","floor":10.0,"key":"SMITH"},{"data":"Demon Form","floor":15.0,"key":"SMITH"},{"data":"Immolate","floor":23.0,"key":"SMITH"},{"floor":25.0,"key":"REST"},{"floor":30.0,"key":"REST"},{"data":"True Grit","floor":32.0,"key":"SMITH"},{"floor":40.0,"key":"REST"},{"floor":42.0,"key":"REST"},{"floor":49,"key":"REST"}],"neow_cost":"NONE","seed_source_timestamp":543126800632482,"circlet_count":0,"master_deck":["Strike_R","Defend_R","Defend_R","Defend_R","Defend_R","Bash","Hemokinesis+1","Wild Strike","Twin Strike","Headbutt","Demon Form+1","Immolate+1","Metallicize","Spot Weakness","Disarm+1","True Grit+1","Shrug It Off+1","Metallicize","Fiend Fire+1","Seeing Red+1","Heavy Blade+1","Bludgeon+1","Anger+1","Shrug It Off","Reckless Charge+1","Trip","Wild Strike+1","Shrug It Off+1","Pommel Strike+1","Parasite"],"special_seed":0,"relics":["Burning Blood","Peace Pipe","Odd Mushroom","Mummified Hand","Velvet Choker","Red Mask","Turnip","MawBank","Orichalcum","Molten Egg 2","Philosopher\u0027s Stone","Prayer Wheel","Red Skull","Happy Flower","Gambling Chip","Thread and Needle"],"potions_floor_usage":[48,50,50,50],"damage_taken":[{"damage":8.0,"enemies":"Small Slimes","floor":1.0,"turns":3.0},{"damage":3.0,"enemies":"2 Louse","floor":3.0,"turns":2.0},{"damage":3.0,"enemies":"Cultist","floor":4.0,"turns":2.0},{"damage":24.0,"enemies":"Lagavulin","floor":6.0,"turns":3.0},{"damage":7.0,"enemies":"The Mushroom Lair","floor":8.0,"turns":3.0},{"damage":11.0,"enemies":"Blue Slaver","floor":11.0,"turns":3.0},{"damage":14.0,"enemies":"Looter","floor":12.0,"turns":2.0},{"damage":13.0,"enemies":"Exordium Wildlife","floor":14.0,"turns":2.0},{"damage":46.0,"enemies":"The Guardian","floor":16.0,"turns":7.0},{"damage":22.0,"enemies":"3 Byrds","floor":18.0,"turns":4.0},{"damage":14.0,"enemies":"Masked Bandits","floor":19.0,"turns":4.0},{"damage":11.0,"enemies":"Shell Parasite","floor":22.0,"turns":4.0},{"damage":47.0,"enemies":"Slavers","floor":24.0,"turns":5.0},{"damage":18.0,"enemies":"Book of Stabbing","floor":27.0,"turns":5.0},{"damage":9.0,"enemies":"Sentry and Sphere","floor":28.0,"turns":5.0},{"damage":21.0,"enemies":"Collector","floor":33.0,"turns":8.0},{"damage":20.0,"enemies":"3 Shapes","floor":35.0,"turns":5.0},{"damage":19.0,"enemies":"Mind Bloom Boss Battle","floor":36.0,"turns":6.0},{"damage":32.0,"enemies":"3 Darklings","floor":38.0,"turns":3.0},{"damage":26.0,"enemies":"Spire Growth","floor":41.0,"turns":3.0},{"damage":16.0,"enemies":"Jaw Worm Horde","floor":45.0,"turns":3.0},{"damage":38.0,"enemies":"Giant Head","floor":46.0,"turns":7.0},{"damage":6.0,"enemies":"Writhing Mass","floor":47.0,"turns":5.0},{"damage":4,"enemies":"3 Darklings","floor":48,"turns":3},{"damage":41,"enemies":"Donu and Deca","floor":50,"turns":6}],"seed_played":"2534543948834467416","potions_obtained":[{"floor":0.0,"key":"GamblersBrew"},{"floor":0.0,"key":"Dexterity Potion"},{"floor":0.0,"key":"AttackPotion"},{"floor":1.0,"key":"Fire Potion"},{"floor":6.0,"key":"Explosive Potion"},{"floor":11.0,"key":"SteroidPotion"},{"floor":18.0,"key":"Poison Potion"},{"floor":33.0,"key":"Explosive Potion"},{"floor":35.0,"key":"Strength Potion"},{"floor":41.0,"key":"LiquidBronze"},{"floor":45.0,"key":"Dexterity Potion"},{"floor":48,"key":"Poison Potion"}],"is_trial":false,"path_per_floor":["M","?","M","M","?","E","R","?","T","R","M","M","?","M","R","B",null,"M","?","?","$","M","R","E","R","T","E","M","?","R","?","R","B",null,"M","?","$","M","?","R","M","R","T","?","M","E","M","M","R","B"],"character_chosen":"IRONCLAD","items_purchased":["Spot Weakness","Red Skull","Happy Flower","Bludgeon+1"],"campfire_rested":5,"item_purchase_floors":[21,37,37,37],"current_hp_per_floor":[78,71,74,77,77,59,59,58,58,58,53,45,80,73,73,33,80,64,56,56,56,51,51,10,34,34,22,19,19,43,43,43,28,80,66,53,53,27,27,51,31,55,55,55,45,13,13,15,39,0],"gold":162,"neow_bonus":"THREE_SMALL_POTIONS","is_prod":false,"is_daily":false,"chose_seed":false,"campfire_upgraded":4,"win_rate":0,"timestamp":1565406121,"path_taken":["M","?","M","M","?","E","R","?","T","R","M","M","?","?","R","BOSS","M","?","?","$","M","R","E","R","T","E","M","?","R","?","R","BOSS","M","?","$","M","?","R","M","R","T","?","M","E","M","?","R","BOSS"],"build_version":"2019-07-17","purchased_purges":2,"victory":false,"max_hp_per_floor":[80,80,80,80,80,80,80,80,80,80,80,80,80,80,80,80,80,80,80,80,80,80,80,80,80,80,80,80,80,80,80,80,80,80,80,80,80,80,80,80,80,80,80,80,80,80,80,80,80,80],"card_choices":[{"not_picked":["Pommel Strike","Shrug It Off"],"picked":"Hemokinesis","floor":1.0},{"not_picked":["Sword Boomerang","Heavy Blade"],"picked":"Wild Strike","floor":3.0},{"not_picked":["Perfected Strike","Body Slam"],"picked":"Twin Strike","floor":4.0},{"not_picked":["Sword Boomerang","Heavy Blade","Searing Blow"],"picked":"SKIP","floor":6.0},{"not_picked":["Perfected Strike","Carnage"],"picked":"Headbutt","floor":11.0},{"not_picked":["Thunderclap","Iron Wave"],"picked":"Demon Form","floor":12.0},{"not_picked":["Pommel Strike","Anger"],"picked":"Inflame","floor":14.0},{"not_picked":["Limit Break","Demon Form"],"picked":"Immolate","floor":16.0},{"not_picked":["Dropkick","Evolve+1"],"picked":"Metallicize","floor":18.0},{"not_picked":["Metallicize","Armaments"],"picked":"Disarm+1","floor":22.0},{"not_picked":["Twin Strike","Rupture"],"picked":"True Grit","floor":24.0},{"not_picked":["Cleave","Clothesline"],"picked":"Shrug It Off+1","floor":27.0},{"not_picked":["Thunderclap","Sever Soul+1"],"picked":"Metallicize","floor":28.0},{"not_picked":["Brutality","Feed+1"],"picked":"Fiend Fire+1","floor":33.0},{"not_picked":["Headbutt+1","Twin Strike+1"],"picked":"Seeing Red+1","floor":35.0},{"not_picked":["Thunderclap+1","Flex+1"],"picked":"Heavy Blade+1","floor":36.0},{"not_picked":["Cleave+1","True Grit+1"],"picked":"Anger+1","floor":38.0},{"not_picked":["Rampage+1","Flex+1"],"picked":"Shrug It Off","floor":38.0},{"not_picked":["Thunderclap+1","Metallicize"],"picked":"Reckless Charge+1","floor":41.0},{"not_picked":["Clash+1","Double Tap","Twin Strike+1"],"picked":"SKIP","floor":41.0},{"not_picked":["Sentinel+1","Power Through+1"],"picked":"Wild Strike+1","floor":45.0},{"not_picked":["Pommel Strike+1","Rage+1"],"picked":"Shrug It Off+1","floor":45.0},{"not_picked":["Clash+1","Body Slam+1"],"picked":"Pommel Strike+1","floor":46.0},{"not_picked":["Wild Strike+1","True Grit","Reckless Charge+1"],"picked":"SKIP","floor":47.0},{"not_picked":["Twin Strike+1","Body Slam+1","Juggernaut"],"picked":"SKIP","floor":47.0},{"not_picked":["Thunderclap+1","Iron Wave+1","Anger+1"],"picked":"SKIP","floor":48},{"not_picked":["Sword Boomerang+1","Evolve+1","Armaments+1"],"picked":"SKIP","floor":48}],"player_experience":263079,"relics_obtained":[{"floor":6.0,"key":"Peace Pipe"},{"floor":8.0,"key":"Odd Mushroom"},{"floor":9.0,"key":"Mummified Hand"},{"floor":19.0,"key":"Red Mask"},{"floor":24.0,"key":"Turnip"},{"floor":26.0,"key":"MawBank"},{"floor":27.0,"key":"Orichalcum"},{"floor":36.0,"key":"Prayer Wheel"},{"floor":43.0,"key":"Gambling Chip"},{"floor":46.0,"key":"Thread and Needle"}],"event_choices":[{"cards_removed":["Strike_R"],"damage_healed":0.0,"max_hp_gain":0.0,"max_hp_loss":0.0,"gold_gain":0.0,"event_name":"Golden Wing","player_choice":"Card Removal","floor":2.0,"gold_loss":0.0,"damage_taken":7.0},{"damage_healed":0.0,"max_hp_gain":0.0,"max_hp_loss":0.0,"gold_gain":0.0,"event_name":"World of Goop","player_choice":"Left Gold","floor":5.0,"gold_loss":43.0,"damage_taken":0.0},{"damage_healed":0.0,"max_hp_gain":0.0,"max_hp_loss":0.0,"gold_gain":0.0,"event_name":"Mushrooms","player_choice":"Fought Mushrooms","floor":8.0,"gold_loss":0.0,"damage_taken":0.0},{"damage_healed":35.0,"max_hp_gain":0.0,"max_hp_loss":0.0,"gold_gain":0.0,"event_name":"Wheel of Change","player_choice":"Full Heal","floor":13.0,"gold_loss":0.0,"damage_taken":0.0},{"damage_healed":0.0,"max_hp_gain":0.0,"max_hp_loss":0.0,"gold_gain":0.0,"event_name":"Masked Bandits","player_choice":"Fought Bandits","floor":19.0,"gold_loss":0.0,"damage_taken":0.0},{"damage_healed":0.0,"max_hp_gain":0.0,"max_hp_loss":0.0,"gold_gain":0.0,"event_name":"Ghosts","player_choice":"Ignored","floor":20.0,"gold_loss":0.0,"damage_taken":0.0},{"damage_healed":0.0,"max_hp_gain":0.0,"max_hp_loss":0.0,"gold_gain":0.0,"event_name":"Cursed Tome","player_choice":"Ignored","floor":29.0,"gold_loss":0.0,"damage_taken":0.0},{"damage_healed":0.0,"max_hp_gain":0.0,"max_hp_loss":0.0,"gold_gain":0.0,"event_name":"Addict","player_choice":"Obtained Relic","floor":31.0,"gold_loss":85.0,"damage_taken":0.0,"relics_obtained":["Molten Egg 2"]},{"damage_healed":0.0,"max_hp_gain":0.0,"max_hp_loss":0.0,"gold_gain":0.0,"event_name":"MindBloom","player_choice":"Fight","floor":36.0,"gold_loss":0.0,"damage_taken":0.0},{"cards_removed":["Inflame"],"damage_healed":0.0,"max_hp_gain":0.0,"max_hp_loss":0.0,"gold_gain":0.0,"event_name":"Falling","player_choice":"Removed Power","floor":39.0,"gold_loss":0.0,"damage_taken":0.0},{"damage_healed":0.0,"max_hp_gain":0.0,"max_hp_loss":0.0,"gold_gain":0.0,"event_name":"Match and Keep!","player_choice":"1 cards matched","floor":44.0,"gold_loss":0.0,"damage_taken":0.0,"cards_obtained":["Trip"]}],"is_beta":false,"boss_relics":[{"not_picked":["Pandora\u0027s Box","Runic Dome"],"picked":"Velvet Choker"},{"not_picked":["Eternal Feather","Empty Cage"],"picked":"Philosopher\u0027s Stone"}],"items_purged_floors":[21,37],"is_endless":false,"potions_floor_spawned":[1,4,6,11,18,33,35,41,45,48],"killed_by":"Donu and Deca","ascension_level":1}