{"gold_per_floor":[110,129,69,79,89,120,132,165,165,165,184,200,218,148,148,247,247,263,280,290,290,301,301,332,332,383,400,71,96,96,58,58,160,160,178,178,197,210,67,67,67,67,67,67,102,115,115],"floor_reached":47,"playtime":1823,"items_purged":["Strike_R"],"score":763,"play_id":"26405ecc-983b-4ef6-b8e0-0c5ab8a613b7","local_time":"20191012230907","is_ascension_mode":true,"campfire_choices":[{"data":"Shockwave","floor":10.0,"key":"SMITH"},{"data":"Bash","floor":15.0,"key":"SMITH"},{"floor":23.0,"key":"REST"},{"floor":25.0,"key":"REST"},{"floor":30.0,"key":"REST"},{"data":"Power Through","floor":32.0,"key":"SMITH"},{"floor":40.0,"key":"REST"},{"floor":42,"key":"REST"}],"neow_cost":"NONE","seed_source_timestamp":168720402460200,"circlet_count":0,"master_deck":["Strike_R","Strike_R","Strike_R","Defend_R+1","Defend_R","Bash+1","Sever Soul","Cleave","Exhume","Shockwave+1","Clash","Combust","Clothesline","Fire Breathing","Sever Soul","Fiend Fire","Evolve+1","Whirlwind+1","Pommel Strike+1","Second Wind+1","Sadistic Nature","Power Through+1","Feed","Pain","True Grit+1"],"special_seed":0,"relics":["Burning Blood","Orichalcum","Mercury Hourglass","Question Card","Mango","Velvet Choker","Lantern","War Paint","Empty Cage","WarpedTongs","Medical Kit","Potion Belt","Gremlin Horn"],"potions_floor_usage":[47],"damage_taken":[{"damage":1.0,"enemies":"Cultist","floor":1.0,"turns":3.0},{"damage":10.0,"enemies":"Small Slimes","floor":2.0,"turns":3.0},{"damage":1.0,"enemies":"2 Louse","floor":4.0,"turns":3.0},{"damage":7.0,"enemies":"Looter","floor":5.0,"turns":4.0},{"damage":12.0,"enemies":"Gremlin Nob","floor":6.0,"turns":4.0},{"damage":4.0,"enemies":"2 Fungi Beasts","floor":7.0,"turns":3.0},{"damage":9.0,"enemies":"3 Sentries","floor":8.0,"turns":5.0},{"damage":8.0,"enemies":"Blue Slaver","floor":11.0,"turns":2.0},{"damage":9.0,"enemies":"3 Louse","floor":12.0,"turns":2.0},{"damage":5.0,"enemies":"Looter","floor":13.0,"turns":2.0},{"damage":26.0,"enemies":"Slime Boss","floor":16.0,"turns":7.0},{"damage":40.0,"enemies":"2 Thieves","floor":18.0,"turns":4.0},{"damage":6.0,"enemies":"Chosen","floor":19.0,"turns":3.0},{"damage":28.0,"enemies":"Shelled Parasite and Fungi","floor":20.0,"turns":5.0},{"damage":14.0,"enemies":"Centurion and Healer","floor":22.0,"turns":5.0},{"damage":34.0,"enemies":"Book of Stabbing","floor":24.0,"turns":5.0},{"damage":13.0,"enemies":"Cultist and Chosen","floor":27.0,"turns":4.0},{"damage":24.0,"enemies":"Slavers","floor":29.0,"turns":4.0},{"damage":56.0,"enemies":"Automaton","floor":33.0,"turns":10.0},{"damage":2.0,"enemies":"3 Shapes","floor":35.0,"turns":3.0},{"damage":20.0,"enemies":"Orb Walker","floor":37.0,"turns":3.0},{"damage":54.0,"enemies":"Transient","floor":38.0,"turns":5.0},{"damage":35,"enemies":"Reptomancer","floor":45,"turns":5},{"damage":54,"enemies":"Sphere and 2 Shapes","floor":46,"turns":5},{"damage":25,"enemies":"Giant Head","floor":47,"turns":5}],"seed_played":"1232576337507609564","potions_obtained":[{"floor":4.0,"key":"ElixirPotion"},{"floor":6.0,"key":"GamblersBrew"},{"floor":7.0,"key":"Explosive Potion"},{"floor":38.0,"key":"AttackPotion"},{"floor":45,"key":"GamblersBrew"}],"is_trial":false,"path_per_floor":["M","M","?","M","M","E","M","E","T","R","M","M","M","$","R","B",null,"M","M","M","?","M","R","E","R","T","M","$","E","R","$","R","B",null,"M","?","M","M","$","R","?","R","T","$","E","M","E"],"character_chosen":"IRONCLAD","items_purchased":["Sever Soul","Regen Potion","Sadistic Nature","Power Through","Medical Kit"],"campfire_rested":5,"item_purchase_floors":[14,28,28,31,39],"current_hp_per_floor":[85,81,81,86,85,79,81,78,92,92,90,87,88,88,88,68,94,60,60,38,38,30,60,32,62,62,55,55,49,79,79,79,29,84,91,91,81,33,33,65,65,97,97,97,68,23,0],"gold":115,"neow_bonus":"TEN_PERCENT_HP_BONUS","is_prod":false,"is_daily":false,"chose_seed":false,"campfire_upgraded":3,"win_rate":0,"timestamp":1570889347,"path_taken":["M","M","?","M","M","E","M","E","T","R","M","M","M","?","R","BOSS","M","M","M","?","?","R","E","R","T","M","$","E","R","$","R","BOSS","M","?","?","M","?","R","?","R","T","$","E","M","E"],"build_version":"2019-10-11","purchased_purges":1,"victory":false,"max_hp_per_floor":[88,88,88,88,88,88,88,88,102,102,102,102,102,102,102,102,102,102,102,102,102,102,102,102,102,102,102,102,102,102,102,102,102,102,105,105,109,109,109,109,109,109,109,109,109,112,112],"card_choices":[{"not_picked":["Heavy Blade","Anger"],"picked":"Sever Soul","floor":1.0},{"not_picked":["Pommel Strike","Iron Wave"],"picked":"Cleave","floor":2.0},{"not_picked":["Thunderclap","Cleave"],"picked":"Exhume","floor":4.0},{"not_picked":["Clothesline","Infernal Blade"],"picked":"Shockwave","floor":5.0},{"not_picked":["Wild Strike","Sword Boomerang","Dropkick"],"picked":"SKIP","floor":6.0},{"not_picked":["Spot Weakness","Ghostly Armor"],"picked":"Clash","floor":7.0},{"not_picked":["Iron Wave","Flex"],"picked":"Combust","floor":8.0},{"not_picked":["Inflame","Heavy Blade","Spot Weakness","Body Slam"],"picked":"SKIP","floor":11.0},{"not_picked":["Flex","Sword Boomerang","Corruption"],"picked":"Clothesline","floor":12.0},{"not_picked":["Demon Form","Rampage","Cleave"],"picked":"Fire Breathing","floor":13.0},{"not_picked":["Reaper","Limit Break","Bludgeon"],"picked":"Fiend Fire","floor":16.0},{"not_picked":["Second Wind","Seeing Red","Flex+1"],"picked":"Evolve+1","floor":18.0},{"not_picked":["Body Slam","Armaments","Heavy Blade+1"],"picked":"Whirlwind+1","floor":19.0},{"not_picked":["Heavy Blade","Rampage","Feel No Pain","Sword Boomerang"],"picked":"SKIP","floor":20.0},{"not_picked":["Infernal Blade","Clash+1","Armaments"],"picked":"Pommel Strike+1","floor":22.0},{"not_picked":["Shrug It Off","Dark Embrace","Pummel+1","Body Slam"],"picked":"SKIP","floor":24.0},{"not_picked":["Intimidate","Twin Strike+1","Clothesline"],"picked":"Second Wind","floor":27.0},{"not_picked":["Pommel Strike","Thunderclap","Warcry","Carnage"],"picked":"SKIP","floor":29.0},{"not_picked":["Immolate","Bludgeon","Berserk"],"picked":"Feed","floor":33.0},{"not_picked":["Twin Strike+1","Carnage","Body Slam+1","Perfected Strike+1"],"picked":"SKIP","floor":35.0},{"not_picked":["Twin Strike+1","Sentinel+1","Metallicize","Anger"],"picked":"SKIP","floor":37.0},{"not_picked":["Blood for Blood","Feel No Pain+1","True Grit","Wild Strike+1"],"picked":"SKIP","floor":38.0},{"not_picked":["Wild Strike+1","Flex","Perfected Strike","Blood for Blood"],"picked":"SKIP","floor":45},{"not_picked":["Clothesline","Wild Strike+1","Anger+1"],"picked":"True Grit+1","floor":46}],"player_experience":669508,"relics_obtained":[{"floor":6.0,"key":"Mercury Hourglass"},{"floor":8.0,"key":"Question Card"},{"floor":9.0,"key":"Mango"},{"floor":26.0,"key":"Lantern"},{"floor":29.0,"key":"War Paint"},{"floor":43,"key":"Potion Belt"},{"floor":45,"key":"Gremlin Horn"}],"event_choices":[{"damage_healed":0.0,"max_hp_gain":0.0,"max_hp_loss":0.0,"gold_gain":0.0,"event_name":"WeMeetAgain","player_choice":"Paid Gold","floor":3.0,"gold_loss":60.0,"damage_taken":0.0,"relics_obtained":["Orichalcum"]},{"cards_removed":["Defend_R"],"damage_healed":0.0,"max_hp_gain":0.0,"max_hp_loss":0.0,"gold_gain":0.0,"event_name":"Bonfire Elementals","player_choice":"Offered Basic","floor":21.0,"gold_loss":0.0,"damage_taken":0.0},{"damage_healed":0.0,"max_hp_gain":0.0,"max_hp_loss":0.0,"gold_gain":0.0,"event_name":"Accursed Blacksmith","player_choice":"Rummage","floor":36.0,"gold_loss":0.0,"damage_taken":0.0,"relics_obtained":["WarpedTongs"],"cards_obtained":["Pain"]},{"damage_healed":0,"gold_gain":0,"player_choice":"Memory 1","damage_taken":0,"max_hp_gain":0,"max_hp_loss":0,"event_name":"SensoryStone","floor":41,"gold_loss":0}],"is_beta":true,"boss_relics":[{"not_picked":["Busted Crown","Fusion Hammer"],"picked":"Velvet Choker"},{"not_picked":["Tiny House","SlaversCollar"],"picked":"Empty Cage"}],"items_purged_floors":[28],"is_endless":false,"potions_floor_spawned":[4,6,7,11,13,18,22,24,38,45],"killed_by":"Giant Head","ascension_level":8}