{"gold_per_floor":[113,128,143,159,176,206,206,240,240,240,8,19,19,35,35,140,140,160,172,372,382,127,127,140,140,140,15,15,35,35,49,49,49],"floor_reached":33,"playtime":1387,"items_purged":["Strike_P","Strike_P","Strike_P"],"score":372,"play_id":"87c1010d-74b5-43f7-9e9b-dda7ea1e8628","local_time":"20191009235813","is_ascension_mode":true,"campfire_choices":[{"floor":7.0,"key":"REST"},{"data":"ConjureBlade","floor":10.0,"key":"SMITH"},{"data":"Wallop","floor":13.0,"key":"SMITH"},{"data":"DeceiveReality","floor":15.0,"key":"SMITH"},{"floor":23,"key":"REST"},{"floor":25,"key":"REST"},{"floor":28,"key":"REST"},{"data":"DevaForm","floor":30,"key":"SMITH"},{"data":"Ragnarok","floor":32,"key":"SMITH"}],"neow_cost":"NONE","seed_source_timestamp":2259470116962900,"circlet_count":0,"master_deck":["Strike_P","Defend_P","Defend_P","Defend_P","Defend_P+1","Eruption","Vigilance+1","ReachHeaven","FollowUp","Wallop+1","ConjureBlade+1","DeceiveReality+1","DevaForm+1","CurseOfTheBell","Protect+1","Ragnarok+1","BattleHymn","Wireheading+1"],"special_seed":0,"relics":["Sozu","Pen Nib","Dream Catcher","Blue Candle","Lee\u0027s Waffle","Calling Bell","Ancient Tea Set","Pantograph","GoldenEye","War Paint","TeardropLocket"],"potions_floor_usage":[],"damage_taken":[{"damage":1.0,"enemies":"2 Louse","floor":1.0,"turns":4.0},{"damage":0.0,"enemies":"Cultist","floor":2.0,"turns":2.0},{"damage":3.0,"enemies":"Small Slimes","floor":3.0,"turns":2.0},{"damage":3.0,"enemies":"Blue Slaver","floor":4.0,"turns":4.0},{"damage":2.0,"enemies":"Large Slime","floor":5.0,"turns":4.0},{"damage":32.0,"enemies":"Gremlin Nob","floor":6.0,"turns":3.0},{"damage":0.0,"enemies":"Lagavulin","floor":8.0,"turns":4.0},{"damage":0.0,"enemies":"2 Fungi Beasts","floor":12.0,"turns":4.0},{"damage":3.0,"enemies":"Blue Slaver","floor":14.0,"turns":3.0},{"damage":37.0,"enemies":"Hexaghost","floor":16.0,"turns":7.0},{"damage":13,"enemies":"Spheric Guardian","floor":18,"turns":4},{"damage":23,"enemies":"Shell Parasite","floor":19,"turns":5},{"damage":18,"enemies":"Cultist and Chosen","floor":21,"turns":6},{"damage":17,"enemies":"Sentry and Sphere","floor":24,"turns":7},{"damage":14,"enemies":"Centurion and Healer","floor":29,"turns":5},{"damage":19,"enemies":"Snake Plant","floor":31,"turns":5},{"damage":114,"enemies":"Collector","floor":33,"turns":8}],"seed_played":"1182149257653765968","potions_obtained":[],"is_trial":false,"path_per_floor":["M","M","M","M","M","E","R","E","T","R","$","M","R","M","R","B",null,"M","M","?","M","$","R","M","R","T","$","R","M","R","M","R","B"],"character_chosen":"WATCHER","items_purchased":["Lee\u0027s Waffle","War Paint"],"campfire_rested":4,"item_purchase_floors":[11,22],"current_hp_per_floor":[64,64,61,58,56,24,45,45,45,45,79,79,79,76,76,39,69,56,33,33,15,15,38,21,44,44,44,67,53,53,34,34,0],"gold":49,"neow_bonus":"BOSS_RELIC","is_prod":false,"is_daily":false,"chose_seed":false,"campfire_upgraded":5,"win_rate":0,"timestamp":1570658293,"path_taken":["M","M","M","M","M","E","R","E","T","R","$","M","R","M","R","BOSS","M","M","?","?","$","R","M","R","T","?","R","M","R","?","R","BOSS"],"build_version":"2019-10-09","purchased_purges":3,"victory":false,"max_hp_per_floor":[72,72,72,72,72,72,72,72,72,72,79,79,79,79,79,79,79,79,79,79,79,79,79,79,79,79,79,79,79,79,79,79,79],"card_choices":[{"not_picked":["SpiritShield","Halt"],"picked":"ReachHeaven","floor":1.0},{"not_picked":["Crescendo","Sanctity"],"picked":"FollowUp","floor":2.0},{"not_picked":["Consecrate","Indignation","Crescendo"],"picked":"SKIP","floor":3.0},{"not_picked":["CrushJoints","Vengeance"],"picked":"Wallop","floor":4.0},{"not_picked":["JustLucky","Collect"],"picked":"ConjureBlade","floor":5.0},{"not_picked":["Conclude","EmptyBody","CrushJoints"],"picked":"SKIP","floor":6.0},{"not_picked":["ThirdEye","SashWhip"],"picked":"DeceiveReality","floor":8.0},{"not_picked":["Prostrate","SandsOfTime","Consecrate"],"picked":"SKIP","floor":14.0},{"not_picked":["MasterReality","LessonLearned"],"picked":"DevaForm","floor":16.0},{"not_picked":["FlurryOfBlows","JustLucky","EmptyBody+1"],"picked":"SKIP","floor":18},{"not_picked":["PathToVictory","CrushJoints"],"picked":"Protect+1","floor":19},{"not_picked":["ReachHeaven+1","EmptyMind","Prostrate"],"picked":"SKIP","floor":21},{"not_picked":["FlurryOfBlows","WreathOfFlame"],"picked":"Ragnarok","floor":24},{"not_picked":["EmptyBody","Worship"],"picked":"BattleHymn","floor":25},{"not_picked":["CrushJoints+1","BowlingBash"],"picked":"Wireheading+1","floor":29},{"not_picked":["Collect+1","FearNoEvil","ThirdEye"],"picked":"SKIP","floor":31}],"player_experience":474028,"relics_obtained":[{"floor":6.0,"key":"Pen Nib"},{"floor":8.0,"key":"Dream Catcher"},{"floor":9.0,"key":"Blue Candle"},{"floor":17.0,"key":"Ancient Tea Set"},{"floor":17.0,"key":"Pantograph"},{"floor":17.0,"key":"GoldenEye"},{"floor":26,"key":"TeardropLocket"}],"event_choices":[{"damage_healed":0,"gold_gain":200,"player_choice":"Gold","damage_taken":0,"max_hp_gain":0,"max_hp_loss":0,"event_name":"Wheel of Change","floor":20,"gold_loss":0}],"is_beta":true,"boss_relics":[{"not_picked":["Coffee Dripper","Runic Dome"],"picked":"Calling Bell"}],"items_purged_floors":[11,22,27],"is_endless":false,"potions_floor_spawned":[1,2,8,12,14,16,19,21,31],"killed_by":"Collector","ascension_level":6}