{"gold_per_floor":[99,99,99,99,99,99,99,99,99,99,99,99,99,99,99,99,99,99,99,99,99,99,99,99,99,99,99,99,79,79,79,79,79,79,79,79,79,34,34,34,34,34,34,34],"floor_reached":44,"playtime":3267,"items_purged":[],"score":1248,"play_id":"32147106-402a-4171-b9d3-23cd11a2bf8b","local_time":"20191004231750","is_ascension_mode":true,"campfire_choices":[{"data":"Hyperbeam","floor":6.0,"key":"SMITH"},{"data":"Conserve Battery","floor":10.0,"key":"SMITH"},{"data":"Undo","floor":15.0,"key":"SMITH"},{"floor":23.0,"key":"REST"},{"data":"Sunder","floor":25.0,"key":"SMITH"},{"data":"Buffer","floor":28.0,"key":"SMITH"},{"floor":32.0,"key":"REST"},{"data":"Buffer","floor":41.0,"key":"SMITH"}],"neow_cost":"NONE","seed_source_timestamp":1897538087162474,"circlet_count":0,"master_deck":["AscendersBane","Defend_B","Defend_B","Defend_B","Zap","Dualcast","Sweeping Beam","BootSequence","Hyperbeam+1","Conserve Battery+1","Reboot","FTL","Coolheaded","Creative AI","Undo+1","Reboot","Streamline","Streamline","Sunder+1","RitualDagger","Go for the Eyes+1","Buffer+1","Coolheaded+1","Creative AI","Stack+1","BootSequence+1","Reinforced Body+1","Heatsinks","Trip","Good Instincts","Finesse","Buffer+1","Defragment+1"],"special_seed":0,"relics":["Ectoplasm","Vajra","Anchor","Bag of Marbles","Empty Cage","Mummified Hand","Astrolabe","Bag of Preparation","DataDisk","Frozen Egg 2"],"potions_floor_usage":[],"damage_taken":[{"damage":3.0,"enemies":"2 Louse","floor":1.0,"turns":3.0},{"damage":1.0,"enemies":"Cultist","floor":2.0,"turns":3.0},{"damage":2.0,"enemies":"Jaw Worm","floor":4.0,"turns":4.0},{"damage":0.0,"enemies":"2 Fungi Beasts","floor":5.0,"turns":1.0},{"damage":10.0,"enemies":"Lagavulin","floor":7.0,"turns":7.0},{"damage":0.0,"enemies":"Red Slaver","floor":8.0,"turns":3.0},{"damage":0.0,"enemies":"Exordium Wildlife","floor":11.0,"turns":2.0},{"damage":0.0,"enemies":"3 Sentries","floor":12.0,"turns":3.0},{"damage":0.0,"enemies":"2 Fungi Beasts","floor":13.0,"turns":2.0},{"damage":0.0,"enemies":"Blue Slaver","floor":14.0,"turns":2.0},{"damage":4.0,"enemies":"Hexaghost","floor":16.0,"turns":11.0},{"damage":12.0,"enemies":"Spheric Guardian","floor":18.0,"turns":4.0},{"damage":0.0,"enemies":"3 Byrds","floor":19.0,"turns":3.0},{"damage":9.0,"enemies":"Sentry and Sphere","floor":21.0,"turns":5.0},{"damage":7.0,"enemies":"Chosen and Byrds","floor":24.0,"turns":4.0},{"damage":0.0,"enemies":"Centurion and Healer","floor":27.0,"turns":4.0},{"damage":0.0,"enemies":"Sentry and Sphere","floor":30.0,"turns":3.0},{"damage":11.0,"enemies":"Snecko","floor":31.0,"turns":4.0},{"damage":25.0,"enemies":"Champ","floor":33.0,"turns":15.0},{"damage":2.0,"enemies":"Orb Walker","floor":35.0,"turns":5.0},{"damage":23.0,"enemies":"Reptomancer","floor":40.0,"turns":4.0},{"damage":7.0,"enemies":"Nemesis","floor":42.0,"turns":13.0},{"damage":33,"enemies":"Reptomancer","floor":44,"turns":6}],"seed_played":"-9104398234768871950","potions_obtained":[{"floor":2.0,"key":"FearPotion"},{"floor":3.0,"key":"EntropicBrew"},{"floor":3.0,"key":"EntropicBrew"},{"floor":13.0,"key":"Ancient Potion"},{"floor":18.0,"key":"FearPotion"},{"floor":24.0,"key":"PowerPotion"},{"floor":27.0,"key":"Regen Potion"},{"floor":29.0,"key":"Regen Potion"},{"floor":33.0,"key":"GamblersBrew"},{"floor":40.0,"key":"LiquidBronze"},{"floor":42.0,"key":"Weak Potion"}],"is_trial":false,"path_per_floor":["M","M","?","M","M","R","E","M","T","R","M","E","M","M","R","B",null,"M","M","?","M","?","R","M","R","T","M","R","?","M","M","R","B",null,"M","?","?","$","?","E","R","E","T","E"],"character_chosen":"DEFECT","items_purchased":["Heatsinks"],"campfire_rested":2,"item_purchase_floors":[38],"current_hp_per_floor":[61,60,60,58,58,58,48,48,48,48,48,48,48,48,48,44,64,52,52,32,23,17,39,32,32,32,32,32,32,41,30,52,42,68,66,66,66,66,56,33,33,26,26,0],"gold":34,"neow_bonus":"BOSS_RELIC","is_prod":false,"is_daily":false,"chose_seed":false,"campfire_upgraded":6,"win_rate":0,"timestamp":1570249070,"path_taken":["M","M","?","M","?","R","E","M","T","R","M","E","M","?","R","BOSS","M","M","?","M","?","R","M","R","T","M","R","?","?","M","R","BOSS","M","?","?","$","?","E","R","E","T","E"],"build_version":"2019-07-17","purchased_purges":0,"victory":false,"max_hp_per_floor":[71,71,71,71,71,71,71,71,71,71,71,71,71,71,71,71,71,71,71,76,76,76,76,76,76,76,76,76,76,76,76,76,76,76,76,76,76,76,76,76,76,76,76,76],"card_choices":[{"not_picked":["Beam Cell","Turbo"],"picked":"Sweeping Beam","floor":1.0},{"not_picked":["Beam Cell","Steam"],"picked":"BootSequence","floor":2.0},{"not_picked":["Steam","Lockon"],"picked":"Hyperbeam","floor":4.0},{"not_picked":["Hologram","Stack"],"picked":"Conserve Battery","floor":5.0},{"not_picked":["Leap","Chaos"],"picked":"Reboot","floor":7.0},{"not_picked":["Go for the Eyes","Leap"],"picked":"FTL","floor":8.0},{"not_picked":["Gash","Redo"],"picked":"Coolheaded","floor":11.0},{"not_picked":["Doom and Gloom","Rebound"],"picked":"Creative AI","floor":12.0},{"not_picked":["Hologram","Sweeping Beam","Coolheaded"],"picked":"SKIP","floor":13.0},{"not_picked":["Barrage","FTL"],"picked":"Undo","floor":14.0},{"not_picked":["Thunder Strike","All For One"],"picked":"Reboot","floor":16.0},{"not_picked":["Cold Snap","Leap"],"picked":"Streamline","floor":18.0},{"not_picked":["Beam Cell","Cold Snap"],"picked":"Streamline","floor":19.0},{"not_picked":["Cold Snap","Sweeping Beam"],"picked":"Sunder","floor":21.0},{"not_picked":["Ball Lightning","Aggregate"],"picked":"Go for the Eyes+1","floor":24.0},{"not_picked":["Turbo","Loop"],"picked":"Buffer","floor":27.0},{"not_picked":["Self Repair","Tempest"],"picked":"Coolheaded+1","floor":30.0},{"not_picked":["Doom and Gloom","Stack","Redo"],"picked":"SKIP","floor":31.0},{"not_picked":["Fission","Reboot"],"picked":"Creative AI","floor":33.0},{"not_picked":["Tempest","Stack","Conserve Battery"],"picked":"SKIP","floor":35.0},{"not_picked":["Dramatic Entrance","Impatience"],"picked":"Trip","floor":39.0},{"not_picked":["Dramatic Entrance","Deep Breath"],"picked":"Good Instincts","floor":39.0},{"not_picked":["Discovery","Deep Breath"],"picked":"Finesse","floor":39.0},{"not_picked":["Machine Learning","Gash"],"picked":"Buffer","floor":40.0},{"not_picked":["Steam","Force Field"],"picked":"Defragment+1","floor":42.0}],"player_experience":310658,"relics_obtained":[{"floor":7.0,"key":"Vajra"},{"floor":9.0,"key":"Anchor"},{"floor":12.0,"key":"Bag of Marbles"},{"floor":26.0,"key":"Mummified Hand"},{"floor":40.0,"key":"Bag of Preparation"},{"floor":42.0,"key":"DataDisk"},{"floor":43.0,"key":"Frozen Egg 2"}],"event_choices":[{"damage_healed":0.0,"max_hp_gain":0.0,"max_hp_loss":0.0,"gold_gain":0.0,"event_name":"Lab","player_choice":"Got Potions","floor":3.0,"gold_loss":0.0,"damage_taken":0.0},{"damage_healed":0.0,"max_hp_gain":5.0,"max_hp_loss":0.0,"gold_gain":0.0,"event_name":"Forgotten Altar","player_choice":"Shed Blood","floor":20.0,"gold_loss":0.0,"damage_taken":25.0},{"damage_healed":0.0,"max_hp_gain":0.0,"max_hp_loss":0.0,"gold_gain":0.0,"event_name":"Nest","player_choice":"Joined the Cult","floor":22.0,"gold_loss":0.0,"damage_taken":6.0,"cards_obtained":["RitualDagger"]},{"damage_healed":0.0,"max_hp_gain":0.0,"max_hp_loss":0.0,"gold_gain":0.0,"event_name":"The Woman in Blue","player_choice":"Bought 1 Potion","floor":29.0,"gold_loss":0.0,"damage_taken":0.0},{"damage_healed":0.0,"max_hp_gain":0.0,"max_hp_loss":0.0,"gold_gain":0.0,"event_name":"Mysterious Sphere","player_choice":"Ignored","floor":36.0,"gold_loss":0.0,"damage_taken":0.0},{"damage_healed":0.0,"max_hp_gain":0.0,"max_hp_loss":0.0,"gold_gain":0.0,"event_name":"Tomb of Lord Red Mask","player_choice":"Ignored","floor":37.0,"gold_loss":0.0,"damage_taken":0.0},{"damage_healed":0.0,"max_hp_gain":0.0,"max_hp_loss":0.0,"gold_gain":0.0,"event_name":"SensoryStone","player_choice":"Memory 3","floor":39.0,"gold_loss":0.0,"damage_taken":10.0}],"is_beta":false,"boss_relics":[{"not_picked":["Coffee Dripper","Cursed Key"],"picked":"Empty Cage"},{"not_picked":["Pandora\u0027s Box","White Beast Statue"],"picked":"Astrolabe"}],"items_purged_floors":[],"is_endless":false,"potions_floor_spawned":[2,4,5,13,18,24,27,33,40,42],"killed_by":"Reptomancer","ascension_level":18}