{"gold_per_floor":[159,173,192,192,211,252,252,270,295,295,320,351,387,400,400,526,526,542,555,575,339,0,0,36,36,36,36,36,55,55],"floor_reached":30,"playtime":995,"items_purged":["Strike_G"],"score":418,"play_id":"45c51758-34b4-4ed3-be5c-118247ea745a","local_time":"20191024202541","is_ascension_mode":true,"campfire_choices":[{"floor":7.0,"key":"REST"},{"floor":10.0,"key":"REST"},{"floor":15.0,"key":"REST"},{"floor":23,"key":"REST"},{"floor":25,"key":"REST"}],"neow_cost":"NONE","seed_source_timestamp":0,"circlet_count":0,"master_deck":["AscendersBane","Strike_G","Strike_G","Strike_G","Strike_G","Defend_G+1","Defend_G","Defend_G","Defend_G","Defend_G","Survivor","Neutralize","Bane","Poisoned Stab","Dagger Spray","Flying Knee","Bane","Well Laid Plans","Bane","Backstab","Poisoned Stab","Quick Slash","Burst","Terror+1","Prepared","Noxious Fumes","Blur","Prepared","Footwork"],"special_seed":0,"relics":["Tiny House","Golden Idol","Darkstone Periapt","Bag of Marbles","Odd Mushroom","Strawberry","Cursed Key","Oddly Smooth Stone","MutagenicStrength"],"potions_floor_usage":[20,30],"damage_taken":[{"damage":0.0,"enemies":"2 Louse","floor":1.0,"turns":2.0},{"damage":7.0,"enemies":"Jaw Worm","floor":2.0,"turns":4.0},{"damage":0.0,"enemies":"Small Slimes","floor":3.0,"turns":4.0},{"damage":5.0,"enemies":"2 Fungi Beasts","floor":5.0,"turns":4.0},{"damage":44.0,"enemies":"3 Sentries","floor":6.0,"turns":11.0},{"damage":10.0,"enemies":"Large Slime","floor":8.0,"turns":6.0},{"damage":21.0,"enemies":"Exordium Wildlife","floor":11.0,"turns":5.0},{"damage":6.0,"enemies":"The Mushroom Lair","floor":12.0,"turns":3.0},{"damage":16.0,"enemies":"Gremlin Nob","floor":13.0,"turns":3.0},{"damage":5.0,"enemies":"2 Fungi Beasts","floor":14.0,"turns":2.0},{"damage":24.0,"enemies":"Hexaghost","floor":16.0,"turns":12.0},{"damage":17,"enemies":"2 Thieves","floor":18,"turns":4},{"damage":15,"enemies":"Shell Parasite","floor":19,"turns":3},{"damage":15,"enemies":"Snake Plant","floor":20,"turns":3},{"damage":50,"enemies":"Book of Stabbing","floor":24,"turns":5},{"damage":22,"enemies":"Shelled Parasite and Fungi","floor":29,"turns":6},{"damage":9,"enemies":"Slavers","floor":30,"turns":1}],"seed_played":"4832519693124689211","potions_obtained":[{"floor":0.0,"key":"Ancient Potion"},{"floor":3.0,"key":"Regen Potion"},{"floor":6.0,"key":"Dexterity Potion"},{"floor":8.0,"key":"Fruit Juice"},{"floor":11.0,"key":"SneckoOil"},{"floor":14.0,"key":"Regen Potion"},{"floor":16.0,"key":"CunningPotion"},{"floor":18,"key":"Strength Potion"},{"floor":24,"key":"Fire Potion"}],"is_trial":false,"path_per_floor":["M","M","M","?","M","E","R","M","T","R","M","?","E","M","R","B",null,"M","M","M","$","?","R","E","R","T","$","?","M","E"],"character_chosen":"THE_SILENT","items_purchased":["Noxious Fumes","Blur"],"campfire_rested":5,"item_purchase_floors":[21,21],"current_hp_per_floor":[68,61,61,43,38,9,31,26,26,50,29,23,14,9,35,26,72,55,40,25,25,25,51,1,27,27,27,27,5,0],"gold":55,"neow_bonus":"BOSS_RELIC","is_prod":false,"is_daily":false,"chose_seed":false,"campfire_upgraded":0,"win_rate":0,"timestamp":1571941541,"path_taken":["M","M","M","?","M","E","R","M","T","R","M","?","E","M","R","BOSS","M","M","M","$","?","R","E","R","T","$","?","M","E"],"build_version":"2019-10-23","purchased_purges":1,"victory":false,"max_hp_per_floor":[75,75,75,75,75,75,75,80,80,80,80,80,87,87,87,87,87,87,87,87,87,87,87,87,87,87,87,87,87,87],"card_choices":[{"not_picked":["PiercingWail","Slice"],"picked":"Bane","floor":0.0},{"not_picked":["Slice","Blade Dance"],"picked":"Poisoned Stab","floor":1.0},{"not_picked":["Outmaneuver","Underhanded Strike"],"picked":"Dagger Spray","floor":2.0},{"not_picked":["Night Terror","Outmaneuver"],"picked":"Flying Knee","floor":3.0},{"not_picked":["Endless Agony","Dodge and Roll"],"picked":"Bane","floor":5.0},{"not_picked":["Dash","Cloak And Dagger"],"picked":"Well Laid Plans","floor":6.0},{"not_picked":["Slice","Catalyst"],"picked":"Bane","floor":8.0},{"not_picked":["Acrobatics","Backflip"],"picked":"Backstab","floor":11.0},{"not_picked":["Deadly Poison","Heel Hook"],"picked":"Poisoned Stab","floor":12.0},{"not_picked":["Phantasmal Killer","Deadly Poison","Dagger Spray"],"picked":"SKIP","floor":13.0},{"not_picked":["Catalyst","Underhanded Strike"],"picked":"Quick Slash","floor":14.0},{"not_picked":["Night Terror","Tools of the Trade"],"picked":"Burst","floor":16.0},{"not_picked":["Tactician","Dodge and Roll"],"picked":"Terror+1","floor":18},{"not_picked":["Outmaneuver+1","Sucker Punch","Dagger Throw"],"picked":"SKIP","floor":19},{"not_picked":["Dagger Spray","Outmaneuver+1"],"picked":"Prepared","floor":20},{"not_picked":["Quick Slash","Dodge and Roll"],"picked":"Prepared","floor":24},{"not_picked":["Malaise","Dagger Throw"],"picked":"Footwork","floor":29}],"player_experience":510125,"relics_obtained":[{"floor":6.0,"key":"Darkstone Periapt"},{"floor":9.0,"key":"Bag of Marbles"},{"floor":12.0,"key":"Odd Mushroom"},{"floor":13.0,"key":"Strawberry"},{"floor":24,"key":"Oddly Smooth Stone"}],"event_choices":[{"damage_healed":0.0,"max_hp_gain":0.0,"max_hp_loss":0.0,"gold_gain":0.0,"event_name":"Golden Idol","player_choice":"Take Damage","floor":4.0,"gold_loss":0.0,"damage_taken":18.0,"relics_obtained":["Golden Idol"]},{"damage_healed":0.0,"max_hp_gain":0.0,"max_hp_loss":0.0,"gold_gain":0.0,"event_name":"Mushrooms","player_choice":"Fought Mushrooms","floor":12.0,"gold_loss":0.0,"damage_taken":0.0},{"damage_healed":0,"gold_gain":0,"player_choice":"Paid Fearfully","damage_taken":0,"max_hp_gain":0,"max_hp_loss":0,"event_name":"Masked Bandits","floor":22,"gold_loss":339},{"damage_healed":0,"gold_gain":0,"player_choice":"Inject Mutagens","damage_taken":0,"relics_obtained":["MutagenicStrength"],"max_hp_gain":0,"max_hp_loss":0,"event_name":"Drug Dealer","floor":28,"gold_loss":0}],"is_beta":true,"boss_relics":[{"not_picked":["HoveringKite","Empty Cage"],"picked":"Cursed Key"}],"items_purged_floors":[21],"is_endless":false,"potions_floor_spawned":[3,6,8,11,14,16,18,24],"killed_by":"Slavers","ascension_level":10}