{"gold_per_floor":[112,112,124,48,64,64,89,89,89,117,117,177,196,196,196,294,294,304,304,323,323,335,335,350,370,394,404,436,456,456,474,474,577,577,591,591,591,591,606,606,706,719,719,719,733,733,743,64,64,64],"floor_reached":51,"playtime":2003,"items_purged":["Strike_P"],"score":899,"play_id":"5d6fb075-01a8-44b8-ace1-1ede3d90803f","local_time":"20190917104250","is_ascension_mode":true,"campfire_choices":[{"data":"TalkToTheHand","floor":8.0,"key":"SMITH"},{"data":"Vigilance","floor":11.0,"key":"SMITH"},{"data":"FlyingSleeves","floor":15.0,"key":"SMITH"},{"data":"DevaForm","floor":23.0,"key":"SMITH"},{"data":"Ragnarok","floor":32.0,"key":"SMITH"},{"floor":40,"key":"REST"},{"data":"DevaForm","floor":44,"key":"SMITH"},{"floor":49,"key":"REST"}],"neow_cost":"NONE","seed_source_timestamp":0,"circlet_count":0,"master_deck":["Strike_P","Strike_P","Defend_P","Defend_P","Defend_P","Defend_P","Eruption","Vigilance+1","TalkToTheHand+1","CutThroughFate","SandsOfTime","FlyingSleeves+1","DevaForm+1","StepAndStrike","WindmillStrike","Ragnarok+1","DevaForm+1","Devotion+1","Devotion","ReachHeaven"],"special_seed":0,"relics":["PureWater","NeowsBlessing","Question Card","Bottled Flame","Odd Mushroom","Tiny Chest","Pantograph","Snecko Eye","Yang","Orichalcum","Sundial","Cursed Key","Peace Pipe","Nunchaku","Melange"],"potions_floor_usage":[50,50,50],"damage_taken":[{"damage":0.0,"enemies":"2 Louse","floor":1.0,"turns":1.0},{"damage":0.0,"enemies":"Small Slimes","floor":3.0,"turns":1.0},{"damage":0.0,"enemies":"Jaw Worm","floor":5.0,"turns":1.0},{"damage":0.0,"enemies":"Gremlin Nob","floor":7.0,"turns":2.0},{"damage":0.0,"enemies":"The Mushroom Lair","floor":10.0,"turns":2.0},{"damage":0.0,"enemies":"Lagavulin","floor":12.0,"turns":4.0},{"damage":8.0,"enemies":"Large Slime","floor":13.0,"turns":4.0},{"damage":16.0,"enemies":"The Guardian","floor":16.0,"turns":10.0},{"damage":2.0,"enemies":"Shell Parasite","floor":18.0,"turns":2.0},{"damage":0.0,"enemies":"Chosen","floor":20.0,"turns":3.0},{"damage":0.0,"enemies":"Centurion and Healer","floor":22.0,"turns":3.0},{"damage":0.0,"enemies":"Sentry and Sphere","floor":24.0,"turns":3.0},{"damage":9.0,"enemies":"Snake Plant","floor":25.0,"turns":3.0},{"damage":0.0,"enemies":"Cultist and Chosen","floor":27.0,"turns":3.0},{"damage":2.0,"enemies":"Gremlin Leader","floor":28.0,"turns":7.0},{"damage":0.0,"enemies":"3 Cultists","floor":29.0,"turns":3.0},{"damage":1.0,"enemies":"Snake Plant","floor":31.0,"turns":3.0},{"damage":11.0,"enemies":"Collector","floor":33.0,"turns":6.0},{"damage":0.0,"enemies":"Orb Walker","floor":35.0,"turns":2.0},{"damage":33,"enemies":"3 Darklings","floor":39,"turns":3},{"damage":9,"enemies":"Mind Bloom Boss Battle","floor":41,"turns":5},{"damage":1,"enemies":"Spire Growth","floor":42,"turns":3},{"damage":8,"enemies":"Writhing Mass","floor":45,"turns":5},{"damage":26,"enemies":"Jaw Worm Horde","floor":47,"turns":3},{"damage":8,"enemies":"Time Eater","floor":50,"turns":7}],"seed_played":"7658327560960514666","potions_obtained":[{"floor":1.0,"key":"EssenceOfSteel"},{"floor":3.0,"key":"DuplicationPotion"},{"floor":7.0,"key":"Fire Potion"},{"floor":10.0,"key":"GamblersBrew"},{"floor":25.0,"key":"Poison Potion"},{"floor":27.0,"key":"StancePotion"},{"floor":28.0,"key":"SteroidPotion"},{"floor":31.0,"key":"Block Potion"},{"floor":42,"key":"Strength Potion"},{"floor":45,"key":"SkillPotion"},{"floor":47,"key":"PowerPotion"}],"is_trial":false,"path_per_floor":["M","?","M","$","M","?","E","R","T","?","R","E","M","T","R","B",null,"M","T","M","?","M","R","M","M","T","M","E","M","?","M","R","B",null,"M","T","?","T","M","R","?","M","T","R","M","?","M","$","R","B",null],"character_chosen":"WATCHER","items_purchased":["SandsOfTime","Devotion","ReachHeaven","Nunchaku","Melange"],"campfire_rested":2,"item_purchase_floors":[4,48,48,48,48],"current_hp_per_floor":[65,65,65,65,65,58,58,58,58,58,58,58,50,50,50,49,61,59,59,59,59,59,59,59,50,50,50,48,48,36,35,35,49,61,61,61,61,61,28,46,53,52,52,52,44,44,18,18,36,53],"gold":64,"neow_bonus":"THREE_ENEMY_KILL","is_prod":false,"is_daily":false,"chose_seed":false,"campfire_upgraded":6,"win_rate":0,"timestamp":1568709770,"path_taken":["M","?","M","$","M","?","E","R","T","?","R","E","M","?","R","BOSS","M","?","M","?","M","R","M","M","T","M","E","M","?","M","R","BOSS","M","?","?","?","M","R","?","M","T","R","M","?","?","$","R","BOSS"],"build_version":"2019-09-16v2","purchased_purges":1,"victory":true,"max_hp_per_floor":[65,65,65,65,65,65,65,65,65,65,65,65,65,65,65,65,65,65,65,65,65,65,65,65,65,65,65,65,65,65,65,65,65,65,65,65,62,62,62,62,62,62,62,62,62,62,62,62,62,62],"card_choices":[{"not_picked":["FlurryOfBlows","Meditate"],"picked":"TalkToTheHand","floor":1.0},{"not_picked":["ForeignInfluence","Weave"],"picked":"CutThroughFate","floor":3.0},{"not_picked":["ThirdEye","Sanctity"],"picked":"FlyingSleeves","floor":5.0},{"not_picked":["BowlingBash","Crescendo","Consecrate"],"picked":"SKIP","floor":7.0},{"not_picked":["Meditate","PathToVictory","CrushJoints","SandsOfTime"],"picked":"SKIP","floor":12.0},{"not_picked":["Crescendo","Vengeance","Unraveling","FlyingSleeves"],"picked":"SKIP","floor":13.0},{"not_picked":["Alpha","FlowState","BattleHymn"],"picked":"DevaForm","floor":16.0},{"not_picked":["JustLucky","Halt+1","EmptyBody","EmptyMind+1"],"picked":"SKIP","floor":18.0},{"not_picked":["Wireheading","EmptyMind","Halt+1","ThirdEye"],"picked":"SKIP","floor":20.0},{"not_picked":["EmptyBody+1","Protect+1","Weave"],"picked":"WindmillStrike","floor":22.0},{"not_picked":["Nirvana","ClearTheMind","Crescendo","FollowUp"],"picked":"SKIP","floor":24.0},{"not_picked":["Establishment","Tantrum","Vengeance","CrushJoints"],"picked":"SKIP","floor":25.0},{"not_picked":["Consecrate","BowlingBash","DeceiveReality","CrushJoints"],"picked":"SKIP","floor":27.0},{"not_picked":["BowlingBash","Fasting","PathToVictory"],"picked":"Ragnarok","floor":28.0},{"not_picked":["Halt","ThirdEye","SandsOfTime","EmptyFist"],"picked":"SKIP","floor":29.0},{"not_picked":["ThirdEye","CutThroughFate+1","CleanseEvil","CrushJoints"],"picked":"SKIP","floor":31.0},{"not_picked":["Omniscience","SignatureMove","Metaphysics"],"picked":"DevaForm","floor":33.0},{"not_picked":["CrushJoints+1","Tantrum+1","Conclude+1","StepAndStrike+1"],"picked":"SKIP","floor":35.0},{"not_picked":["Evaluate","Protect","ThirdEye+1","CutThroughFate"],"picked":"SKIP","floor":39},{"not_picked":["EmptyBody","ClearTheMind+1","Protect","Evaluate"],"picked":"SKIP","floor":42},{"not_picked":["EmptyFist+1","MentalFortress+1","Crescendo"],"picked":"Devotion+1","floor":45},{"not_picked":["Adaptation+1","Wallop+1","SandsOfTime+1","FlurryOfBlows+1"],"picked":"SKIP","floor":47}],"player_experience":467587,"relics_obtained":[{"floor":7.0,"key":"Question Card"},{"floor":9.0,"key":"Bottled Flame"},{"floor":10.0,"key":"Odd Mushroom"},{"floor":12.0,"key":"Tiny Chest"},{"floor":14.0,"key":"Pantograph"},{"floor":19.0,"key":"Yang"},{"floor":26.0,"key":"Orichalcum"},{"floor":28.0,"key":"Sundial"},{"floor":41,"key":"Peace Pipe"}],"event_choices":[{"damage_healed":0.0,"max_hp_gain":0.0,"max_hp_loss":0.0,"gold_gain":0.0,"event_name":"The Cleric","player_choice":"Leave","floor":2.0,"gold_loss":0.0,"damage_taken":0.0},{"cards_removed":["Strike_P"],"damage_healed":0.0,"max_hp_gain":0.0,"max_hp_loss":0.0,"gold_gain":0.0,"event_name":"Golden Wing","player_choice":"Card Removal","floor":6.0,"gold_loss":0.0,"damage_taken":7.0},{"damage_healed":0.0,"max_hp_gain":0.0,"max_hp_loss":0.0,"gold_gain":0.0,"event_name":"Mushrooms","player_choice":"Fought Mushrooms","floor":10.0,"gold_loss":0.0,"damage_taken":0.0},{"damage_healed":0.0,"max_hp_gain":0.0,"max_hp_loss":0.0,"gold_gain":0.0,"event_name":"The Library","player_choice":"Read","floor":21.0,"gold_loss":0.0,"damage_taken":0.0,"cards_obtained":["StepAndStrike"]},{"damage_healed":0.0,"max_hp_gain":0.0,"max_hp_loss":0.0,"gold_gain":0.0,"event_name":"Knowing Skull","player_choice":"POTION ","floor":30.0,"potions_obtained":["Energy Potion"],"gold_loss":0.0,"damage_taken":12.0,"cards_obtained":[]},{"damage_healed":0,"gold_gain":0,"player_choice":"Max HP","damage_taken":0,"max_hp_gain":0,"max_hp_loss":3,"event_name":"Winding Halls","floor":37,"gold_loss":0},{"damage_healed":0,"gold_gain":0,"player_choice":"Fight","damage_taken":0,"max_hp_gain":0,"max_hp_loss":0,"event_name":"MindBloom","floor":41,"gold_loss":0},{"damage_healed":0,"gold_gain":0,"player_choice":"Ignored","damage_taken":0,"max_hp_gain":0,"max_hp_loss":0,"event_name":"Transmorgrifier","floor":46,"gold_loss":0}],"is_beta":true,"boss_relics":[{"not_picked":["Busted Crown","Ectoplasm"],"picked":"Snecko Eye"},{"not_picked":["Calling Bell","VioletLotus"],"picked":"Cursed Key"}],"items_purged_floors":[48],"is_endless":false,"potions_floor_spawned":[1,3,7,10,25,27,28,31,42,45,47],"ascension_level":5}