{"gold_per_floor":[118,135,155,171,188,221,221,221,221,221,237,249,280,292,292,363,363,381,381,381,79,95,95],"floor_reached":23,"playtime":912,"items_purged":["Strike_B"],"score":400,"play_id":"494c74c5-c0c7-4e84-898c-c8bb7d2f685f","local_time":"20191001220427","is_ascension_mode":true,"campfire_choices":[{"floor":8.0,"key":"REST"},{"data":"Sunder","floor":10.0,"key":"SMITH"},{"floor":15.0,"key":"REST"}],"neow_cost":"NONE","seed_source_timestamp":794499675746900,"circlet_count":0,"master_deck":["AscendersBane","Strike_B","Strike_B","Strike_B","Defend_B+1","Defend_B","Defend_B","Defend_B","Zap","Dualcast","Ball Lightning","BootSequence","Ball Lightning","Sunder+1","Chill+1","Machine Learning+1","Hologram","Defragment+1","Seek","Rebound","Thunder Strike","Go for the Eyes","Cold Snap","Defragment+1","Defragment+1","Coolheaded"],"special_seed":0,"relics":["Cracked Core","NeowsBlessing","Frozen Egg 2","Shovel","Du-Vu Doll","Eternal Feather","DollysMirror"],"potions_floor_usage":[23],"damage_taken":[{"damage":0.0,"enemies":"Cultist","floor":1.0,"turns":1.0},{"damage":0.0,"enemies":"Small Slimes","floor":2.0,"turns":1.0},{"damage":0.0,"enemies":"2 Louse","floor":3.0,"turns":1.0},{"damage":0.0,"enemies":"Red Slaver","floor":4.0,"turns":3.0},{"damage":3.0,"enemies":"Blue Slaver","floor":5.0,"turns":2.0},{"damage":9.0,"enemies":"3 Sentries","floor":6.0,"turns":8.0},{"damage":0.0,"enemies":"Lots of Slimes","floor":11.0,"turns":4.0},{"damage":12.0,"enemies":"Large Slime","floor":12.0,"turns":4.0},{"damage":16.0,"enemies":"Gremlin Nob","floor":13.0,"turns":4.0},{"damage":0.0,"enemies":"Looter","floor":14.0,"turns":2.0},{"damage":18.0,"enemies":"Hexaghost","floor":16.0,"turns":9.0},{"damage":9.0,"enemies":"Shell Parasite","floor":18.0,"turns":4.0},{"damage":13.0,"enemies":"Spheric Guardian","floor":22.0,"turns":5.0},{"damage":44,"enemies":"Slavers","floor":23,"turns":4}],"seed_played":"-4202742434339352995","potions_obtained":[{"floor":1.0,"key":"Poison Potion"},{"floor":11.0,"key":"PowerPotion"},{"floor":12.0,"key":"Fire Potion"},{"floor":13.0,"key":"SkillPotion"},{"floor":18.0,"key":"SneckoOil"}],"is_trial":false,"path_per_floor":["M","M","M","M","M","E","?","R","T","R","M","M","E","M","R","B",null,"M","?","?","$","M","E"],"character_chosen":"DEFECT","items_purchased":["DollysMirror"],"campfire_rested":2,"item_purchase_floors":[21],"current_hp_per_floor":[64,64,64,64,61,52,31,52,52,52,52,40,24,24,45,27,60,51,51,51,51,38,0],"gold":95,"neow_bonus":"THREE_ENEMY_KILL","is_prod":false,"is_daily":false,"chose_seed":false,"campfire_upgraded":1,"win_rate":0,"timestamp":1569935067,"path_taken":["M","M","M","M","M","E","?","R","T","R","M","M","E","M","R","BOSS","M","?","?","$","M","E"],"build_version":"2019-07-17","purchased_purges":1,"victory":false,"max_hp_per_floor":[71,71,71,71,71,71,71,71,71,71,71,71,71,71,71,71,71,71,71,71,71,71,71],"card_choices":[{"not_picked":["Compile Driver","Coolheaded"],"picked":"Ball Lightning","floor":1.0},{"not_picked":["Steam","Doom and Gloom"],"picked":"BootSequence","floor":2.0},{"not_picked":["Hologram","Blizzard"],"picked":"Ball Lightning","floor":3.0},{"not_picked":["Go for the Eyes","Fusion"],"picked":"Sunder","floor":4.0},{"not_picked":["Force Field","Rainbow"],"picked":"Chill","floor":5.0},{"not_picked":["Fusion","Skim"],"picked":"Machine Learning","floor":6.0},{"not_picked":["Barrage","Rebound"],"picked":"Hologram","floor":11.0},{"not_picked":["Go for the Eyes","Barrage"],"picked":"Defragment+1","floor":12.0},{"not_picked":["Double Energy","Steam Power"],"picked":"Seek","floor":13.0},{"not_picked":["Streamline","Sunder"],"picked":"Rebound","floor":14.0},{"not_picked":["Multi-Cast","Hyperbeam"],"picked":"Thunder Strike","floor":16.0},{"not_picked":["Ball Lightning","Scrape"],"picked":"Go for the Eyes","floor":18.0},{"not_picked":["Storm+1","Gash"],"picked":"Coolheaded","floor":22.0}],"player_experience":544043,"relics_obtained":[{"floor":6.0,"key":"Frozen Egg 2"},{"floor":9.0,"key":"Shovel"},{"floor":13.0,"key":"Du-Vu Doll"}],"event_choices":[{"damage_healed":0.0,"max_hp_gain":0.0,"max_hp_loss":0.0,"gold_gain":0.0,"event_name":"Shining Light","player_choice":"Entered Light","floor":7.0,"gold_loss":0.0,"damage_taken":21.0,"cards_upgraded":["Defend_B","Chill"]},{"damage_healed":0.0,"max_hp_gain":0.0,"max_hp_loss":0.0,"gold_gain":0.0,"event_name":"The Library","player_choice":"Read","floor":19.0,"gold_loss":0.0,"damage_taken":0.0,"cards_obtained":["Cold Snap"]},{"damage_healed":0.0,"max_hp_gain":0.0,"max_hp_loss":0.0,"gold_gain":0.0,"event_name":"Duplicator","player_choice":"Copied","floor":20.0,"gold_loss":0.0,"damage_taken":0.0,"cards_obtained":["Defragment"]}],"is_beta":false,"boss_relics":[{"not_picked":["Ectoplasm","Cursed Key"],"picked":"Eternal Feather"}],"items_purged_floors":[21],"is_endless":false,"potions_floor_spawned":[1,11,12,13,16,18],"killed_by":"Slavers","ascension_level":19}