{"gold_per_floor":[109,109,122,53,66,101,101,129,129,129,141,141,141],"floor_reached":13,"playtime":364,"items_purged":[],"score":144,"play_id":"c01649f5-c7d0-41b2-9ddd-ab94f6adc745","local_time":"20191025210934","is_ascension_mode":true,"campfire_choices":[{"floor":7,"key":"REST"},{"data":"Bludgeon","floor":10,"key":"SMITH"}],"neow_cost":"TEN_PERCENT_HP_LOSS","seed_source_timestamp":98735470021200,"circlet_count":0,"master_deck":["AscendersBane","Strike_R","Strike_R","Strike_R","Strike_R","Strike_R","Defend_R","Defend_R","Defend_R","Defend_R","Bash","Corruption","Heavy Blade","Pommel Strike","Evolve","Pummel","Bludgeon+1","Battle Trance","Power Through"],"relics":["Burning Blood","Matryoshka","Sundial","Bag of Preparation","Blue Candle"],"potions_floor_usage":[8],"damage_taken":[{"damage":1,"enemies":"2 Louse","floor":1,"turns":3},{"damage":10,"enemies":"Small Slimes","floor":3,"turns":4},{"damage":6,"enemies":"Cultist","floor":5,"turns":3},{"damage":66,"enemies":"Lagavulin","floor":6,"turns":8},{"damage":15,"enemies":"3 Sentries","floor":8,"turns":6},{"damage":8,"enemies":"Blue Slaver","floor":11,"turns":3},{"damage":56,"enemies":"Lagavulin","floor":13,"turns":5}],"seed_played":"7946731850311120603","potions_obtained":[{"floor":6,"key":"LiquidMemories"},{"floor":8,"key":"FairyPotion"}],"is_trial":false,"path_per_floor":["M","?","M","$","M","E","R","E","T","R","M","$","E"],"character_chosen":"IRONCLAD","items_purchased":["Evolve"],"campfire_rested":1,"item_purchase_floors":[4],"current_hp_per_floor":[72,72,68,68,68,8,29,20,20,20,18,18,0],"gold":141,"neow_bonus":"THREE_RARE_CARDS","is_prod":false,"is_daily":false,"chose_seed":false,"campfire_upgraded":1,"win_rate":0,"timestamp":1572030574,"path_taken":["M","?","M","$","M","E","R","E","T","R","M","$","E"],"build_version":"2019-10-25-V2","purchased_purges":0,"victory":false,"max_hp_per_floor":[72,72,72,72,72,72,72,72,72,72,72,72,72],"card_choices":[{"not_picked":["Brutality","Immolate"],"picked":"Corruption","floor":0},{"not_picked":["Warcry","Clash"],"picked":"Heavy Blade","floor":1},{"not_picked":["Clash","Dual Wield"],"picked":"Pommel Strike","floor":3},{"not_picked":["Heavy Blade","Metallicize"],"picked":"Pummel","floor":5},{"not_picked":["Iron Wave","Cleave"],"picked":"Bludgeon","floor":6},{"not_picked":["Sentinel","Heavy Blade"],"picked":"Battle Trance","floor":8},{"not_picked":["Pommel Strike","Cleave"],"picked":"Power Through","floor":11}],"player_experience":518642,"relics_obtained":[{"floor":6,"key":"Matryoshka"},{"floor":8,"key":"Sundial"},{"floor":9,"key":"Bag of Preparation"},{"floor":9,"key":"Blue Candle"}],"event_choices":[{"damage_healed":0,"gold_gain":0,"player_choice":"Ignored","damage_taken":0,"max_hp_gain":0,"max_hp_loss":0,"event_name":"Liars Game","floor":2,"gold_loss":0}],"is_beta":true,"boss_relics":[],"items_purged_floors":[],"is_endless":false,"potions_floor_spawned":[6,8],"killed_by":"Lagavulin","ascension_level":11}