{"gold_per_floor":[113,124,124,137,155,155,171,171,171,171,191,204,204],"floor_reached":13,"playtime":436,"items_purged":[],"score":130,"play_id":"56549d24-8a40-4f28-b140-40537cd6ff07","local_time":"20191021215817","is_ascension_mode":true,"campfire_choices":[{"floor":6,"key":"REST"},{"data":"Bouncing Flask","floor":8,"key":"SMITH"}],"neow_cost":"PERCENT_DAMAGE","seed_source_timestamp":201533609542400,"circlet_count":0,"master_deck":["AscendersBane","Strike_G","Strike_G","Strike_G","Strike_G","Strike_G","Defend_G","Defend_G","Defend_G","Defend_G","Defend_G","Survivor","Neutralize","Bullet Time","Caltrops","Bouncing Flask+1","Night Terror","Choke"],"relics":["Ring of the Snake","CaptainsWheel"],"potions_floor_usage":[13],"damage_taken":[{"damage":2,"enemies":"Cultist","floor":1,"turns":4},{"damage":2,"enemies":"Small Slimes","floor":2,"turns":4},{"damage":0,"enemies":"Jaw Worm","floor":4,"turns":5},{"damage":20,"enemies":"Exordium Thugs","floor":5,"turns":5},{"damage":11,"enemies":"2 Fungi Beasts","floor":7,"turns":6},{"damage":14,"enemies":"Exordium Wildlife","floor":11,"turns":5},{"damage":10,"enemies":"Lots of Slimes","floor":12,"turns":6},{"damage":7,"enemies":"3 Louse","floor":13,"turns":1}],"seed_played":"-5409726252639487393","potions_obtained":[{"floor":4,"key":"EssenceOfSteel"},{"floor":11,"key":"Fire Potion"}],"is_trial":false,"path_per_floor":["M","M","$","M","M","R","M","R","T","$","M","M","M"],"character_chosen":"THE_SILENT","items_purchased":[],"campfire_rested":1,"item_purchase_floors":[],"current_hp_per_floor":[43,41,41,41,21,42,31,31,31,31,17,7,0],"gold":204,"neow_bonus":"THREE_RARE_CARDS","is_prod":false,"is_daily":false,"chose_seed":false,"campfire_upgraded":1,"win_rate":0,"timestamp":1571662697,"path_taken":["M","M","$","M","M","R","M","R","T","$","M","M","?"],"build_version":"2019-10-18","purchased_purges":0,"victory":false,"max_hp_per_floor":[70,70,70,70,70,70,70,70,70,70,70,70,70],"card_choices":[{"not_picked":["Malaise","Die Die Die"],"picked":"Bullet Time","floor":0},{"not_picked":["Acrobatics","Blade Dance","Bane"],"picked":"SKIP","floor":1},{"not_picked":["Prepared","Setup"],"picked":"Caltrops","floor":2},{"not_picked":["Dodge and Roll","Sucker Punch"],"picked":"Bouncing Flask","floor":4},{"not_picked":["PiercingWail","Dagger Throw"],"picked":"Night Terror","floor":5},{"not_picked":["Reflex","Prepared","Underhanded Strike"],"picked":"SKIP","floor":7},{"not_picked":["Deadly Poison","PiercingWail"],"picked":"Choke","floor":11},{"not_picked":["Blade Dance","Underhanded Strike","Die Die Die"],"picked":"SKIP","floor":12}],"player_experience":709127,"relics_obtained":[{"floor":9,"key":"CaptainsWheel"}],"event_choices":[],"is_beta":true,"boss_relics":[],"items_purged_floors":[],"is_endless":false,"potions_floor_spawned":[4,11],"killed_by":"3 Louse","ascension_level":13}