{"gold_per_floor":[116,129,54,54,74,100,100,175,200,105,105,105,121,137,137,235,235,249,67,86,11,24,24,59,59,110,110,110,122,49,59,59,155,155,168,187,205,221,82,82,114,128,128,128,176,176,196,196,196,196],"floor_reached":51,"playtime":2346,"items_purged":["Parasite","Strike_G"],"score":982,"play_id":"92f4371e-6095-43b0-9a8f-92e6d8bd8f8b","local_time":"20191011114532","is_ascension_mode":true,"campfire_choices":[{"data":"Bouncing Flask","floor":7.0,"key":"SMITH"},{"data":"Bane","floor":11.0,"key":"SMITH"},{"data":"Footwork","floor":15.0,"key":"SMITH"},{"data":"Well Laid Plans","floor":23.0,"key":"SMITH"},{"data":"Catalyst","floor":25.0,"key":"SMITH"},{"data":"Wraith Form v2","floor":27.0,"key":"SMITH"},{"data":"Dodge and Roll","floor":32,"key":"SMITH"},{"data":"Blur","floor":40,"key":"SMITH"},{"floor":44,"key":"REST"},{"floor":49,"key":"REST"}],"neow_cost":"CURSE","seed_source_timestamp":40829590878000,"circlet_count":0,"master_deck":["Strike_G","Defend_G","Defend_G","Defend_G","Defend_G","Defend_G","Survivor","Neutralize+1","Bouncing Flask+1","Catalyst+1","Bane+1","Footwork+1","Blur+1","Wraith Form v2+1","Dodge and Roll+1","Mayhem","Well Laid Plans+1","Crippling Poison+1","Noxious Fumes","Corpse Explosion","Catalyst+1","Deadly Poison+1","Blur","Bullet Time","Dodge and Roll","Footwork+1"],"special_seed":0,"relics":["Ring of the Snake","Mango","Oddly Smooth Stone","Boot","Empty Cage","Art of War","Toy Ornithopter","Velvet Choker","Thread and Needle","Letter Opener"],"potions_floor_usage":[50,50],"damage_taken":[{"damage":4.0,"enemies":"Small Slimes","floor":1.0,"turns":4.0},{"damage":0.0,"enemies":"2 Louse","floor":2.0,"turns":4.0},{"damage":0.0,"enemies":"Jaw Worm","floor":5.0,"turns":4.0},{"damage":20.0,"enemies":"Gremlin Nob","floor":6.0,"turns":5.0},{"damage":0.0,"enemies":"2 Fungi Beasts","floor":13.0,"turns":5.0},{"damage":2.0,"enemies":"Blue Slaver","floor":14.0,"turns":4.0},{"damage":1.0,"enemies":"The Guardian","floor":16.0,"turns":9.0},{"damage":8.0,"enemies":"Chosen","floor":18.0,"turns":8.0},{"damage":0.0,"enemies":"Spheric Guardian","floor":20.0,"turns":5.0},{"damage":4.0,"enemies":"Snecko","floor":22.0,"turns":6.0},{"damage":33.0,"enemies":"Slavers","floor":24.0,"turns":8.0},{"damage":8,"enemies":"Snake Plant","floor":29,"turns":5},{"damage":1,"enemies":"Cultist and Chosen","floor":31,"turns":6},{"damage":12,"enemies":"Automaton","floor":33,"turns":11},{"damage":0,"enemies":"Orb Walker","floor":35,"turns":6},{"damage":6,"enemies":"3 Shapes","floor":36,"turns":4},{"damage":0,"enemies":"Spire Growth","floor":37,"turns":5},{"damage":5,"enemies":"Transient","floor":38,"turns":5},{"damage":24,"enemies":"Nemesis","floor":41,"turns":7},{"damage":6,"enemies":"Sphere and 2 Shapes","floor":42,"turns":6},{"damage":0,"enemies":"2 Orb Walkers","floor":45,"turns":5},{"damage":0,"enemies":"3 Darklings","floor":47,"turns":3},{"damage":29,"enemies":"Awakened One","floor":50,"turns":14}],"seed_played":"5872396308994128639","potions_obtained":[{"floor":2.0,"key":"Block Potion"},{"floor":13.0,"key":"GamblersBrew"},{"floor":16.0,"key":"Explosive Potion"},{"floor":29,"key":"SpeedPotion"},{"floor":37,"key":"Weak Potion"},{"floor":38,"key":"AttackPotion"}],"is_trial":false,"path_per_floor":["M","M","$","?","M","E","R","?","T","$","R","?","M","M","R","B",null,"M","$","M","?","M","R","E","R","T","R","?","M","$","M","R","B",null,"M","M","M","M","$","R","E","M","T","R","?","?","M","?","R","B",null],"character_chosen":"THE_SILENT","items_purchased":["Catalyst","Bane","Mayhem","Noxious Fumes","Blur"],"campfire_rested":2,"item_purchase_floors":[10,10,19,30,39],"current_hp_per_floor":[73,73,73,73,73,53,53,42,42,42,42,47,47,45,45,44,76,68,68,68,68,64,64,31,31,31,31,59,51,51,50,50,38,74,74,68,68,63,63,63,39,33,33,58,58,58,58,58,83,64],"gold":196,"neow_bonus":"ONE_RARE_RELIC","is_prod":false,"is_daily":false,"chose_seed":false,"campfire_upgraded":8,"win_rate":0,"timestamp":1570761932,"path_taken":["M","M","$","?","M","E","R","?","T","?","R","?","?","M","R","BOSS","M","$","M","?","M","R","E","R","T","R","?","M","?","M","R","BOSS","M","M","M","M","$","R","E","M","T","R","?","?","?","?","R","BOSS"],"build_version":"2019-10-10","purchased_purges":2,"victory":true,"max_hp_per_floor":[84,84,81,81,81,81,81,81,81,81,81,86,86,86,86,86,86,86,86,86,86,86,86,86,86,86,86,86,86,86,86,86,86,86,86,86,86,86,86,86,86,86,86,86,86,86,86,86,86,86],"card_choices":[{"not_picked":["Eviscerate","Masterful Stab","Underhanded Strike"],"picked":"SKIP","floor":1.0},{"not_picked":["Finisher","Endless Agony"],"picked":"Bouncing Flask","floor":2.0},{"not_picked":["Slice","Calculated Gamble","Reflex"],"picked":"SKIP","floor":5.0},{"not_picked":["Riddle With Holes","Expertise","Infinite Blades"],"picked":"SKIP","floor":6.0},{"not_picked":["Blade Dance","Slice"],"picked":"Footwork","floor":13.0},{"not_picked":["Eviscerate","Blade Dance"],"picked":"Blur","floor":14.0},{"not_picked":["Doppelganger","A Thousand Cuts"],"picked":"Wraith Form v2","floor":16.0},{"not_picked":["Quick Slash","Calculated Gamble"],"picked":"Dodge and Roll","floor":18.0},{"not_picked":["Infinite Blades","Reflex+1"],"picked":"Well Laid Plans","floor":20.0},{"not_picked":["Escape Plan","Dash","PiercingWail"],"picked":"SKIP","floor":22.0},{"not_picked":["Escape Plan","Dash","PiercingWail"],"picked":"SKIP","floor":22.0},{"not_picked":["Tactician+1","Acrobatics+1"],"picked":"Crippling Poison+1","floor":24.0},{"not_picked":["Dagger Throw","Setup","Slice+1"],"picked":"SKIP","floor":29},{"not_picked":["Bouncing Flask+1","Outmaneuver","Dagger Throw"],"picked":"SKIP","floor":31},{"not_picked":["Phantasmal Killer","Night Terror"],"picked":"Corpse Explosion","floor":33},{"not_picked":["Concentrate+1","Underhanded Strike","Escape Plan+1"],"picked":"SKIP","floor":35},{"not_picked":["Deadly Poison","Crippling Poison+1"],"picked":"Catalyst+1","floor":36},{"not_picked":["Bane+1","Blade Dance","Outmaneuver"],"picked":"SKIP","floor":37},{"not_picked":["Choke","PiercingWail+1"],"picked":"Deadly Poison+1","floor":38},{"not_picked":["Prepared+1","Infinite Blades"],"picked":"Bullet Time","floor":41},{"not_picked":["Flying Knee","Tactician+1"],"picked":"Dodge and Roll","floor":42},{"not_picked":["Dagger Spray","Deflect+1","Infinite Blades+1"],"picked":"SKIP","floor":47}],"player_experience":637251,"relics_obtained":[{"floor":6.0,"key":"Oddly Smooth Stone"},{"floor":9.0,"key":"Boot"},{"floor":24.0,"key":"Art of War"},{"floor":26.0,"key":"Toy Ornithopter"},{"floor":41,"key":"Thread and Needle"},{"floor":43,"key":"Letter Opener"}],"event_choices":[{"damage_healed":0.0,"max_hp_gain":0.0,"max_hp_loss":0.0,"gold_gain":0.0,"event_name":"Living Wall","player_choice":"Grow","floor":4.0,"gold_loss":0.0,"damage_taken":0.0,"cards_upgraded":["Neutralize"]},{"damage_healed":0.0,"max_hp_gain":0.0,"max_hp_loss":0.0,"gold_gain":75.0,"event_name":"World of Goop","player_choice":"Gather Gold","floor":8.0,"gold_loss":0.0,"damage_taken":11.0},{"damage_healed":0.0,"max_hp_gain":5.0,"max_hp_loss":0.0,"gold_gain":0.0,"event_name":"Big Fish","player_choice":"Donut","floor":12.0,"gold_loss":0.0,"damage_taken":0.0},{"cards_removed":["Strike_G"],"damage_healed":0.0,"max_hp_gain":0.0,"max_hp_loss":0.0,"gold_gain":0.0,"event_name":"Beggar","player_choice":"Gave Gold","floor":21.0,"gold_loss":75.0,"damage_taken":0.0},{"damage_healed":28,"gold_gain":0,"player_choice":"Heal","damage_taken":0,"max_hp_gain":0,"max_hp_loss":0,"event_name":"The Library","floor":28,"gold_loss":0},{"damage_healed":0,"gold_gain":0,"player_choice":"Fight","damage_taken":0,"max_hp_gain":0,"max_hp_loss":0,"event_name":"Mysterious Sphere","floor":45,"gold_loss":0},{"damage_healed":0,"gold_gain":0,"player_choice":"Copied","damage_taken":0,"max_hp_gain":0,"max_hp_loss":0,"event_name":"Duplicator","floor":46,"gold_loss":0,"cards_obtained":["Footwork"]},{"damage_healed":0,"gold_gain":0,"player_choice":"Memory 1","damage_taken":0,"max_hp_gain":0,"max_hp_loss":0,"event_name":"SensoryStone","floor":48,"gold_loss":0}],"is_beta":true,"boss_relics":[{"not_picked":["Tiny House","Snecko Eye"],"picked":"Empty Cage"},{"not_picked":["Ring of the Serpent","SacredBark"],"picked":"Velvet Choker"}],"items_purged_floors":[3,39],"is_endless":false,"potions_floor_spawned":[2,13,16,20,29,37,38,45],"ascension_level":7}