{"gold_per_floor":[17,30,30,51,51,94,94,94,168,168,243,25,50,65,65,188,188,208,227,227,252,26,26],"floor_reached":23,"playtime":1044,"items_purged":["Strike_G","Writhe"],"score":287,"play_id":"e82cee4a-9d04-4579-ace4-7c1ee097c97d","local_time":"20191012195906","is_ascension_mode":true,"campfire_choices":[{"floor":7.0,"key":"REST"},{"data":"Footwork","floor":8.0,"key":"SMITH"},{"data":"Sucker Punch","floor":10.0,"key":"SMITH"},{"data":"Deflect","floor":15.0,"key":"SMITH"}],"neow_cost":"NO_GOLD","seed_source_timestamp":158110170160300,"circlet_count":0,"master_deck":["AscendersBane","Strike_G","Strike_G","Strike_G","Defend_G","Defend_G","Defend_G","Defend_G","Defend_G","Survivor","Neutralize","Sucker Punch+1","Deadly Poison","Flying Knee","Footwork+1","PiercingWail","Deflect+1","Envenom","CurseOfTheBell","Cloak And Dagger","Blade Dance+1","Footwork"],"special_seed":0,"relics":["Ring of the Snake","WingedGreaves","Golden Idol","Lantern","Ornamental Fan","Strawberry","Calling Bell","Blood Vial","The Courier","TungstenRod","Toxic Egg 2","Snake Skull"],"potions_floor_usage":[23],"damage_taken":[{"damage":3.0,"enemies":"Small Slimes","floor":1.0,"turns":4.0},{"damage":0.0,"enemies":"Jaw Worm","floor":2.0,"turns":5.0},{"damage":0.0,"enemies":"2 Louse","floor":4.0,"turns":2.0},{"damage":26.0,"enemies":"Lagavulin","floor":6.0,"turns":8.0},{"damage":2.0,"enemies":"Gremlin Gang","floor":13.0,"turns":2.0},{"damage":1.0,"enemies":"Large Slime","floor":14.0,"turns":9.0},{"damage":14.0,"enemies":"The Guardian","floor":16.0,"turns":16.0},{"damage":24.0,"enemies":"Chosen","floor":18.0,"turns":10.0},{"damage":4.0,"enemies":"Shell Parasite","floor":19.0,"turns":12.0},{"damage":5.0,"enemies":"Centurion and Healer","floor":21.0,"turns":15.0},{"damage":36,"enemies":"Gremlin Leader","floor":23,"turns":6}],"seed_played":"-4086022561561976813","potions_obtained":[{"floor":2.0,"key":"Explosive Potion"},{"floor":6.0,"key":"Swift Potion"},{"floor":14.0,"key":"Explosive Potion"},{"floor":18.0,"key":"Swift Potion"}],"is_trial":false,"path_per_floor":["M","M","?","M","?","E","R","R","T","R","?","$","M","M","R","B",null,"M","M","?","M","$","E"],"character_chosen":"THE_SILENT","items_purchased":["Strawberry","Snake Skull","Footwork"],"campfire_rested":1,"item_purchase_floors":[12,22,22],"current_hp_per_floor":[60,60,43,43,36,10,31,31,31,31,20,27,25,24,24,10,60,38,36,36,33,33,0],"gold":26,"neow_bonus":"ONE_RARE_RELIC","is_prod":false,"is_daily":false,"chose_seed":false,"campfire_upgraded":3,"win_rate":0,"timestamp":1570877946,"path_taken":["M","M","?","M","?","E","R","R","T","R","?","$","M","?","R","BOSS","M","M","?","M","$","E"],"build_version":"2019-10-11","purchased_purges":2,"victory":false,"max_hp_per_floor":[70,70,70,70,70,70,70,70,70,70,70,77,77,77,77,77,77,77,77,77,77,77,77],"card_choices":[{"not_picked":["Dagger Throw","Deflect"],"picked":"Sucker Punch","floor":1.0},{"not_picked":["Sucker Punch","A Thousand Cuts"],"picked":"Deadly Poison","floor":2.0},{"not_picked":["Acrobatics","Infinite Blades"],"picked":"Flying Knee","floor":4.0},{"not_picked":["Flying Knee","Sucker Punch"],"picked":"Footwork","floor":6.0},{"not_picked":["Underhanded Strike","Slice"],"picked":"PiercingWail","floor":13.0},{"not_picked":["Blade Dance","Leg Sweep"],"picked":"Deflect","floor":14.0},{"not_picked":["Unload","A Thousand Cuts"],"picked":"Envenom","floor":16.0},{"not_picked":["Dash","Acrobatics"],"picked":"Cloak And Dagger","floor":18.0},{"not_picked":["Flying Knee","Underhanded Strike+1","PiercingWail"],"picked":"SKIP","floor":19.0},{"not_picked":["Flying Knee","Catalyst+1"],"picked":"Blade Dance+1","floor":21.0}],"player_experience":665020,"relics_obtained":[{"floor":6.0,"key":"Lantern"},{"floor":9.0,"key":"Ornamental Fan"},{"floor":17.0,"key":"Blood Vial"},{"floor":17.0,"key":"The Courier"},{"floor":17.0,"key":"TungstenRod"}],"event_choices":[{"damage_healed":0.0,"max_hp_gain":0.0,"max_hp_loss":0.0,"gold_gain":0.0,"event_name":"Golden Idol","player_choice":"Take Damage","floor":3.0,"gold_loss":0.0,"damage_taken":17.0,"relics_obtained":["Golden Idol"]},{"cards_removed":["Strike_G"],"damage_healed":0.0,"max_hp_gain":0.0,"max_hp_loss":0.0,"gold_gain":0.0,"event_name":"Golden Wing","player_choice":"Card Removal","floor":5.0,"gold_loss":0.0,"damage_taken":7.0},{"damage_healed":0.0,"max_hp_gain":0.0,"max_hp_loss":0.0,"gold_gain":75.0,"event_name":"World of Goop","player_choice":"Gather Gold","floor":11.0,"gold_loss":0.0,"damage_taken":11.0},{"damage_healed":0.0,"max_hp_gain":0.0,"max_hp_loss":0.0,"gold_gain":0.0,"event_name":"The Mausoleum","player_choice":"Opened","floor":20.0,"gold_loss":0.0,"damage_taken":0.0,"relics_obtained":["Toxic Egg 2"],"cards_obtained":["Writhe"]}],"is_beta":true,"boss_relics":[{"not_picked":["Fusion Hammer","Black Star"],"picked":"Calling Bell"}],"items_purged_floors":[12,22],"is_endless":false,"potions_floor_spawned":[2,6,14,18,21],"killed_by":"Gremlin Leader","ascension_level":10}