{"gold_per_floor":[109,184,194,194,214,239,239,255,300,300,250,425,444,456,456,560,560,574,238,251,251,269,269,279,208,288,288],"floor_reached":27,"playtime":1100,"items_purged":[],"score":247,"play_id":"5446f336-3133-481b-b62d-04b12579e970","local_time":"20190928131003","is_ascension_mode":true,"campfire_choices":[{"data":"True Grit","floor":7,"key":"SMITH"},{"data":"Body Slam","floor":10,"key":"SMITH"},{"floor":15,"key":"REST"},{"data":"RitualDagger","floor":23,"key":"SMITH"}],"neow_cost":"NONE","seed_source_timestamp":503136735303100,"circlet_count":0,"master_deck":["Strike_R","Strike_R","Strike_R+1","Strike_R","Defend_R","Defend_R","Defend_R+1","Defend_R","Bash","Iron Wave","Body Slam+1","True Grit+1","Fiend Fire","Warcry","Doubt","Uppercut","Headbutt","Immolate","Shrug It Off","Blind","Anger+1","RitualDagger+1","Pommel Strike+1","Power Through"],"relics":["Burning Blood","NeowsBlessing","Pantograph","Bag of Marbles","Sozu","Matryoshka","Shuriken","Tiny Chest"],"potions_floor_usage":[16],"damage_taken":[{"damage":0,"enemies":"Small Slimes","floor":1,"turns":1},{"damage":0,"enemies":"Jaw Worm","floor":3,"turns":1},{"damage":0,"enemies":"Cultist","floor":5,"turns":1},{"damage":49,"enemies":"Lagavulin","floor":6,"turns":8},{"damage":5,"enemies":"Red Slaver","floor":8,"turns":3},{"damage":6,"enemies":"Gremlin Gang","floor":13,"turns":6},{"damage":6,"enemies":"Looter","floor":14,"turns":3},{"damage":68,"enemies":"Hexaghost","floor":16,"turns":13},{"damage":15,"enemies":"Spheric Guardian","floor":18,"turns":4},{"damage":0,"enemies":"Chosen","floor":20,"turns":3},{"damage":12,"enemies":"Centurion and Healer","floor":22,"turns":4},{"damage":34,"enemies":"Sentry and Sphere","floor":24,"turns":6},{"damage":41,"enemies":"Book of Stabbing","floor":27,"turns":5}],"seed_played":"-458404561113083889","potions_obtained":[{"floor":1,"key":"FearPotion"},{"floor":8,"key":"Dexterity Potion"},{"floor":16,"key":"GamblersBrew"}],"is_trial":false,"path_per_floor":["M","?","M","?","M","E","R","M","T","R","?","?","M","M","R","B",null,"M","$","M","?","M","R","M","$","T","E"],"character_chosen":"IRONCLAD","items_purchased":["Blind","Matryoshka","Power Through"],"campfire_rested":1,"item_purchase_floors":[19,19,25],"current_hp_per_floor":[80,69,75,59,65,22,22,23,23,23,23,23,23,23,47,10,80,71,71,77,71,65,65,37,37,37,0],"gold":288,"neow_bonus":"THREE_ENEMY_KILL","is_prod":false,"is_daily":false,"chose_seed":false,"campfire_upgraded":3,"win_rate":0,"timestamp":1569643803,"path_taken":["M","?","M","?","M","E","R","M","T","R","?","?","M","M","R","BOSS","M","$","M","?","M","R","M","$","T","E"],"build_version":"2019-07-17","purchased_purges":0,"victory":false,"max_hp_per_floor":[80,80,80,80,80,80,80,80,80,80,80,80,80,80,80,80,80,80,80,80,80,80,80,80,80,80,80],"card_choices":[{"not_picked":["Burning Pact","Flex"],"picked":"Iron Wave","floor":1},{"not_picked":["Cleave","Sword Boomerang"],"picked":"Body Slam","floor":3},{"not_picked":["Intimidate","Dual Wield"],"picked":"True Grit","floor":5},{"not_picked":["Rampage","Havoc"],"picked":"Fiend Fire","floor":6},{"not_picked":["Clash","Rage"],"picked":"Warcry","floor":8},{"not_picked":["Infernal Blade","Clash"],"picked":"Uppercut","floor":13},{"not_picked":["Sword Boomerang","Clash"],"picked":"Headbutt","floor":14},{"not_picked":["Limit Break","Juggernaut"],"picked":"Immolate","floor":16},{"not_picked":["Iron Wave","Anger"],"picked":"Shrug It Off","floor":18},{"not_picked":["Thunderclap","Wild Strike"],"picked":"Anger+1","floor":20},{"not_picked":["Rage","Dual Wield"],"picked":"Pommel Strike+1","floor":22},{"not_picked":["Clothesline","Sword Boomerang","Clash"],"picked":"SKIP","floor":24}],"player_experience":497977,"relics_obtained":[{"floor":6,"key":"Pantograph"},{"floor":9,"key":"Bag of Marbles"},{"floor":26,"key":"Shuriken"},{"floor":26,"key":"Tiny Chest"}],"event_choices":[{"damage_healed":0,"gold_gain":75,"player_choice":"Gather Gold","damage_taken":11,"max_hp_gain":0,"max_hp_loss":0,"event_name":"World of Goop","floor":2,"gold_loss":0},{"damage_healed":0,"gold_gain":0,"player_choice":"Entered Light","damage_taken":16,"max_hp_gain":0,"max_hp_loss":0,"event_name":"Shining Light","floor":4,"gold_loss":0,"cards_upgraded":["Strike_R","Defend_R"]},{"cards_removed":["Strike_R"],"damage_healed":0,"gold_gain":0,"player_choice":"Card Removal","damage_taken":0,"max_hp_gain":0,"max_hp_loss":0,"event_name":"The Cleric","floor":11,"gold_loss":50},{"damage_healed":0,"gold_gain":175,"player_choice":"AGREE","damage_taken":0,"max_hp_gain":0,"max_hp_loss":0,"event_name":"Liars Game","floor":12,"gold_loss":0,"cards_obtained":["Doubt"]},{"damage_healed":0,"gold_gain":0,"player_choice":"Joined the Cult","damage_taken":6,"max_hp_gain":0,"max_hp_loss":0,"event_name":"Nest","floor":21,"gold_loss":0,"cards_obtained":["RitualDagger"]}],"is_beta":false,"boss_relics":[{"not_picked":["Coffee Dripper","Pandora\u0027s Box"],"picked":"Sozu"}],"items_purged_floors":[],"is_endless":false,"potions_floor_spawned":[1,8,16,22,24],"killed_by":"Book of Stabbing","ascension_level":3}