{"gold_per_floor":[365,381,395,413,363,363,382,382,382,395,427,427,438,513,513,614,614,631,631,631,356,376,376,404,404,404,404,404,98,98,115,115,215,215,234,251,126,142,142,142,152,104,104,104,104,104,104,118,118,118],"floor_reached":50,"playtime":4855,"items_purged":["Strike_R","Strike_R","Strike_R"],"score":529,"play_id":"0ff150c4-0a8b-4283-804c-b0fbe11711fd","local_time":"20180804182257","is_ascension_mode":true,"campfire_choices":[{"data":"Bash","floor":6.0,"key":"SMITH"},{"data":"Pummel","floor":8.0,"key":"SMITH"},{"data":"Armaments","floor":12.0,"key":"SMITH"},{"floor":15.0,"key":"REST"},{"data":"Infernal Blade","floor":23.0,"key":"SMITH"},{"data":"Flex","floor":25.0,"key":"SMITH"},{"data":"True Grit","floor":28.0,"key":"SMITH"},{"data":"Flex","floor":32.0,"key":"SMITH"},{"floor":40,"key":"REST"},{"data":"1","floor":49,"key":"LIFT"}],"neow_cost":"FIFTY_PERCENT_DAMAGE","seed_source_timestamp":104245031997912,"circlet_count":0,"master_deck":["Strike_R","Defend_R","Defend_R","Defend_R","Defend_R","Bash+1","Pommel Strike","Twin Strike","Thunderclap","Pummel+1","Flex+1","Armaments+1","Impervious","Infernal Blade+1","RitualDagger","Cleave","Flex+1","Battle Trance","True Grit+1","Madness","Madness"],"special_seed":0,"relics":["Burning Blood","Letter Opener","Pantograph","Busted Crown","Mummified Hand","Orichalcum","ClockworkSouvenir","Fusion Hammer","Paper Frog","Girya"],"potions_floor_usage":[38,50,50],"damage_taken":[{"damage":2.0,"enemies":"Jaw Worm","floor":1.0,"turns":3.0},{"damage":9.0,"enemies":"2 Louse","floor":2.0,"turns":2.0},{"damage":1.0,"enemies":"Cultist","floor":3.0,"turns":3.0},{"damage":7.0,"enemies":"Looter","floor":4.0,"turns":3.0},{"damage":19.0,"enemies":"3 Louse","floor":7.0,"turns":3.0},{"damage":22.0,"enemies":"Exordium Thugs","floor":10.0,"turns":5.0},{"damage":8.0,"enemies":"Gremlin Nob","floor":11.0,"turns":3.0},{"damage":1.0,"enemies":"Exordium Wildlife","floor":13.0,"turns":3.0},{"damage":55.0,"enemies":"Slime Boss","floor":16.0,"turns":11.0},{"damage":15.0,"enemies":"Shell Parasite","floor":18.0,"turns":6.0},{"damage":7.0,"enemies":"Chosen","floor":22.0,"turns":3.0},{"damage":21.0,"enemies":"Slavers","floor":24.0,"turns":6.0},{"damage":0.0,"enemies":"Snecko","floor":31.0,"turns":3.0},{"damage":50.0,"enemies":"Automaton","floor":33.0,"turns":11.0},{"damage":9.0,"enemies":"Orb Walker","floor":35.0,"turns":3.0},{"damage":0,"enemies":"Flame Bruiser 1 Orb","floor":36,"turns":2},{"damage":22,"enemies":"Spire Growth","floor":38,"turns":4},{"damage":0,"enemies":"Transient","floor":41,"turns":5},{"damage":33,"floor":46,"turns":8},{"damage":0,"enemies":"3 Darklings","floor":48,"turns":1},{"damage":82,"enemies":"Awakened One","floor":50,"turns":7}],"seed_played":"-1268565169993628667","potions_obtained":[{"floor":2.0,"key":"Strength Potion"},{"floor":10.0,"key":"Ancient Potion"},{"floor":13.0,"key":"Energy Potion"},{"floor":16.0,"key":"SteroidPotion"},{"floor":24.0,"key":"SteroidPotion"},{"floor":31.0,"key":"SneckoOil"},{"floor":38,"key":"Poison Potion"}],"is_trial":false,"path_per_floor":["M","M","M","M","?","R","M","R","T","M","E","R","M","?","R","B",null,"M","?","?","$","M","R","E","R","T","?","R","$","?","M","R","B",null,"M","M","$","M","?","R","M","$","T","$","?","?","?","M","R"],"character_chosen":"IRONCLAD","items_purchased":["Strength Potion","Cleave","Flex","Metallicize","ClockworkSouvenir","Strength Potion"],"campfire_rested":2,"item_purchase_floors":[21,21,21,21,29,42],"current_hp_per_floor":[44,41,46,45,45,45,32,32,32,16,14,14,19,8,32,8,80,71,65,65,65,64,64,49,49,49,49,49,49,49,55,55,36,80,77,80,80,64,64,80,80,80,80,80,70,53,53,59,59,0],"gold":118,"neow_bonus":"TWO_FIFTY_GOLD","is_prod":false,"is_daily":false,"chose_seed":false,"campfire_upgraded":7,"win_rate":0,"timestamp":1533399777,"path_taken":["M","M","M","M","?","R","M","R","T","M","E","R","?","?","R","BOSS","M","?","?","$","M","R","E","R","T","?","R","$","?","?","R","BOSS","M","M","$","M","?","R","M","$","T","$","?","?","?","M","R","BOSS"],"build_version":"2018-08-02","purchased_purges":3,"victory":false,"max_hp_per_floor":[80,80,80,80,80,80,80,80,80,80,80,80,80,80,80,80,80,80,80,80,80,80,80,80,80,80,80,80,80,80,80,80,80,80,80,80,80,80,80,80,80,80,80,80,80,80,80,80,80,80],"card_choices":[{"not_picked":["Second Wind","Rampage"],"picked":"Pommel Strike","floor":1.0},{"not_picked":["Rampage","Rupture"],"picked":"Twin Strike","floor":2.0},{"not_picked":["Pommel Strike","Wild Strike"],"picked":"Thunderclap","floor":3.0},{"not_picked":["Armaments","Sword Boomerang"],"picked":"Pummel","floor":4.0},{"not_picked":["Combust","Carnage","Corruption"],"picked":"SKIP","floor":7.0},{"not_picked":["Anger","Feel No Pain"],"picked":"Flex","floor":10.0},{"not_picked":["Warcry","Havoc"],"picked":"Armaments","floor":11.0},{"not_picked":["Bloodletting","Body Slam","Corruption"],"picked":"SKIP","floor":13.0},{"not_picked":["Juggernaut","Bludgeon"],"picked":"Impervious","floor":16.0},{"not_picked":[],"picked":"Infernal Blade","floor":18.0},{"not_picked":["Dropkick+1"],"picked":"SKIP","floor":22.0},{"not_picked":[],"picked":"Battle Trance","floor":24.0},{"not_picked":["Cleave"],"picked":"SKIP","floor":31.0},{"not_picked":["Bloodletting+1"],"picked":"SKIP","floor":35},{"not_picked":["Rampage"],"picked":"SKIP","floor":36},{"not_picked":["Havoc+1"],"picked":"SKIP","floor":38},{"not_picked":["Flex"],"picked":"SKIP","floor":41},{"not_picked":["Sword Boomerang"],"picked":"SKIP","floor":48}],"player_experience":79242,"relics_obtained":[{"floor":9.0,"key":"Letter Opener"},{"floor":11.0,"key":"Pantograph"},{"floor":24.0,"key":"Mummified Hand"},{"floor":26.0,"key":"Orichalcum"},{"floor":43,"key":"Paper Frog"},{"floor":46,"key":"Girya"}],"event_choices":[{"event_name":"The Cleric","player_choice":"Card Removal","floor":5.0,"damage_taken":0.0},{"event_name":"World of Goop","player_choice":"Gather Gold","floor":14.0,"damage_taken":0.0},{"event_name":"Nest","player_choice":"Joined the Cult","floor":19.0,"damage_taken":0.0},{"event_name":"Cursed Tome","player_choice":"Ignored","floor":20.0,"damage_taken":0.0},{"event_name":"The Library","player_choice":"Read","floor":27.0,"damage_taken":0.0},{"event_name":"Addict","player_choice":"Ignored","floor":30.0,"damage_taken":0.0},{"event_name":"Mysterious Sphere","player_choice":"Ignore","floor":39,"damage_taken":0},{"event_name":"Winding Halls","player_choice":"Embrace Madness","floor":45,"damage_taken":0},{"event_name":"MindBloom","player_choice":"Fight","floor":46,"damage_taken":0},{"event_name":"Falling","player_choice":"Removed Power","floor":47,"damage_taken":0}],"is_beta":false,"boss_relics":[{"not_picked":["White Beast Statue","Black Star"],"picked":"Busted Crown"},{"not_picked":["Velvet Choker","Black Blood"],"picked":"Fusion Hammer"}],"items_purged_floors":[21,29,37],"is_endless":false,"potions_floor_spawned":[2,10,13,16,24,31,38,41,48],"killed_by":"Awakened One","ascension_level":3}