{"gold_per_floor":[116,136,136,148,160,160,178,206,256,272,286,286],"floor_reached":12,"playtime":401,"items_purged":[],"score":168,"play_id":"cb5c1d7a-1ccf-4d99-b314-5830503a408b","local_time":"20191008203941","is_ascension_mode":true,"campfire_choices":[{"data":"Recycle","floor":6.0,"key":"SMITH"}],"neow_cost":"NONE","seed_source_timestamp":304434520010800,"circlet_count":0,"master_deck":["AscendersBane","Strike_B","Strike_B","Strike_B","Strike_B","Defend_B","Defend_B","Defend_B","Defend_B","Zap","Dualcast","Coolheaded","Compile Driver","Cold Snap","Recycle+1","Ball Lightning","Echo Form","Chill"],"special_seed":0,"relics":["Cracked Core","Juzu Bracelet","Regal Pillow"],"potions_floor_usage":[11,12],"damage_taken":[{"damage":8.0,"enemies":"Small Slimes","floor":1.0,"turns":3.0},{"damage":10.0,"enemies":"Jaw Worm","floor":2.0,"turns":4.0},{"damage":0.0,"enemies":"2 Louse","floor":4.0,"turns":2.0},{"damage":7.0,"enemies":"Looter","floor":5.0,"turns":3.0},{"damage":6.0,"enemies":"Blue Slaver","floor":7.0,"turns":5.0},{"damage":30.0,"enemies":"Gremlin Nob","floor":8.0,"turns":4.0},{"damage":5.0,"enemies":"Lots of Slimes","floor":10.0,"turns":4.0},{"damage":0,"enemies":"Looter","floor":11,"turns":4},{"damage":6,"enemies":"Large Slime","floor":12,"turns":1}],"seed_played":"8562632702115177333","potions_obtained":[{"floor":2.0,"key":"Explosive Potion"},{"floor":4.0,"key":"SkillPotion"},{"floor":8.0,"key":"EssenceOfSteel"}],"is_trial":false,"path_per_floor":["M","M","?","M","M","R","M","E","T","M","M","M"],"character_chosen":"DEFECT","items_purchased":[],"campfire_rested":0,"item_purchase_floors":[],"current_hp_per_floor":[63,53,53,53,46,46,40,10,10,5,5,0],"gold":286,"neow_bonus":"TEN_PERCENT_HP_BONUS","is_prod":false,"is_daily":false,"chose_seed":false,"campfire_upgraded":1,"win_rate":0,"timestamp":1570534781,"path_taken":["M","M","?","M","M","R","M","E","T","M","M","M"],"build_version":"2019-07-17","purchased_purges":0,"victory":false,"max_hp_per_floor":[78,78,78,78,78,78,78,78,78,78,78,78],"card_choices":[{"not_picked":["Leap","Rebound"],"picked":"Coolheaded","floor":1.0},{"not_picked":["Undo","Streamline"],"picked":"Compile Driver","floor":2.0},{"not_picked":["Lockon","Go for the Eyes"],"picked":"Cold Snap","floor":4.0},{"not_picked":["Melter","Cold Snap"],"picked":"Recycle","floor":5.0},{"not_picked":["Skim","Conserve Battery"],"picked":"Ball Lightning","floor":7.0},{"not_picked":["Sweeping Beam","BootSequence"],"picked":"Echo Form","floor":8.0},{"not_picked":["Leap","Turbo","Reprogram"],"picked":"SKIP","floor":10.0},{"not_picked":["Scrape","Skim"],"picked":"Chill","floor":11}],"player_experience":600443,"relics_obtained":[{"floor":8.0,"key":"Juzu Bracelet"},{"floor":9.0,"key":"Regal Pillow"}],"event_choices":[{"damage_healed":0.0,"max_hp_gain":0.0,"max_hp_loss":0.0,"gold_gain":0.0,"event_name":"Liars Game","player_choice":"Ignored","floor":3.0,"gold_loss":0.0,"damage_taken":0.0}],"is_beta":false,"boss_relics":[],"items_purged_floors":[],"is_endless":false,"potions_floor_spawned":[2,4,8,10],"killed_by":"Large Slime","ascension_level":20}