{"path_per_floor":["M","?","M","M","M","E","R","M","T","R","M","E","R","$","R","B",null,"M","?","M","T","M","R","M","R","T","?","?","M","T","M","R","B",null,"M","$","M","?","$","R","M","R","T","R","$","?","M","?","R","B"],"character_chosen":"IRONCLAD","items_purchased":["Oddly Smooth Stone","Shrug It Off","Body Slam","Dexterity Potion"],"gold_per_floor":[114,114,128,141,157,188,188,200,224,224,244,279,279,9,9,104,104,119,119,132,132,145,145,159,159,182,182,182,199,199,214,214,311,311,331,231,247,247,16,16,28,28,28,28,28,28,40,0,0,0],"floor_reached":51,"campfire_rested":2,"playtime":3349,"current_hp_per_floor":[80,85,80,84,68,46,46,39,39,39,45,36,36,36,36,34,85,67,67,59,59,31,31,23,48,48,48,48,48,48,54,54,25,85,66,66,72,72,72,72,68,68,68,68,68,57,63,63,85,45],"items_purged":["Bash","Strike_R","Inflame"],"gold":0,"score":482,"play_id":"2977269b-fc29-4d1d-9752-eb0426918c63","is_prod":false,"is_daily":false,"is_ascension_mode":false,"campfire_upgraded":9,"path_taken":["M","?","M","M","?","E","R","M","T","R","M","E","R","$","R","BOSS","M","?","M","?","M","R","M","R","T","?","?","M","?","M","R","BOSS","M","$","M","?","$","R","M","R","T","R","?","?","M","?","R","BOSS"],"build_version":"2018-02-15-PROD1","purchased_purges":4,"victory":true,"master_deck":["Strike_R","Strike_R","Defend_R","Defend_R","Defend_R","Defend_R","Juggernaut+1","Thunderclap","True Grit+1","Sword Boomerang","Headbutt","Shrug It Off+1","Metallicize+1","Shrug It Off+1","Impervious+1","Body Slam+1","Disarm","Shrug It Off+1","Impervious","Body Slam+1","Madness","Madness"],"max_hp_per_floor":[80,85,85,85,85,85,85,85,85,85,85,85,85,85,85,85,85,85,85,85,85,85,85,85,85,85,85,85,85,85,85,85,85,85,85,85,85,85,85,85,85,85,85,85,85,85,85,85,85,85],"relics":["Burning Blood","Ancient Tea Set","Juzu Bracelet","Letter Opener","Oddly Smooth Stone","Velvet Choker","Frozen Eye","Regal Pillow","Ice Cream","Runic Dome","Red Mask"],"card_choices":[{"not_picked":["Shockwave","Heavy Blade"],"picked":"Thunderclap"},{"not_picked":["Headbutt","Sever Soul"],"picked":"True Grit"},{"not_picked":["Clash","True Grit"],"picked":"Sword Boomerang"},{"not_picked":["Flex","Clash"],"picked":"Headbutt"},{"not_picked":["Feel No Pain","Sword Boomerang"],"picked":"Inflame"},{"not_picked":["Perfected Strike","Inflame"],"picked":"Shrug It Off"},{"not_picked":["Blood for Blood","Clothesline"],"picked":"Metallicize"},{"not_picked":["Berserk","Bludgeon"],"picked":"Impervious"},{"not_picked":["Perfected Strike","Metallicize"],"picked":"Body Slam"},{"not_picked":["Blood for Blood","Clash"],"picked":"Disarm"},{"not_picked":["Corruption","Clash"],"picked":"Body Slam"},{"not_picked":["Havoc","Spot Weakness"],"picked":"Shrug It Off"},{"not_picked":["Bludgeon","Offering"],"picked":"Impervious"}],"player_experience":40430,"potions_floor_usage":[50,50,50],"damage_taken":[{"damage":1.0,"enemies":"2 Louse","floor":1.0,"turns":3.0},{"damage":11.0,"enemies":"Jaw Worm","floor":3.0,"turns":6.0},{"damage":2.0,"enemies":"Small Slimes","floor":4.0,"turns":5.0},{"damage":22.0,"enemies":"Gremlin Gang","floor":5.0,"turns":5.0},{"damage":28.0,"enemies":"Gremlin Nob","floor":6.0,"turns":4.0},{"damage":13.0,"enemies":"Red Slaver","floor":8.0,"turns":3.0},{"damage":0.0,"enemies":"Exordium Thugs","floor":11.0,"turns":6.0},{"damage":15.0,"enemies":"Lagavulin","floor":12.0,"turns":7.0},{"damage":8.0,"enemies":"The Guardian","floor":16.0,"turns":11.0},{"damage":24.0,"enemies":"2 Thieves","floor":18.0,"turns":4.0},{"damage":14.0,"enemies":"Shell Parasite","floor":20.0,"turns":4.0},{"damage":34.0,"enemies":"Cultist and Chosen","floor":22.0,"turns":7.0},{"damage":14.0,"enemies":"Snake Plant","floor":24.0,"turns":4.0},{"damage":6.0,"enemies":"Centurion and Healer","floor":29.0,"turns":4.0},{"damage":0.0,"enemies":"Slaver and Parasite","floor":31.0,"turns":6.0},{"damage":35.0,"enemies":"Collector","floor":33.0,"turns":14.0},{"damage":25,"enemies":"3 Darklings","floor":35,"turns":5},{"damage":0,"enemies":"Orb Walker","floor":37,"turns":3},{"damage":10,"enemies":"Maw","floor":41,"turns":7},{"damage":0,"enemies":"3 Darklings","floor":47,"turns":4},{"damage":46,"enemies":"Awakened One","floor":50,"turns":15}],"event_choices":[{"event_name":"Big Fish","player_choice":"Donut","floor":2.0,"damage_taken":0.0},{"event_name":"Purifier","player_choice":"One Purge","floor":19.0,"damage_taken":0.0},{"event_name":"Back to Basics","player_choice":"Elegance","floor":27.0,"damage_taken":0.0},{"event_name":"The Lab","player_choice":"Got Potions","floor":28.0,"damage_taken":0.0},{"event_name":"Winding Halls","player_choice":"Embrace Madness","floor":46,"damage_taken":0},{"event_name":"Tomb of Lord Red Mask","player_choice":"Paid","floor":48,"damage_taken":0}],"boss_relics":[{"not_picked":["Philosopher\u0027s Stone","Calling Bell"],"picked":"Runic Dome"}],"potions_floor_spawned":[1,5,12,22,29,31,37],"seed_played":"5399254170749331507","ascension_level":0,"is_trial":false}