{"path_per_floor":["M","M","?","?","M","E","R","?","T","M","M","R","?","$","R","B",null,"M","$","M","?","M","R","?","M","T","$","?","E","R","M","R","B",null,"M","M","$","M","M","R"],"character_chosen":"IRONCLAD","items_purchased":["Sword Boomerang","Lantern"],"gold_per_floor":[118,136,211,211,223,257,257,257,257,277,287,287,311,31,31,135,135,146,46,58,58,78,78,78,91,91,91,91,122,122,135,135,230,230,245,260,135,149,162,162],"floor_reached":41,"campfire_rested":4,"playtime":2474,"current_hp_per_floor":[80,80,69,69,69,47,47,35,35,41,32,32,29,29,53,19,80,80,80,77,77,67,67,67,43,43,43,28,11,36,36,61,25,85,64,31,31,13,17,42],"items_purged":["Strike_R","Strike_R","Defend_R"],"gold":162,"play_id":"56dd3725-a6a0-4b69-a579-dfb71cd2b2e2","is_prod":false,"is_daily":false,"campfire_rituals":0,"campfire_upgraded":3,"is_hardmode":false,"path_taken":["M","M","?","?","M","E","R","?","T","M","M","R","?","$","R","BOSS","M","$","M","?","M","R","?","M","T","$","?","E","R","M","R","BOSS","M","M","$","M","M","R","M"],"build_version":"2018-01-18-PROD3","purchased_purges":3,"victory":false,"master_deck":["Strike_R","Strike_R","Defend_R","Defend_R","Defend_R","Bash","Pommel Strike","Twin Strike","Twin Strike","Inflame","Flex","Iron Wave","Sword Boomerang","Offering","Sword Boomerang","Seeing Red","Disarm","Headbutt","Brutality"],"max_hp_per_floor":[80,80,80,80,80,80,80,80,80,80,80,80,80,80,80,80,80,80,80,80,80,80,80,80,80,80,80,85,85,85,85,85,85,85,85,85,85,85,85,85],"relics":["Burning Blood","Gremlin Horn","Unceasing Top","Ice Cream","Odd Mushroom","Lantern","Cursed Key","Blood Vial","White Beast Statue"],"campfire_meditates":0,"card_choices":[{"not_picked":["Armaments","Intimidate"],"picked":"Pommel Strike"},{"not_picked":["Bloodletting","Perfected Strike"],"picked":"Twin Strike"},{"not_picked":["Thunderclap","Anger"],"picked":"Twin Strike"},{"not_picked":["Iron Wave","Bloodletting"],"picked":"Inflame"},{"not_picked":["Sever Soul","Clash"],"picked":"Flex"},{"not_picked":["Perfected Strike","Barricade"],"picked":"Iron Wave"},{"not_picked":["Feed","Juggernaut"],"picked":"Offering"},{"not_picked":["Warcry","Clothesline"],"picked":"Sword Boomerang"},{"not_picked":["Fire Breathing","Feel No Pain"],"picked":"Seeing Red"},{"not_picked":["Armaments","Clash"],"picked":"Disarm"},{"not_picked":["Sever Soul","Anger"],"picked":"Headbutt"},{"not_picked":["Feed","Barricade"],"picked":"Brutality"}],"player_experience":0,"potions_floor_usage":[16,29,29,29,33,33,38,41,41,41],"damage_taken":[{"damage":1,"enemies":"Cultist","floor":1,"turns":4},{"damage":2,"enemies":"2 Louse","floor":2,"turns":3},{"damage":6,"enemies":"Jaw Worm","floor":5,"turns":3},{"damage":28,"enemies":"Gremlin Nob","floor":6,"turns":4},{"damage":0,"enemies":"2 Fungi Beasts","floor":10,"turns":2},{"damage":15,"enemies":"Looter","floor":11,"turns":3},{"damage":9,"enemies":"The Mushroom Lair","floor":13,"turns":3},{"damage":40,"enemies":"The Guardian","floor":16,"turns":6},{"damage":4,"enemies":"Chosen","floor":18,"turns":3},{"damage":9,"enemies":"2 Thieves","floor":20,"turns":3},{"damage":16,"enemies":"Snake Plant","floor":22,"turns":2},{"damage":30,"enemies":"Slaver and Parasite","floor":25,"turns":4},{"damage":23,"enemies":"Slavers","floor":29,"turns":3},{"damage":8,"enemies":"3 Cultists","floor":31,"turns":4},{"damage":44,"enemies":"Champ","floor":33,"turns":10},{"damage":27,"enemies":"3 Darklings","floor":35,"turns":3},{"damage":41,"enemies":"3 Shapes","floor":36,"turns":2},{"damage":26,"enemies":"Maw","floor":38,"turns":5},{"damage":4,"enemies":"3 Darklings","floor":39,"turns":2},{"damage":44,"enemies":"4 Shapes","floor":41,"turns":4}],"event_choices":[{"event_name":"World of Goop","player_choice":"Gather Gold","floor":3,"damage_taken":0},{"event_name":"Liars Game","player_choice":"disagreed","floor":4,"damage_taken":0},{"event_name":"Scrap Ooze","player_choice":"success","floor":8,"damage_taken":12},{"event_name":"Mushrooms","player_choice":"Fought Mushrooms","floor":13,"damage_taken":0},{"event_name":"Drug Dealer","player_choice":"Ignored","floor":21,"damage_taken":0},{"event_name":"Purifier","player_choice":"One Purge","floor":24,"damage_taken":0},{"event_name":"Forgotten Altar","player_choice":"Shed Blood","floor":28,"damage_taken":0}],"boss_relics":[{"not_picked":["Calling Bell","Runic Cube"],"picked":"Cursed Key"},{"not_picked":["Astrolabe","Black Blood"],"picked":"White Beast Statue"}],"potions_floor_spawned":[5,6,11,20,29,31,35,36,38,39],"seed_played":"-1817222547594718697","killed_by":"4 Shapes","is_trial":false}