{"gold_per_floor":[110,128,142,158,173,173,190,190,214,214,230,244,271,285,285,390,390,402,417,332,238,9,9,25,52,77,97,116,215,69,79,79,181,181,201,216,230,230,230,230,261,261],"floor_reached":42,"playtime":2338,"items_purged":["Strike_G"],"score":749,"play_id":"abfef986-46ed-449c-b78a-84a8848c9c96","local_time":"20191019151509","is_ascension_mode":true,"campfire_choices":[{"data":"All Out Attack","floor":6.0,"key":"SMITH"},{"floor":10.0,"key":"REST"},{"data":"Footwork","floor":15.0,"key":"SMITH"},{"floor":23.0,"key":"REST"},{"floor":32.0,"key":"REST"},{"floor":40,"key":"REST"}],"neow_cost":"NONE","seed_source_timestamp":2570608489500,"circlet_count":0,"master_deck":["AscendersBane","Strike_G","Defend_G","Defend_G","Defend_G","Defend_G","Defend_G","Survivor","Neutralize","Noxious Fumes","Well Laid Plans","All Out Attack+1","Deflect","Catalyst","Footwork+1","Dodge and Roll","Cloak And Dagger","Corpse Explosion","Skewer","Predator","Predator+1","Blur","Night Terror","Venomology","Leg Sweep","Deflect+1","Burst"],"special_seed":0,"relics":["Ring of the Snake","Potion Belt","Omamori","Velvet Choker","Pen Nib","Snake Skull","Art of War","Bag of Preparation","Blood Vial","Medical Kit","Empty Cage","Orichalcum"],"potions_floor_usage":[39,41],"damage_taken":[{"damage":9.0,"enemies":"Cultist","floor":1.0,"turns":6.0},{"damage":0.0,"enemies":"Small Slimes","floor":2.0,"turns":3.0},{"damage":4.0,"enemies":"Jaw Worm","floor":3.0,"turns":6.0},{"damage":11.0,"enemies":"Looter","floor":4.0,"turns":4.0},{"damage":22.0,"enemies":"Lots of Slimes","floor":5.0,"turns":3.0},{"damage":10.0,"enemies":"Large Slime","floor":7.0,"turns":8.0},{"damage":5.0,"enemies":"Exordium Wildlife","floor":11.0,"turns":5.0},{"damage":3.0,"enemies":"3 Louse","floor":12.0,"turns":3.0},{"damage":6.0,"enemies":"3 Sentries","floor":13.0,"turns":6.0},{"damage":0.0,"enemies":"2 Fungi Beasts","floor":14.0,"turns":5.0},{"damage":21.0,"enemies":"The Guardian","floor":16.0,"turns":15.0},{"damage":28.0,"enemies":"Chosen","floor":18.0,"turns":6.0},{"damage":2.0,"enemies":"Shell Parasite","floor":19.0,"turns":6.0},{"damage":0.0,"enemies":"Centurion and Healer","floor":24.0,"turns":5.0},{"damage":30.0,"enemies":"Slavers","floor":25.0,"turns":3.0},{"damage":0.0,"enemies":"Snecko","floor":27.0,"turns":5.0},{"damage":17.0,"enemies":"Shelled Parasite and Fungi","floor":28.0,"turns":6.0},{"damage":6.0,"enemies":"Centurion and Healer","floor":31.0,"turns":5.0},{"damage":19.0,"enemies":"Collector","floor":33.0,"turns":13.0},{"damage":13.0,"enemies":"3 Shapes","floor":35.0,"turns":4.0},{"damage":15.0,"enemies":"3 Darklings","floor":36.0,"turns":8.0},{"damage":29.0,"enemies":"Sphere and 2 Shapes","floor":37.0,"turns":7.0},{"damage":0,"enemies":"Spire Growth","floor":39,"turns":1},{"damage":58,"enemies":"Reptomancer","floor":41,"turns":14},{"damage":16,"enemies":"Jaw Worm Horde","floor":42,"turns":2}],"seed_played":"-3515613941078586765","potions_obtained":[{"floor":4.0,"key":"Strength Potion"},{"floor":5.0,"key":"Fire Potion"},{"floor":12.0,"key":"SpeedPotion"},{"floor":13.0,"key":"Ancient Potion"},{"floor":19.0,"key":"EssenceOfSteel"},{"floor":24.0,"key":"Strength Potion"},{"floor":31.0,"key":"Swift Potion"},{"floor":35.0,"key":"SmokeBomb"},{"floor":41,"key":"CultistPotion"}],"is_trial":false,"path_per_floor":["M","M","M","M","M","R","M","?","T","R","M","M","E","M","R","B",null,"M","M","?","?","$","R","M","E","T","M","M","?","$","M","R","B",null,"M","M","M","?","M","R","E","M"],"character_chosen":"THE_SILENT","items_purchased":["Art of War","Medical Kit"],"campfire_rested":4,"item_purchase_floors":[22,30],"current_hp_per_floor":[61,61,57,46,24,24,14,14,14,37,32,29,23,23,23,2,58,30,28,28,28,28,51,51,21,21,23,8,8,8,4,27,10,60,49,36,9,9,11,32,13,0],"gold":261,"neow_bonus":"TEN_PERCENT_HP_BONUS","is_prod":false,"is_daily":false,"chose_seed":false,"campfire_upgraded":2,"win_rate":0,"timestamp":1571465709,"path_taken":["M","?","M","M","M","R","M","?","T","R","?","M","E","M","R","BOSS","M","M","?","?","$","R","M","E","T","M","?","?","?","M","R","BOSS","M","M","M","?","M","R","E","M"],"build_version":"2019-10-18","purchased_purges":1,"victory":false,"max_hp_per_floor":[77,77,77,77,77,77,77,77,77,77,77,77,77,77,77,77,77,77,77,77,77,77,77,77,77,77,77,77,77,77,77,77,77,77,77,77,77,73,73,73,73,73],"card_choices":[{"not_picked":["Quick Slash","Slice"],"picked":"Noxious Fumes","floor":1.0},{"not_picked":["Poisoned Stab","Masterful Stab"],"picked":"Well Laid Plans","floor":2.0},{"not_picked":["Dodge and Roll","Dagger Spray"],"picked":"All Out Attack","floor":3.0},{"not_picked":["Dagger Throw","Prepared"],"picked":"Deflect","floor":4.0},{"not_picked":["Caltrops","Prepared"],"picked":"Catalyst","floor":5.0},{"not_picked":["Bouncing Flask","Eviscerate"],"picked":"Footwork","floor":7.0},{"not_picked":["Riddle With Holes","Endless Agony"],"picked":"Dodge and Roll","floor":11.0},{"not_picked":["Prepared","Skewer","Acrobatics"],"picked":"SKIP","floor":12.0},{"not_picked":["Catalyst","Sucker Punch"],"picked":"Cloak And Dagger","floor":13.0},{"not_picked":["Concentrate","Cloak And Dagger","Flying Knee"],"picked":"SKIP","floor":14.0},{"not_picked":["Unload","Venomology"],"picked":"Corpse Explosion","floor":16.0},{"not_picked":["Heel Hook","Dagger Throw+1"],"picked":"Skewer","floor":18.0},{"not_picked":["Quick Slash","Tactician+1"],"picked":"Predator","floor":19.0},{"not_picked":["Prepared","Caltrops","Flechettes"],"picked":"SKIP","floor":24.0},{"not_picked":["Dagger Throw","All Out Attack","Die Die Die"],"picked":"SKIP","floor":25.0},{"not_picked":["Deflect","Slice"],"picked":"Predator+1","floor":27.0},{"not_picked":["Outmaneuver","Prepared"],"picked":"Blur","floor":28.0},{"not_picked":["Slice","Finisher+1"],"picked":"Night Terror","floor":31.0},{"not_picked":["Envenom","Glass Knife"],"picked":"Venomology","floor":33.0},{"not_picked":["Terror+1","Slice"],"picked":"Leg Sweep","floor":35.0},{"not_picked":["Quick Slash+1","Dagger Spray+1","Tactician+1"],"picked":"SKIP","floor":36.0},{"not_picked":["Blur+1","Bane+1"],"picked":"Deflect+1","floor":37.0},{"not_picked":["Slice+1","Quick Slash+1"],"picked":"Burst","floor":41}],"player_experience":691236,"relics_obtained":[{"floor":9.0,"key":"Potion Belt"},{"floor":13.0,"key":"Omamori"},{"floor":25.0,"key":"Bag of Preparation"},{"floor":26.0,"key":"Blood Vial"},{"floor":41,"key":"Orichalcum"}],"event_choices":[{"cards_removed":["Strike_G"],"damage_healed":0.0,"max_hp_gain":0.0,"max_hp_loss":0.0,"gold_gain":0.0,"event_name":"Bonfire Elementals","player_choice":"Offered Basic","floor":8.0,"gold_loss":0.0,"damage_taken":0.0},{"damage_healed":0.0,"max_hp_gain":0.0,"max_hp_loss":0.0,"gold_gain":0.0,"event_name":"Addict","player_choice":"Obtained Relic","floor":20.0,"gold_loss":85.0,"damage_taken":0.0,"relics_obtained":["Pen Nib"]},{"damage_healed":0.0,"max_hp_gain":0.0,"max_hp_loss":0.0,"gold_gain":0.0,"event_name":"WeMeetAgain","player_choice":"Paid Gold","floor":21.0,"gold_loss":94.0,"damage_taken":0.0,"relics_obtained":["Snake Skull"]},{"damage_healed":0.0,"max_hp_gain":0.0,"max_hp_loss":0.0,"gold_gain":99.0,"event_name":"Nest","player_choice":"Stole From Cult","floor":29.0,"gold_loss":0.0,"damage_taken":0.0},{"damage_healed":0.0,"max_hp_gain":0.0,"max_hp_loss":4.0,"gold_gain":0.0,"event_name":"Winding Halls","player_choice":"Max HP","floor":38.0,"gold_loss":0.0,"damage_taken":0.0}],"is_beta":true,"boss_relics":[{"not_picked":["Black Star","Runic Pyramid"],"picked":"Velvet Choker"},{"not_picked":["Busted Crown","Fusion Hammer"],"picked":"Empty Cage"}],"items_purged_floors":[22],"is_endless":false,"potions_floor_spawned":[4,5,7,12,13,19,24,25,31,35,41],"killed_by":"Jaw Worm Horde","ascension_level":11}