{"gold_per_floor":[112,130,146,166,69,98,98,98,98,116,126,137,153,209,209,312,312,329,340,366,76,76,76,87,87,87,87,98,98,110,110,110,110],"floor_reached":33,"playtime":2817,"items_purged":["Strike_R","Strike_R"],"score":289,"play_id":"d9d4f44f-27c0-4e40-a322-f0d0b9efd6c6","local_time":"20180804125822","is_ascension_mode":true,"campfire_choices":[{"data":"Shrug It Off","floor":8,"key":"SMITH"},{"data":"Twin Strike","floor":15,"key":"SMITH"},{"data":"Thinking Ahead","floor":23,"key":"SMITH"},{"data":"Sword Boomerang","floor":25,"key":"SMITH"},{"data":"Twin Strike","floor":27,"key":"SMITH"},{"floor":32,"key":"REST"}],"neow_cost":"NONE","seed_source_timestamp":87099036018456,"circlet_count":0,"master_deck":["Strike_R","Strike_R","Strike_R","Defend_R","Defend_R","Defend_R","Defend_R","Bash+1","Shrug It Off+1","Flex","Headbutt","Sword Boomerang+1","Flex","Disarm","Twin Strike+1","True Grit+1","Twin Strike+1","Impervious","Clothesline+1","Shrug It Off+1","Thinking Ahead+1","Sword Boomerang+1"],"relics":["Burning Blood","Happy Flower","Regal Pillow","Letter Opener","Runic Dome","Red Mask","Molten Egg 2"],"potions_floor_usage":[4,33,33,33],"damage_taken":[{"damage":7,"enemies":"Jaw Worm","floor":1,"turns":3},{"damage":1,"enemies":"2 Louse","floor":2,"turns":3},{"damage":0,"enemies":"Cultist","floor":3,"turns":2},{"damage":4,"enemies":"Lots of Slimes","floor":4,"turns":2},{"damage":27,"enemies":"Lagavulin","floor":6,"turns":5},{"damage":1,"enemies":"Looter","floor":10,"turns":4},{"damage":3,"enemies":"2 Fungi Beasts","floor":11,"turns":4},{"damage":4,"enemies":"Exordium Thugs","floor":12,"turns":4},{"damage":2,"enemies":"Large Slime","floor":13,"turns":7},{"damage":32,"enemies":"Gremlin Nob","floor":14,"turns":4},{"damage":27,"enemies":"Slime Boss","floor":16,"turns":11},{"damage":1,"enemies":"3 Byrds","floor":18,"turns":5},{"damage":12,"enemies":"2 Thieves","floor":19,"turns":4},{"damage":19,"floor":20,"turns":5},{"damage":15,"enemies":"Centurion and Healer","floor":24,"turns":5},{"damage":24,"enemies":"Sentry and Sphere","floor":28,"turns":5},{"damage":7,"enemies":"Snake Plant","floor":30,"turns":4},{"damage":120,"enemies":"Automaton","floor":33,"turns":12}],"seed_played":"-6817814536509574135","potions_obtained":[{"floor":1,"key":"AttackPotion"},{"floor":4,"key":"GamblersBrew"},{"floor":6,"key":"BloodPotion"},{"floor":13,"key":"Energy Potion"},{"floor":14,"key":"BloodPotion"}],"is_trial":false,"path_per_floor":["M","M","M","M","$","E","?","R","T","M","M","M","M","?","R","B",null,"M","M","?","$","?","R","M","R","T","R","M","?","M","$","R"],"character_chosen":"IRONCLAD","items_purchased":["Flex","Thinking Ahead"],"campfire_rested":1,"item_purchase_floors":[5,21],"current_hp_per_floor":[79,80,80,80,80,59,59,59,59,64,67,69,73,47,47,26,80,80,74,61,61,61,61,52,52,52,52,34,34,33,33,72,0],"gold":110,"neow_bonus":"UPGRADE_CARD","is_prod":false,"is_daily":false,"chose_seed":false,"campfire_upgraded":5,"win_rate":0,"timestamp":1533380302,"path_taken":["M","M","M","M","$","E","?","R","T","?","M","M","M","?","R","BOSS","M","M","?","$","?","R","?","R","T","R","M","?","M","?","R","BOSS"],"build_version":"2018-08-02","purchased_purges":2,"victory":false,"max_hp_per_floor":[80,80,80,80,80,80,80,80,80,80,80,80,80,80,80,80,80,80,80,80,80,80,80,80,80,80,80,80,80,80,80,80,80],"card_choices":[{"not_picked":["Dual Wield","Armaments"],"picked":"Shrug It Off","floor":1},{"not_picked":["Anger","Iron Wave"],"picked":"Flex","floor":2},{"not_picked":["Rage","Armaments"],"picked":"Headbutt","floor":3},{"not_picked":["Perfected Strike","Hemokinesis"],"picked":"Sword Boomerang","floor":4},{"not_picked":["Demon Form","Rupture"],"picked":"Disarm","floor":6},{"not_picked":["Sever Soul","Armaments"],"picked":"Twin Strike","floor":10},{"not_picked":["Disarm","Flex","Clothesline"],"picked":"SKIP","floor":11},{"not_picked":["Rage","Iron Wave"],"picked":"True Grit","floor":12},{"not_picked":["Havoc","Sentinel","Clash"],"picked":"SKIP","floor":13},{"not_picked":["Body Slam","Entrench"],"picked":"Twin Strike","floor":14},{"not_picked":["Fiend Fire","Dark Embrace"],"picked":"Impervious","floor":16},{"not_picked":["Entrench","Armaments"],"picked":"Clothesline+1","floor":18},{"not_picked":["Disarm","Clash"],"picked":"Shrug It Off+1","floor":19},{"not_picked":["Armaments","Sever Soul","Pummel"],"picked":"SKIP","floor":24},{"not_picked":["Anger+1","Wild Strike+1"],"picked":"Sword Boomerang+1","floor":28},{"not_picked":["Demon Form","Hemokinesis+1","Havoc+1"],"picked":"SKIP","floor":30}],"player_experience":76425,"relics_obtained":[{"floor":6,"key":"Happy Flower"},{"floor":9,"key":"Regal Pillow"},{"floor":14,"key":"Letter Opener"},{"floor":20,"key":"Red Mask"},{"floor":26,"key":"Molten Egg 2"}],"event_choices":[{"event_name":"Liars Game","player_choice":"disagreed","floor":7,"damage_taken":0},{"event_name":"Dead Adventurer","player_choice":"Searched \u00271\u0027 times","floor":14,"damage_taken":0},{"event_name":"Masked Bandits","player_choice":"Fought over 340 gold","floor":20,"damage_taken":0},{"event_name":"Accursed Blacksmith","player_choice":"Forge","floor":22,"damage_taken":0},{"event_name":"Cursed Tome","player_choice":"Ignored","floor":29,"damage_taken":0}],"is_beta":false,"boss_relics":[{"not_picked":["Calling Bell","Runic Cube"],"picked":"Runic Dome"}],"items_purged_floors":[5,21],"is_endless":false,"potions_floor_spawned":[1,4,6,13,14,14,20,24,28],"killed_by":"Automaton","ascension_level":3}