{"gold_per_floor":[112,125,143,157,175,205,21,52,128,128,143,143,143,160,160,160],"floor_reached":16,"playtime":462,"items_purged":[],"score":165,"play_id":"18fc77fe-b19e-48c8-8834-24d41070a5e4","local_time":"20190625001407","is_ascension_mode":true,"campfire_choices":[{"floor":10,"key":"REST"},{"data":"Bash","floor":12,"key":"SMITH"},{"data":"Clothesline","floor":15,"key":"SMITH"}],"neow_cost":"TEN_PERCENT_HP_LOSS","seed_source_timestamp":356282882579114,"circlet_count":0,"master_deck":["Strike_R","Strike_R","Strike_R","Strike_R","Strike_R","Defend_R","Defend_R","Defend_R","Defend_R","Bash+1","Cleave","Shrug It Off","Iron Wave","Battle Trance","Spot Weakness","Metallicize","Anger","Clothesline+1"],"relics":["Burning Blood","Unceasing Top","Orichalcum","Lantern","Question Card","Tiny Chest"],"potions_floor_usage":[8,16],"damage_taken":[{"damage":10,"enemies":"Small Slimes","floor":1,"turns":3},{"damage":1,"enemies":"Cultist","floor":2,"turns":4},{"damage":6,"enemies":"2 Louse","floor":3,"turns":3},{"damage":1,"enemies":"2 Fungi Beasts","floor":4,"turns":4},{"damage":7,"enemies":"Large Slime","floor":5,"turns":5},{"damage":55,"enemies":"Lagavulin","floor":6,"turns":7},{"damage":14,"enemies":"Gremlin Nob","floor":8,"turns":4},{"damage":8,"enemies":"Red Slaver","floor":11,"turns":3},{"damage":10,"enemies":"Blue Slaver","floor":14,"turns":3},{"damage":38,"enemies":"Slime Boss","floor":16,"turns":10}],"seed_played":"-2064846071033443407","potions_obtained":[{"floor":4,"key":"GamblersBrew"},{"floor":6,"key":"Energy Potion"},{"floor":11,"key":"Poison Potion"},{"floor":14,"key":"BloodPotion"}],"is_trial":false,"path_per_floor":["M","M","M","M","M","E","$","E","T","R","M","R","?","M","R","B"],"character_chosen":"IRONCLAD","items_purchased":["Metallicize","Lantern"],"campfire_rested":1,"item_purchase_floors":[7,7],"current_hp_per_floor":[68,72,72,72,71,22,22,14,14,35,33,33,33,29,29,0],"gold":160,"neow_bonus":"ONE_RARE_RELIC","is_prod":false,"is_daily":false,"chose_seed":false,"campfire_upgraded":2,"win_rate":0,"timestamp":1561414447,"path_taken":["M","M","M","M","M","E","$","E","T","R","M","R","?","?","R","BOSS"],"build_version":"2019-01-23","purchased_purges":0,"victory":false,"max_hp_per_floor":[72,72,72,72,72,72,72,72,72,72,72,72,72,72,72,72],"card_choices":[{"not_picked":["Body Slam","Heavy Blade"],"picked":"Cleave","floor":1},{"not_picked":["Combust","Havoc"],"picked":"Shrug It Off","floor":2},{"not_picked":["Intimidate","Cleave"],"picked":"Iron Wave","floor":3},{"not_picked":["Havoc","Feel No Pain"],"picked":"Battle Trance","floor":4},{"not_picked":["Metallicize","Iron Wave"],"picked":"Spot Weakness","floor":5},{"not_picked":["Iron Wave","Second Wind","Armaments"],"picked":"SKIP","floor":6},{"not_picked":["Power Through","Thunderclap"],"picked":"Anger","floor":8},{"not_picked":["Bloodletting","Power Through","Cleave","Intimidate"],"picked":"SKIP","floor":11},{"not_picked":["Rupture","Juggernaut","Rampage"],"picked":"Clothesline","floor":14}],"player_experience":216030,"relics_obtained":[{"floor":6,"key":"Orichalcum"},{"floor":8,"key":"Question Card"},{"floor":9,"key":"Tiny Chest"}],"event_choices":[{"damage_healed":0,"gold_gain":0,"player_choice":"Leave","damage_taken":0,"max_hp_gain":0,"max_hp_loss":0,"event_name":"FaceTrader","floor":13,"gold_loss":0}],"is_beta":false,"boss_relics":[],"items_purged_floors":[],"is_endless":false,"potions_floor_spawned":[4,6,11,14],"killed_by":"Slime Boss","ascension_level":9}