{"gold_per_floor":[118,131,144,319,163,163,183,258,285,301,328,328,347,151,151,255,255,271,290,165,165,184,184,211,61,61,90,90,90,109,109,109,214,214,232,57,0,47,47,47,59,59,59,77,77,87,87,87,87,87],"floor_reached":51,"playtime":1804,"items_purged":["Doubt","Defend_R","Strike_R","Strike_R","Defend_R+1"],"score":858,"play_id":"3b710a13-88e4-4692-acbc-e6af6ba2559c","local_time":"20191023172751","is_ascension_mode":false,"campfire_choices":[{"data":"Bash","floor":6.0,"key":"SMITH"},{"data":"Deep Breath","floor":12.0,"key":"SMITH"},{"data":"Defend_R","floor":15.0,"key":"SMITH"},{"floor":23.0,"key":"REST"},{"floor":28.0,"key":"REST"},{"floor":32.0,"key":"REST"},{"data":"Purity","floor":40.0,"key":"SMITH"},{"floor":42.0,"key":"REST"},{"data":"Thunderclap","floor":47.0,"key":"SMITH"},{"data":"Feed","floor":49.0,"key":"SMITH"}],"neow_cost":"TEN_PERCENT_HP_LOSS","seed_source_timestamp":356329212567700,"circlet_count":0,"master_deck":["Bash+1","Thunderclap+1","Dropkick+1","Deep Breath+1","Purity+1","Feed+1"],"special_seed":0,"relics":["Burning Blood","War Paint","Red Skull","Cursed Key","Self Forming Clay","Mummified Hand","MutagenicStrength","Empty Cage","Red Mask","Calipers"],"potions_floor_usage":[50,50],"damage_taken":[{"damage":1.0,"enemies":"Cultist","floor":1.0,"turns":3.0},{"damage":6.0,"enemies":"Jaw Worm","floor":2.0,"turns":3.0},{"damage":5.0,"enemies":"Small Slimes","floor":3.0,"turns":3.0},{"damage":10.0,"enemies":"Looter","floor":7.0,"turns":3.0},{"damage":0.0,"enemies":"Gremlin Gang","floor":10.0,"turns":3.0},{"damage":26.0,"enemies":"3 Sentries","floor":11.0,"turns":8.0},{"damage":2.0,"enemies":"3 Louse","floor":13.0,"turns":3.0},{"damage":33.0,"enemies":"Slime Boss","floor":16.0,"turns":12.0},{"damage":15.0,"enemies":"3 Byrds","floor":18.0,"turns":5.0},{"damage":14.0,"enemies":"Shell Parasite","floor":19.0,"turns":4.0},{"damage":47.0,"enemies":"Cultist and Chosen","floor":22.0,"turns":8.0},{"damage":33.0,"enemies":"Slavers","floor":24.0,"turns":7.0},{"damage":30.0,"enemies":"Book of Stabbing","floor":27.0,"turns":5.0},{"damage":5.0,"enemies":"Shelled Parasite and Fungi","floor":30.0,"turns":4.0},{"damage":0.0,"enemies":"Collector","floor":33.0,"turns":2.0},{"damage":10.0,"enemies":"3 Darklings","floor":35.0,"turns":2.0},{"damage":18.0,"enemies":"2 Orb Walkers","floor":38.0,"turns":2.0},{"damage":18.0,"enemies":"Orb Walker","floor":41.0,"turns":3.0},{"damage":0.0,"enemies":"Spire Growth","floor":44.0,"turns":2.0},{"damage":0.0,"enemies":"3 Darklings","floor":46.0,"turns":1.0},{"damage":20,"enemies":"Donu and Deca","floor":50,"turns":3}],"seed_played":"7932622833714097337","potions_obtained":[{"floor":2.0,"key":"SkillPotion"},{"floor":10.0,"key":"ElixirPotion"},{"floor":11.0,"key":"Weak Potion"},{"floor":16.0,"key":"LiquidMemories"},{"floor":18.0,"key":"FearPotion"},{"floor":30.0,"key":"SteroidPotion"},{"floor":35.0,"key":"Strength Potion"}],"is_trial":false,"path_per_floor":["M","M","M","?","$","R","M","?","T","M","E","R","M","$","R","B",null,"M","M","$","?","M","R","E","$","T","E","R","?","M","?","R","B",null,"M","$","?","?","$","R","M","R","T","M","?","M","R","$","R","B",null],"character_chosen":"IRONCLAD","items_purchased":["Deep Breath","Purity"],"campfire_rested":4,"item_purchase_floors":[5,14],"current_hp_per_floor":[72,72,72,72,72,72,68,57,57,63,43,43,47,47,47,20,72,66,61,61,78,37,60,36,36,36,12,36,36,40,40,65,74,87,83,83,83,71,71,71,59,85,85,87,87,87,87,87,87,73],"gold":87,"neow_bonus":"TRANSFORM_TWO_CARDS","is_prod":false,"is_daily":false,"chose_seed":false,"campfire_upgraded":6,"win_rate":0,"timestamp":1571819271,"path_taken":["M","M","M","?","$","R","M","?","T","?","E","R","M","$","R","BOSS","M","M","$","?","M","R","E","$","T","E","R","?","?","?","R","BOSS","M","$","?","?","$","R","M","R","T","M","?","?","R","$","R","BOSS"],"build_version":"2019-10-22","purchased_purges":5,"victory":true,"max_hp_per_floor":[72,72,72,72,72,72,72,72,72,72,72,72,72,72,72,72,72,75,78,78,78,78,78,81,81,81,81,81,81,84,84,84,87,87,87,87,87,87,87,87,87,87,87,87,87,87,87,87,87,87],"card_choices":[{"not_picked":["Shrug It Off","Body Slam","Flame Barrier"],"picked":"SKIP","floor":1.0},{"not_picked":["Shockwave","Perfected Strike","Reckless Charge"],"picked":"SKIP","floor":2.0},{"not_picked":["Clash","Sever Soul","Headbutt"],"picked":"SKIP","floor":3.0},{"not_picked":["Headbutt","Armaments","Sever Soul"],"picked":"SKIP","floor":7.0},{"not_picked":["Clothesline","Armaments","Sever Soul"],"picked":"SKIP","floor":10.0},{"not_picked":["Sever Soul","Heavy Blade","Spot Weakness"],"picked":"SKIP","floor":11.0},{"not_picked":["Perfected Strike","Evolve","Shrug It Off"],"picked":"SKIP","floor":13.0},{"not_picked":["Brutality","Demon Form"],"picked":"Feed","floor":16.0},{"not_picked":["Armaments+1","Body Slam","Havoc"],"picked":"SKIP","floor":18.0},{"not_picked":["Warcry","Twin Strike","Armaments"],"picked":"SKIP","floor":19.0},{"not_picked":["Bludgeon","Armaments","Dark Embrace+1"],"picked":"SKIP","floor":22.0},{"not_picked":["Sword Boomerang","True Grit","Headbutt"],"picked":"SKIP","floor":24.0},{"not_picked":["Blood for Blood","Sword Boomerang","Bloodletting"],"picked":"SKIP","floor":27.0},{"not_picked":["Perfected Strike","Clash+1","Carnage"],"picked":"SKIP","floor":30.0},{"not_picked":["Shrug It Off","Clash","Armaments+1"],"picked":"SKIP","floor":35.0},{"not_picked":["Combust+1","Juggernaut","Thunderclap"],"picked":"SKIP","floor":41.0},{"not_picked":["Evolve","Pommel Strike+1","Battle Trance"],"picked":"SKIP","floor":44.0},{"not_picked":["Ghostly Armor+1","Reckless Charge","Combust+1"],"picked":"SKIP","floor":46.0}],"player_experience":753833,"relics_obtained":[{"floor":9.0,"key":"War Paint"},{"floor":11.0,"key":"Red Skull"},{"floor":24.0,"key":"Self Forming Clay"},{"floor":27.0,"key":"Mummified Hand"},{"floor":38.0,"key":"Calipers"}],"event_choices":[{"damage_healed":0.0,"max_hp_gain":0.0,"max_hp_loss":0.0,"gold_gain":175.0,"event_name":"Liars Game","player_choice":"AGREE","floor":4.0,"gold_loss":0.0,"damage_taken":0.0,"cards_obtained":["Doubt"]},{"damage_healed":0.0,"max_hp_gain":0.0,"max_hp_loss":0.0,"gold_gain":75.0,"event_name":"World of Goop","player_choice":"Gather Gold","floor":8.0,"gold_loss":0.0,"damage_taken":11.0},{"damage_healed":26.0,"max_hp_gain":0.0,"max_hp_loss":0.0,"gold_gain":0.0,"event_name":"The Library","player_choice":"Heal","floor":21.0,"gold_loss":0.0,"damage_taken":0.0},{"damage_healed":0.0,"max_hp_gain":0.0,"max_hp_loss":0.0,"gold_gain":0.0,"event_name":"Accursed Blacksmith","player_choice":"Forge","floor":29.0,"gold_loss":0.0,"damage_taken":0.0,"cards_upgraded":["Dropkick"]},{"damage_healed":0.0,"max_hp_gain":0.0,"max_hp_loss":0.0,"gold_gain":0.0,"event_name":"Drug Dealer","player_choice":"Inject Mutagens","floor":31.0,"gold_loss":0.0,"damage_taken":0.0,"relics_obtained":["MutagenicStrength"]},{"damage_healed":0.0,"max_hp_gain":0.0,"max_hp_loss":0.0,"gold_gain":0.0,"event_name":"Tomb of Lord Red Mask","player_choice":"Paid","floor":37.0,"gold_loss":57.0,"damage_taken":0.0,"relics_obtained":["Red Mask"]},{"damage_healed":0.0,"max_hp_gain":0.0,"max_hp_loss":0.0,"gold_gain":0.0,"event_name":"Mysterious Sphere","player_choice":"Fight","floor":38.0,"gold_loss":0.0,"damage_taken":0.0},{"cards_removed":["Defend_R"],"damage_healed":0.0,"max_hp_gain":0.0,"max_hp_loss":0.0,"gold_gain":0.0,"event_name":"Falling","player_choice":"Removed Skill","floor":45.0,"gold_loss":0.0,"damage_taken":0.0}],"is_beta":true,"boss_relics":[{"not_picked":["Tiny House","Philosopher\u0027s Stone"],"picked":"Cursed Key"},{"not_picked":["SlaversCollar","Busted Crown"],"picked":"Empty Cage"}],"items_purged_floors":[5,14,20,25,36],"is_endless":false,"potions_floor_spawned":[2,10,11,16,18,30,35],"ascension_level":0}