{"path_per_floor":["M","M","?","?","M","R","E","R","T","R","M","?","M","M","R","B",null,"M","M","$","?","?","R","M","R","T","R","T","M","M","?","R","B",null,"M","M","?","M","M","R"],"character_chosen":"IRONCLAD","items_purchased":[],"gold_per_floor":[112,125,225,225,235,235,264,264,264,264,282,232,252,264,264,364,364,374,390,315,315,215,215,230,230,230,230,230,250,261,261,261,362,362,381,399,399,411,422,422],"floor_reached":41,"campfire_rested":1,"playtime":1260,"current_hp_per_floor":[80,74,74,74,80,80,80,80,80,80,75,75,71,77,77,27,80,80,80,80,80,80,80,64,64,64,64,64,66,61,61,61,11,80,61,60,60,35,7,31],"items_purged":["Strike_R"],"gold":422,"play_id":"60c9fd7a-2b21-4c81-83fb-0faab39149d6","is_prod":false,"is_daily":false,"campfire_rituals":0,"campfire_upgraded":8,"is_hardmode":false,"path_taken":["M","M","?","?","M","R","E","R","T","R","M","?","?","?","R","BOSS","M","M","$","?","?","R","M","R","T","R","?","M","?","?","R","BOSS","M","M","?","M","M","R","M"],"build_version":"2018-01-18-PROD4","purchased_purges":1,"victory":false,"master_deck":["Strike_R","Strike_R","Defend_R","Defend_R","Defend_R","Defend_R","Bash","Pummel","Twin Strike","Cleave","Searing Blow","Offering","Inflame","Offering","J.A.X.","Limit Break"],"max_hp_per_floor":[80,80,80,80,80,80,80,80,80,80,80,80,80,80,80,80,80,80,80,80,80,80,80,80,80,80,80,80,80,80,80,80,80,80,80,80,80,80,80,80],"relics":["Burning Blood","Whetstone","Prayer Wheel","Charon\u0027s Ashes","Cursed Key","Philosopher\u0027s Stone"],"campfire_meditates":0,"card_choices":[{"not_picked":["True Grit","Armaments"],"picked":"Pummel"},{"not_picked":["Anger","Burning Pact"],"picked":"Twin Strike"},{"not_picked":["Clash","Dropkick"],"picked":"Cleave"},{"not_picked":["Shrug It Off","Anger"],"picked":"Searing Blow"},{"not_picked":["Bludgeon","Dark Embrace"],"picked":"Offering"},{"not_picked":["Dual Wield","Perfected Strike"],"picked":"Inflame"},{"not_picked":["Brutality","Dark Embrace"],"picked":"Limit Break"}],"player_experience":30809,"potions_floor_usage":[16,38],"damage_taken":[{"damage":6,"enemies":"Cultist","floor":1,"turns":3},{"damage":12,"enemies":"Blue Slaver","floor":2,"turns":2},{"damage":0,"enemies":"2 Louse","floor":5,"turns":2},{"damage":6,"enemies":"Gremlin Nob","floor":7,"turns":3},{"damage":11,"enemies":"2 Fungi Beasts","floor":11,"turns":3},{"damage":10,"enemies":"Looter","floor":13,"turns":3},{"damage":0,"enemies":"3 Louse","floor":14,"turns":2},{"damage":56,"enemies":"The Guardian","floor":16,"turns":7},{"damage":6,"enemies":"Shell Parasite","floor":18,"turns":2},{"damage":0,"enemies":"Chosen","floor":19,"turns":2},{"damage":22,"enemies":"Centurion and Healer","floor":24,"turns":2},{"damage":4,"enemies":"Chosen and Byrds","floor":29,"turns":2},{"damage":11,"enemies":"Snecko","floor":30,"turns":1},{"damage":56,"enemies":"Automaton","floor":33,"turns":5},{"damage":25,"enemies":"3 Shapes","floor":35,"turns":2},{"damage":7,"enemies":"3 Darklings","floor":36,"turns":2},{"damage":31,"enemies":"Maw","floor":38,"turns":4},{"damage":34,"enemies":"4 Shapes","floor":39,"turns":3},{"damage":0,"enemies":"Sphere and 2 Shapes","floor":41,"turns":1}],"event_choices":[{"event_name":"Golden Shrine","player_choice":"Pray","floor":3,"damage_taken":0},{"event_name":"Liars Game","player_choice":"disagreed","floor":4,"damage_taken":0},{"event_name":"The Cleric","player_choice":"Card Removal","floor":12,"damage_taken":0},{"event_name":"Duplicator","player_choice":"One dupe","floor":21,"damage_taken":0},{"event_name":"Drug Dealer","player_choice":"Got JAXXED","floor":22,"damage_taken":0},{"event_name":"Bonfire Elementals","player_choice":"BASIC","floor":31,"damage_taken":0},{"event_name":"Accursed Blacksmith","player_choice":"Ignore","floor":37,"damage_taken":0}],"boss_relics":[{"not_picked":["Question Card","Tiny House"],"picked":"Cursed Key"},{"not_picked":["Mark of Pain","Snecko Eye"],"picked":"Philosopher\u0027s Stone"}],"potions_floor_spawned":[1,7,13,18,24,30],"seed_played":"7797522993050112357","killed_by":"Sphere and 2 Shapes","is_trial":false}