{"gold_per_floor":[11,11,31,31,48,76,90,90,113,113,125,160,172,202,214,329,341,366,378,390,421,64,93,93,93,93,93,106,33,33,58,58,157,157,173,173,16,26,37,37,53,53,53,69,86,106,138,38,38,38],"floor_reached":51,"playtime":1752,"items_purged":["Strike_R","Parasite"],"score":1163,"play_id":"913a0754-6dc7-4cdd-a4db-831083cdf9f9","local_time":"20191012233923","is_ascension_mode":true,"campfire_choices":[{"data":"True Grit","floor":8.0,"key":"SMITH"},{"data":"Bash","floor":10.0,"key":"SMITH"},{"data":"Clothesline","floor":15.0,"key":"SMITH"},{"floor":24.0,"key":"REST"},{"data":"Inflame","floor":30.0,"key":"SMITH"},{"data":"Shrug It Off","floor":32.0,"key":"SMITH"},{"floor":40,"key":"REST"},{"data":"Inflame","floor":42,"key":"SMITH"},{"floor":49,"key":"REST"}],"neow_cost":"NO_GOLD","seed_source_timestamp":170621168886600,"circlet_count":0,"master_deck":["Strike_R+1","Strike_R","Defend_R","Defend_R","Defend_R","Bash+1","True Grit+1","Whirlwind+1","Seeing Red","Headbutt+1","Fire Breathing","Clothesline+1","Feed","Necronomicurse","True Grit+1","Shrug It Off+1","Rampage","Power Through+1","Inflame+1","Reaper","Inflame+1","Metallicize","Evolve"],"special_seed":0,"relics":["Burning Blood","Pen Nib","Centennial Puzzle","MawBank","Sozu","Necronomicon","Bronze Scales","DollysMirror","Red Skull","PreservedInsect","Juzu Bracelet","SlaversCollar","Whetstone","HornCleat","Mango"],"potions_floor_usage":[50,50,50],"damage_taken":[{"damage":7.0,"enemies":"Jaw Worm","floor":1.0,"turns":5.0},{"damage":0.0,"enemies":"Small Slimes","floor":3.0,"turns":2.0},{"damage":1.0,"enemies":"Cultist","floor":5.0,"turns":4.0},{"damage":40.0,"enemies":"Lagavulin","floor":6.0,"turns":6.0},{"damage":8.0,"enemies":"Red Slaver","floor":7.0,"turns":4.0},{"damage":3.0,"enemies":"Looter","floor":11.0,"turns":3.0},{"damage":0.0,"enemies":"3 Sentries","floor":12.0,"turns":1.0},{"damage":8.0,"enemies":"Blue Slaver","floor":14.0,"turns":2.0},{"damage":0.0,"enemies":"Slime Boss","floor":16.0,"turns":6.0},{"damage":15.0,"enemies":"Shell Parasite","floor":18.0,"turns":4.0},{"damage":14.0,"enemies":"2 Thieves","floor":21.0,"turns":4.0},{"damage":20.0,"enemies":"Book of Stabbing","floor":23.0,"turns":4.0},{"damage":0.0,"enemies":"3 Cultists","floor":28.0,"turns":2.0},{"damage":0.0,"enemies":"Gremlin Leader","floor":31.0,"turns":3.0},{"damage":59.0,"enemies":"Collector","floor":33.0,"turns":7.0},{"damage":1.0,"enemies":"3 Shapes","floor":35.0,"turns":3.0},{"damage":14,"enemies":"3 Darklings","floor":38,"turns":2},{"damage":23,"enemies":"Spire Growth","floor":39,"turns":4},{"damage":8,"enemies":"Writhing Mass","floor":41,"turns":5},{"damage":4,"enemies":"Sphere and 2 Shapes","floor":44,"turns":2},{"damage":13,"enemies":"4 Shapes","floor":45,"turns":6},{"damage":17,"enemies":"Jaw Worm Horde","floor":46,"turns":4},{"damage":34,"enemies":"Reptomancer","floor":47,"turns":5},{"damage":41,"enemies":"Time Eater","floor":50,"turns":7}],"seed_played":"-7556154141047971915","potions_obtained":[{"floor":1.0,"key":"Regen Potion"},{"floor":3.0,"key":"LiquidBronze"},{"floor":7.0,"key":"BloodPotion"},{"floor":12.0,"key":"Weak Potion"}],"is_trial":false,"path_per_floor":["M","?","M","?","M","E","M","R","T","R","M","E","$","M","R","B",null,"M","$","?","M","$","E","R","?","T","?","M","$","R","E","R","B",null,"M","?","$","M","M","R","M","R","T","M","M","M","E","$","R","B",null],"character_chosen":"IRONCLAD","items_purchased":["Bronze Scales","DollysMirror","Inflame","Whetstone"],"campfire_rested":3,"item_purchase_floors":[22,22,29,37],"current_hp_per_floor":[71,71,77,77,80,46,44,44,44,44,47,69,69,67,67,73,78,69,69,53,45,45,31,55,55,55,55,61,61,61,67,67,14,64,83,83,83,75,58,82,80,80,80,82,75,86,75,75,100,85],"gold":38,"neow_bonus":"TRANSFORM_TWO_CARDS","is_prod":false,"is_daily":false,"chose_seed":false,"campfire_upgraded":6,"win_rate":0,"timestamp":1570891163,"path_taken":["M","?","M","?","M","E","?","R","T","R","M","E","?","M","R","BOSS","M","$","?","M","$","E","R","?","T","?","?","$","R","E","R","BOSS","M","?","$","M","M","R","M","R","T","M","M","M","E","?","R","BOSS"],"build_version":"2019-10-11","purchased_purges":2,"victory":true,"max_hp_per_floor":[80,80,80,80,80,80,80,80,80,80,80,80,80,80,80,80,80,80,80,80,80,80,80,80,80,80,80,80,80,80,80,80,80,80,83,83,83,83,83,83,83,83,83,83,83,86,103,100,100,100],"card_choices":[{"not_picked":["Perfected Strike","Wild Strike","Hemokinesis"],"picked":"SKIP","floor":1.0},{"not_picked":["Iron Wave","Sword Boomerang","True Grit"],"picked":"SKIP","floor":3.0},{"not_picked":["Sentinel","Heavy Blade"],"picked":"Seeing Red","floor":5.0},{"not_picked":["Bludgeon","Immolate"],"picked":"Headbutt","floor":6.0},{"not_picked":["Anger","Sword Boomerang"],"picked":"Fire Breathing","floor":7.0},{"not_picked":["Iron Wave","Sentinel","Anger"],"picked":"SKIP","floor":11.0},{"not_picked":["Infernal Blade","Uppercut","Heavy Blade"],"picked":"SKIP","floor":12.0},{"not_picked":["Thunderclap","Flame Barrier"],"picked":"Clothesline","floor":14.0},{"not_picked":["Barricade","Offering"],"picked":"Feed","floor":16.0},{"not_picked":["Infernal Blade","Twin Strike","Sentinel+1"],"picked":"SKIP","floor":18.0},{"not_picked":["Searing Blow","Inflame+1","Thunderclap"],"picked":"SKIP","floor":21.0},{"not_picked":["Reaper","Anger"],"picked":"Shrug It Off","floor":23.0},{"not_picked":["Twin Strike+1","Flame Barrier"],"picked":"Power Through+1","floor":28.0},{"not_picked":["Seeing Red","Anger","Whirlwind"],"picked":"SKIP","floor":31.0},{"not_picked":["Brutality","Offering"],"picked":"Reaper","floor":33.0},{"not_picked":["Flame Barrier+1","Twin Strike","Rampage+1"],"picked":"SKIP","floor":35.0},{"not_picked":["Twin Strike+1","Reckless Charge","Warcry"],"picked":"SKIP","floor":38},{"not_picked":["Ghostly Armor+1","Clash+1","Anger+1"],"picked":"SKIP","floor":39},{"not_picked":["Bludgeon","Body Slam+1"],"picked":"Inflame","floor":41},{"not_picked":["Clash","Carnage+1","Flex"],"picked":"SKIP","floor":44},{"not_picked":["Corruption","Flex"],"picked":"Metallicize","floor":45},{"not_picked":["Iron Wave","Blood for Blood","Body Slam+1"],"picked":"SKIP","floor":46},{"not_picked":["Rampage","Sentinel"],"picked":"Evolve","floor":47}],"player_experience":671331,"relics_obtained":[{"floor":6.0,"key":"Pen Nib"},{"floor":9.0,"key":"Centennial Puzzle"},{"floor":12.0,"key":"MawBank"},{"floor":20.0,"key":"Necronomicon"},{"floor":23.0,"key":"Red Skull"},{"floor":26.0,"key":"PreservedInsect"},{"floor":31.0,"key":"Juzu Bracelet"},{"floor":43,"key":"HornCleat"},{"floor":47,"key":"Mango"}],"event_choices":[{"damage_healed":0.0,"max_hp_gain":0.0,"max_hp_loss":0.0,"gold_gain":0.0,"event_name":"Living Wall","player_choice":"Grow","floor":2.0,"gold_loss":0.0,"damage_taken":0.0,"cards_upgraded":["Whirlwind"]},{"cards_removed":["Strike_R"],"damage_healed":0.0,"max_hp_gain":0.0,"max_hp_loss":0.0,"gold_gain":0.0,"event_name":"Purifier","player_choice":"Purged","floor":4.0,"gold_loss":0.0,"damage_taken":0.0},{"damage_healed":0.0,"max_hp_gain":0.0,"max_hp_loss":0.0,"gold_gain":0.0,"event_name":"Cursed Tome","player_choice":"Obtained Book","floor":20.0,"gold_loss":0.0,"damage_taken":16.0},{"damage_healed":0.0,"max_hp_gain":0.0,"max_hp_loss":0.0,"gold_gain":0.0,"event_name":"The Library","player_choice":"Read","floor":25.0,"gold_loss":0.0,"damage_taken":0.0,"cards_obtained":["Rampage"]},{"damage_healed":0.0,"max_hp_gain":0.0,"max_hp_loss":0.0,"gold_gain":0.0,"event_name":"Duplicator","player_choice":"Ignored","floor":27.0,"gold_loss":0.0,"damage_taken":0.0},{"damage_healed":0,"gold_gain":0,"player_choice":"0 cards matched","damage_taken":0,"max_hp_gain":0,"max_hp_loss":0,"event_name":"Match and Keep!","floor":36,"gold_loss":0,"cards_obtained":[]}],"is_beta":true,"boss_relics":[{"not_picked":["Runic Pyramid","Coffee Dripper"],"picked":"Sozu"},{"not_picked":["Philosopher\u0027s Stone","Fusion Hammer"],"picked":"SlaversCollar"}],"items_purged_floors":[22,48],"is_endless":false,"potions_floor_spawned":[1,3,7,12,14,16,21,28,33,35,39,45],"ascension_level":8}