{"gold_per_floor":[116,191,191,204,221,247,247,282,308,328,328],"floor_reached":11,"playtime":354,"items_purged":[],"score":104,"play_id":"adf58e92-bb5c-4439-ab04-e9a51bb52b39","local_time":"20190610194853","is_ascension_mode":true,"campfire_choices":[{"data":"Bash","floor":7,"key":"SMITH"}],"neow_cost":"NONE","seed_source_timestamp":117060675866451,"circlet_count":0,"master_deck":["Strike_R","Strike_R","Strike_R","Strike_R","Strike_R","Defend_R","Defend_R","Defend_R","Defend_R","Bash+1","True Grit","Whirlwind","Shrug It Off","Shrug It Off"],"relics":["Burning Blood","NeowsBlessing","Red Skull","Regal Pillow","Centennial Puzzle"],"potions_floor_usage":[6,8],"damage_taken":[{"damage":0,"enemies":"Jaw Worm","floor":1,"turns":1},{"damage":0,"enemies":"Small Slimes","floor":4,"turns":1},{"damage":0,"enemies":"Cultist","floor":5,"turns":1},{"damage":68,"enemies":"3 Sentries","floor":6,"turns":11},{"damage":23,"enemies":"Lagavulin","floor":8,"turns":5},{"damage":0,"enemies":"2 Fungi Beasts","floor":10,"turns":3},{"damage":27,"enemies":"Gremlin Nob","floor":11,"turns":3}],"seed_played":"2378341083040099463","potions_obtained":[{"floor":1,"key":"SpeedPotion"},{"floor":5,"key":"Regen Potion"},{"floor":8,"key":"Strength Potion"}],"is_trial":false,"path_per_floor":["M","?","?","M","M","E","R","E","T","M","E"],"character_chosen":"IRONCLAD","items_purchased":[],"campfire_rested":0,"item_purchase_floors":[],"current_hp_per_floor":[80,69,69,75,80,33,33,16,16,22,0],"gold":328,"neow_bonus":"THREE_ENEMY_KILL","is_prod":false,"is_daily":false,"chose_seed":false,"campfire_upgraded":1,"win_rate":0,"timestamp":1560188933,"path_taken":["M","?","?","?","M","E","R","E","T","M","E"],"build_version":"2019-01-23","purchased_purges":0,"victory":false,"max_hp_per_floor":[80,80,80,80,80,80,80,80,80,80,80],"card_choices":[{"not_picked":["Fire Breathing","Clash","Thunderclap"],"picked":"SKIP","floor":1},{"not_picked":["Warcry","Thunderclap"],"picked":"True Grit","floor":4},{"not_picked":["Heavy Blade","Combust"],"picked":"Whirlwind","floor":5},{"not_picked":["Cleave","Immolate","Pommel Strike"],"picked":"SKIP","floor":6},{"not_picked":["Reckless Charge","Whirlwind"],"picked":"Shrug It Off","floor":8},{"not_picked":["Cleave","Clash"],"picked":"Shrug It Off","floor":10}],"player_experience":192627,"relics_obtained":[{"floor":6,"key":"Red Skull"},{"floor":8,"key":"Regal Pillow"},{"floor":9,"key":"Centennial Puzzle"}],"event_choices":[{"damage_healed":0,"gold_gain":75,"player_choice":"Gather Gold","damage_taken":11,"max_hp_gain":0,"max_hp_loss":0,"event_name":"World of Goop","floor":2,"gold_loss":0},{"damage_healed":0,"gold_gain":0,"player_choice":"0 cards matched","damage_taken":0,"max_hp_gain":0,"max_hp_loss":0,"event_name":"Match and Keep!","floor":3,"gold_loss":0,"cards_obtained":[]}],"is_beta":false,"boss_relics":[],"items_purged_floors":[],"is_endless":false,"potions_floor_spawned":[1,5,8],"killed_by":"Gremlin Nob","ascension_level":5}