{"gold_per_floor":[110,57,57,68,18,43,43,43,43,60,60,78,91,108,108,211,211,199,298,298,313,313],"floor_reached":22,"playtime":854,"items_purged":[],"score":279,"play_id":"09253dff-5cd4-4723-b5a1-facc01020257","local_time":"20190626235828","is_ascension_mode":true,"campfire_choices":[{"data":"Bash","floor":7,"key":"SMITH"},{"floor":11,"key":"REST"},{"data":"Infernal Blade","floor":15,"key":"SMITH"}],"neow_cost":"NONE","seed_source_timestamp":56505253607006,"circlet_count":0,"master_deck":["AscendersBane","Strike_R","Strike_R","Strike_R","Strike_R","Defend_R","Defend_R","Defend_R","Defend_R","Bash+1","Pommel Strike","Shrug It Off","Twin Strike","Clothesline","Combust","Ghostly Armor","Infernal Blade+1","Limit Break","Iron Wave","Disarm"],"relics":["Burning Blood","Torii","Paper Frog","Sozu","Nloth\u0027s Gift"],"potions_floor_usage":[6,6,16],"damage_taken":[{"damage":8,"enemies":"2 Louse","floor":1,"turns":3},{"damage":9,"enemies":"Small Slimes","floor":4,"turns":4},{"damage":27,"enemies":"Lagavulin","floor":6,"turns":7},{"damage":8,"enemies":"Jaw Worm","floor":10,"turns":4},{"damage":1,"enemies":"2 Fungi Beasts","floor":12,"turns":4},{"damage":1,"enemies":"3 Louse","floor":13,"turns":5},{"damage":5,"enemies":"Exordium Thugs","floor":14,"turns":4},{"damage":42,"enemies":"The Guardian","floor":16,"turns":16},{"damage":21,"enemies":"2 Thieves","floor":18,"turns":4},{"damage":40,"enemies":"Spheric Guardian","floor":21,"turns":6},{"damage":21,"enemies":"3 Cultists","floor":22,"turns":3}],"seed_played":"-3490388996038533781","potions_obtained":[{"floor":0,"key":"SneckoOil"},{"floor":0,"key":"Weak Potion"},{"floor":0,"key":"AttackPotion"},{"floor":6,"key":"SpeedPotion"},{"floor":14,"key":"Poison Potion"}],"is_trial":false,"path_per_floor":["M","$","?","M","?","E","R","?","T","M","R","M","M","M","R","B",null,"M","?","?","M","M"],"character_chosen":"IRONCLAD","items_purchased":["Shrug It Off"],"campfire_rested":1,"item_purchase_floors":[2],"current_hp_per_floor":[70,70,70,67,67,46,46,28,28,26,50,55,60,61,61,25,66,51,51,51,17,0],"gold":313,"neow_bonus":"THREE_SMALL_POTIONS","is_prod":false,"is_daily":false,"chose_seed":false,"campfire_upgraded":2,"win_rate":0,"timestamp":1561586308,"path_taken":["M","$","?","M","?","E","R","?","T","M","R","M","M","M","R","BOSS","M","?","?","M","M"],"build_version":"2019-01-23","purchased_purges":0,"victory":false,"max_hp_per_floor":[80,80,80,80,80,80,80,80,80,80,80,80,80,80,80,80,80,80,80,80,80,80],"card_choices":[{"not_picked":["Perfected Strike","Warcry"],"picked":"Pommel Strike","floor":1},{"not_picked":["Sever Soul","Entrench"],"picked":"Twin Strike","floor":4},{"not_picked":["True Grit","Limit Break"],"picked":"Clothesline","floor":6},{"not_picked":["Second Wind","Wild Strike"],"picked":"Combust","floor":10},{"not_picked":["Uppercut","Thunderclap"],"picked":"Ghostly Armor","floor":12},{"not_picked":["Clothesline","Hemokinesis"],"picked":"Infernal Blade","floor":13},{"not_picked":["Infernal Blade","Havoc","Flex"],"picked":"SKIP","floor":14},{"not_picked":["Brutality","Exhume"],"picked":"Limit Break","floor":16},{"not_picked":["Perfected Strike","Rage+1"],"picked":"Iron Wave","floor":18},{"not_picked":["Hemokinesis+1","Rampage"],"picked":"Disarm","floor":21}],"player_experience":224486,"relics_obtained":[{"floor":6,"key":"Orichalcum"},{"floor":9,"key":"Paper Frog"}],"event_choices":[{"damage_healed":0,"gold_gain":0,"player_choice":"Ignored","damage_taken":0,"max_hp_gain":0,"max_hp_loss":0,"event_name":"Liars Game","floor":3,"gold_loss":0},{"cards_removed":["Strike_R"],"damage_healed":0,"gold_gain":0,"player_choice":"Card Removal","damage_taken":0,"max_hp_gain":0,"max_hp_loss":0,"event_name":"The Cleric","floor":5,"gold_loss":50},{"damage_healed":0,"gold_gain":0,"player_choice":"Success","damage_taken":18,"relics_obtained":["Torii"],"max_hp_gain":0,"max_hp_loss":0,"event_name":"Scrap Ooze","floor":8,"gold_loss":0},{"damage_healed":0,"gold_gain":99,"player_choice":"Stole From Cult","damage_taken":0,"max_hp_gain":0,"max_hp_loss":0,"event_name":"Nest","floor":19,"gold_loss":0},{"damage_healed":0,"gold_gain":0,"player_choice":"Traded Relic","damage_taken":0,"relics_obtained":["Nloth\u0027s Gift"],"max_hp_gain":0,"max_hp_loss":0,"event_name":"N\u0027loth","floor":20,"relics_lost":["Orichalcum"],"gold_loss":0}],"is_beta":false,"boss_relics":[{"not_picked":["Cursed Key","Eternal Feather"],"picked":"Sozu"}],"items_purged_floors":[],"is_endless":false,"potions_floor_spawned":[4,6,14,18,21],"killed_by":"3 Cultists","ascension_level":10}