{"gold_per_floor":[119,119,129,140,151,168,188,207,207,207,207,226,242,254,254,351,351,369,380,48,64,64],"floor_reached":22,"playtime":785,"items_purged":["Strike_R"],"score":188,"play_id":"c8958fe3-8d21-4ac5-8188-3a7dbd774733","local_time":"20191023011551","is_ascension_mode":false,"campfire_choices":[{"data":"Searing Blow","floor":10.0,"key":"SMITH"},{"floor":15.0,"key":"REST"}],"neow_cost":"NONE","seed_source_timestamp":299330697846500,"circlet_count":0,"master_deck":["Strike_R","Strike_R","Strike_R","Strike_R","Defend_R","Defend_R","Defend_R","Defend_R","Bash","Armaments+1","Cleave","Searing Blow+1","True Grit","Ghostly Armor","Uppercut","Ghostly Armor","Offering","Pommel Strike+1"],"special_seed":0,"relics":["Sozu","Ornamental Fan"],"potions_floor_usage":[],"damage_taken":[{"damage":8.0,"enemies":"2 Louse","floor":1.0,"turns":2.0},{"damage":0.0,"enemies":"Small Slimes","floor":3.0,"turns":3.0},{"damage":1.0,"enemies":"Cultist","floor":4.0,"turns":3.0},{"damage":6.0,"enemies":"2 Fungi Beasts","floor":5.0,"turns":3.0},{"damage":0.0,"enemies":"Large Slime","floor":6.0,"turns":4.0},{"damage":32.0,"enemies":"Exordium Thugs","floor":7.0,"turns":7.0},{"damage":0.0,"enemies":"Blue Slaver","floor":8.0,"turns":3.0},{"damage":0.0,"enemies":"3 Louse","floor":12.0,"turns":4.0},{"damage":0.0,"enemies":"Lots of Slimes","floor":13.0,"turns":2.0},{"damage":11.0,"enemies":"Exordium Thugs","floor":14.0,"turns":4.0},{"damage":6.0,"enemies":"The Guardian","floor":16.0,"turns":13.0},{"damage":17.0,"enemies":"2 Thieves","floor":18.0,"turns":5.0},{"damage":24.0,"enemies":"Spheric Guardian","floor":19.0,"turns":6.0},{"damage":22,"enemies":"Chosen and Byrds","floor":21,"turns":7},{"damage":9,"enemies":"Snecko","floor":22,"turns":5}],"seed_played":"-1177736680906536273","potions_obtained":[],"is_trial":false,"path_per_floor":["M","?","M","M","M","M","M","M","T","R","?","M","M","M","R","B",null,"M","M","$","M","M"],"character_chosen":"IRONCLAD","items_purchased":["Ornamental Fan"],"campfire_rested":1,"item_purchase_floors":[20],"current_hp_per_floor":[72,72,72,71,65,65,33,33,33,33,33,33,33,22,46,40,80,63,39,39,17,8],"gold":64,"neow_bonus":"BOSS_RELIC","is_prod":false,"is_daily":false,"chose_seed":false,"campfire_upgraded":1,"win_rate":0,"timestamp":1571760951,"path_taken":["M","?","M","M","M","M","M","M","T","R","?","M","M","M","R","BOSS","M","?","$","M","M"],"build_version":"2019-10-21","purchased_purges":1,"victory":false,"max_hp_per_floor":[80,80,80,80,80,80,80,80,80,80,80,80,80,80,80,80,80,80,80,80,80,80],"card_choices":[{"not_picked":["Perfected Strike","Wild Strike"],"picked":"Armaments","floor":1.0},{"not_picked":["Heavy Blade","Iron Wave"],"picked":"Cleave","floor":3.0},{"not_picked":["Sever Soul","Clash","Spot Weakness"],"picked":"SKIP","floor":4.0},{"not_picked":["Armaments","Pommel Strike"],"picked":"Searing Blow","floor":5.0},{"not_picked":["Brutality","Second Wind","Flex"],"picked":"SKIP","floor":6.0},{"not_picked":["Clothesline","Iron Wave"],"picked":"True Grit","floor":7.0},{"not_picked":["Headbutt","Pommel Strike"],"picked":"Ghostly Armor","floor":8.0},{"not_picked":["Combust","Metallicize"],"picked":"Uppercut","floor":12.0},{"not_picked":["Twin Strike","Rupture","Iron Wave"],"picked":"SKIP","floor":13.0},{"not_picked":["Twin Strike","Clothesline"],"picked":"Ghostly Armor","floor":14.0},{"not_picked":["Limit Break","Corruption"],"picked":"Offering","floor":16.0},{"not_picked":["Clash","Anger"],"picked":"Pommel Strike+1","floor":18.0},{"not_picked":["Shrug It Off","Perfected Strike+1","Uppercut"],"picked":"SKIP","floor":19.0},{"not_picked":["Wild Strike+1","Clothesline","Dropkick"],"picked":"SKIP","floor":21}],"player_experience":733854,"relics_obtained":[],"event_choices":[{"damage_healed":0.0,"max_hp_gain":0.0,"max_hp_loss":0.0,"gold_gain":0.0,"event_name":"Living Wall","player_choice":"Grow","floor":2.0,"gold_loss":0.0,"damage_taken":0.0,"cards_upgraded":["Armaments"]},{"damage_healed":0.0,"max_hp_gain":0.0,"max_hp_loss":0.0,"gold_gain":0.0,"event_name":"The Woman in Blue","player_choice":"Bought 0 Potions","floor":11.0,"gold_loss":0.0,"damage_taken":0.0}],"is_beta":true,"boss_relics":[{"not_picked":["Sozu","Astrolabe","Cursed Key"]}],"items_purged_floors":[20],"is_endless":false,"potions_floor_spawned":[4,12,14,16,22],"killed_by":"Snecko","ascension_level":0}