{"path_per_floor":["M","M","?","?","M","R","E","?","T","R","M","?","$","E","R","B",null,"M","$","?","?","?","R","M","R","T","R","?","M","E","M","R","B",null,"M","M","M","$","M"],"character_chosen":"IRONCLAD","items_purchased":["Inflame","Flex","True Grit","Cleave","Regen Potion"],"gold_per_floor":[113,129,129,129,144,144,173,173,219,219,236,236,141,168,168,263,263,275,105,105,105,105,105,117,117,117,117,117,131,156,175,175,280,280,294,305,324,175,193,193],"floor_reached":40,"campfire_rested":2,"playtime":2180,"current_hp_per_floor":[80,80,73,57,57,57,32,32,32,32,35,35,35,35,59,29,80,62,62,46,46,46,46,48,48,48,48,48,29,12,18,42,14,80,74,61,40,40,19,0],"items_purged":["Strike_R","Writhe"],"gold":193,"score":483,"play_id":"d52e2056-0979-4e43-8060-44cef4fde902","local_time":"20180329170352","is_prod":false,"is_daily":false,"is_ascension_mode":true,"campfire_upgraded":5,"timestamp":1522335832,"path_taken":["M","M","?","?","M","R","E","?","T","R","M","?","$","E","R","BOSS","M","$","?","?","?","R","M","R","T","R","?","M","E","M","R","BOSS","M","M","M","$","M","E"],"build_version":"2018-03-22v2","purchased_purges":2,"victory":false,"master_deck":["Strike_R+1","Strike_R+1","Defend_R+1","Defend_R+1","Defend_R+1","Defend_R+1","Bash+1","Flex+1","Spot Weakness+1","Sword Boomerang+1","Sword Boomerang+1","Inflame","Flex+1","Heavy Blade+1","Brutality","Heavy Blade+1","True Grit+1","Cleave","Writhe","Whirlwind+1","Impervious","Battle Trance"],"max_hp_per_floor":[80,80,80,80,80,80,80,80,80,80,80,80,80,80,80,80,80,80,80,80,80,80,80,80,80,80,80,80,80,80,80,80,80,80,80,80,80,80,80,80],"relics":["Burning Blood","Oddly Smooth Stone","Juzu Bracelet","Matryoshka","Cursed Key","Nilry\u0027s Codex","Happy Flower","Torii","Self Forming Clay","Whetstone","Runic Dome"],"card_choices":[{"not_picked":["Sever Soul","Wild Strike"],"picked":"Flex","floor":1},{"not_picked":["Rupture","Shrug It Off"],"picked":"Spot Weakness","floor":2},{"not_picked":["Thunderclap","Searing Blow"],"picked":"Sword Boomerang","floor":5},{"not_picked":["Armaments","Perfected Strike"],"picked":"Sword Boomerang","floor":11},{"not_picked":["Combust","Bludgeon"],"picked":"Heavy Blade","floor":14},{"not_picked":["Juggernaut","Dark Embrace"],"picked":"Brutality","floor":16},{"not_picked":["Wild Strike","Anger"],"picked":"Heavy Blade","floor":18},{"not_picked":["Corruption","Flex"],"picked":"Whirlwind","floor":29},{"not_picked":["Thunderclap","Uppercut"],"picked":"Impervious","floor":31},{"not_picked":["Wild Strike","Flex"],"picked":"Battle Trance","floor":39}],"player_experience":57522,"potions_floor_usage":[30,30,33,39,40],"damage_taken":[{"damage":6,"enemies":"Cultist","floor":1,"turns":3},{"damage":0,"enemies":"Small Slimes","floor":2,"turns":3},{"damage":6,"enemies":"2 Louse","floor":5,"turns":2},{"damage":31,"enemies":"Lagavulin","floor":7,"turns":7},{"damage":3,"enemies":"Blue Slaver","floor":11,"turns":4},{"damage":6,"enemies":"Gremlin Nob","floor":14,"turns":3},{"damage":36,"enemies":"Hexaghost","floor":16,"turns":6},{"damage":24,"enemies":"2 Thieves","floor":18,"turns":3},{"damage":4,"enemies":"Spheric Guardian","floor":24,"turns":3},{"damage":25,"enemies":"Snake Plant","floor":29,"turns":5},{"damage":23,"enemies":"Slavers","floor":30,"turns":2},{"damage":0,"enemies":"Centurion and Healer","floor":31,"turns":5},{"damage":34,"enemies":"Champ","floor":33,"turns":7},{"damage":12,"enemies":"Orb Walker","floor":35,"turns":4},{"damage":19,"enemies":"3 Darklings","floor":36,"turns":4},{"damage":27,"enemies":"4 Shapes","floor":37,"turns":7},{"damage":33,"enemies":"Maw","floor":39,"turns":5},{"damage":34,"enemies":"Nemesis","floor":40,"turns":3}],"event_choices":[{"event_name":"Golden Wing","player_choice":"Card Removal","floor":3,"damage_taken":0},{"event_name":"Shining Light","player_choice":"Entered Light","floor":4,"damage_taken":0},{"event_name":"Purifier","player_choice":"One Purge","floor":8,"damage_taken":0},{"event_name":"Scrap Ooze","player_choice":"unsuccessful","floor":12,"damage_taken":0},{"event_name":"Cursed Tome","player_choice":"Obtained Book","floor":20,"damage_taken":0},{"event_name":"Vampires","player_choice":"Ignored","floor":21,"damage_taken":0},{"event_name":"Back to Basics","player_choice":"Simplicity","floor":22,"damage_taken":0},{"event_name":"The Mausoleum","player_choice":"Yes","floor":28,"damage_taken":0}],"boss_relics":[{"not_picked":["Runic Pyramid","Snecko Eye"],"picked":"Cursed Key"},{"not_picked":["Question Card","Orrery"],"picked":"Runic Dome"}],"potions_floor_spawned":[2,11,14,24,30,35,36],"seed_played":"5983261500209722977","killed_by":"Nemesis","ascension_level":2,"is_trial":false}