{"gold_per_floor":[118,393,69,80,96,96,106,6,6,16,28,28,28,44,44,144,144,164,132,144,144],"floor_reached":21,"playtime":922,"items_purged":["Regret","Strike_R"],"score":175,"play_id":"46640c3d-9e76-4cb1-80d4-3d431f04d4b9","local_time":"20191023155003","is_ascension_mode":false,"campfire_choices":[{"data":"True Grit","floor":6,"key":"SMITH"},{"data":"Dark Embrace","floor":13,"key":"SMITH"},{"data":"Searing Blow","floor":15,"key":"SMITH"}],"neow_cost":"NONE","seed_source_timestamp":351735101771800,"circlet_count":0,"master_deck":["Strike_R","Strike_R","Strike_R","Strike_R","Defend_R","Defend_R","Defend_R","Defend_R","Bash","Dark Embrace+1","True Grit+1","Pommel Strike","Searing Blow+1","True Grit","Shrug It Off","Double Tap","Fire Breathing","Reckless Charge"],"special_seed":0,"relics":["Burning Blood","NeowsBlessing","Bottled Tornado","Bottled Lightning","Mark of Pain"],"potions_floor_usage":[14,16,16,16,16,16,16],"damage_taken":[{"damage":0.0,"enemies":"Cultist","floor":1.0,"turns":1.0},{"damage":0,"enemies":"Small Slimes","floor":4,"turns":1},{"damage":0,"enemies":"Jaw Worm","floor":5,"turns":1},{"damage":8,"enemies":"3 Louse","floor":7,"turns":4},{"damage":12,"enemies":"Exordium Wildlife","floor":10,"turns":8},{"damage":9,"enemies":"Blue Slaver","floor":11,"turns":6},{"damage":26,"enemies":"Lots of Slimes","floor":14,"turns":9},{"damage":72,"enemies":"Slime Boss","floor":16,"turns":21},{"damage":7,"enemies":"Chosen","floor":18,"turns":6},{"damage":34,"enemies":"2 Thieves","floor":19,"turns":5},{"damage":50,"enemies":"Chosen and Byrds","floor":20,"turns":7},{"damage":13,"enemies":"Snake Plant","floor":21,"turns":2}],"seed_played":"5463247506946695745","potions_obtained":[{"floor":5,"key":"SpeedPotion"},{"floor":7,"key":"AttackPotion"},{"floor":11,"key":"EntropicBrew"},{"floor":12,"key":"Fruit Juice"},{"floor":12,"key":"Regen Potion"},{"floor":14,"key":"SneckoOil"},{"floor":18,"key":"Ancient Potion"}],"is_trial":false,"path_per_floor":["M","?","$","M","M","R","M","$","T","M","M","?","R","M","R","B",null,"M","M","M","M"],"character_chosen":"IRONCLAD","items_purchased":["Bottled Tornado"],"campfire_rested":0,"item_purchase_floors":[3],"current_hp_per_floor":[80,80,80,80,80,80,78,78,78,72,69,69,69,64,64,17,80,79,51,7,0],"gold":144,"neow_bonus":"THREE_ENEMY_KILL","is_prod":false,"is_daily":false,"chose_seed":false,"campfire_upgraded":3,"win_rate":0,"timestamp":1571813403,"path_taken":["M","?","$","?","M","R","M","$","T","M","M","?","R","M","R","BOSS","M","?","M","M"],"build_version":"2019-10-22","purchased_purges":2,"victory":false,"max_hp_per_floor":[80,80,80,80,80,80,80,80,80,80,80,80,80,80,80,80,80,80,80,80,80],"card_choices":[{"not_picked":["Sword Boomerang","Perfected Strike"],"picked":"Dark Embrace","floor":1.0},{"not_picked":["Thunderclap","Carnage"],"picked":"True Grit","floor":4},{"not_picked":["Inflame","Shrug It Off"],"picked":"Pommel Strike","floor":5},{"not_picked":["Spot Weakness","Twin Strike"],"picked":"Searing Blow","floor":7},{"not_picked":["Perfected Strike","Spot Weakness","Combust"],"picked":"SKIP","floor":10},{"not_picked":["Berserk","Iron Wave"],"picked":"True Grit","floor":11},{"not_picked":["Clothesline","Headbutt"],"picked":"Shrug It Off","floor":14},{"not_picked":["Exhume","Feed"],"picked":"Double Tap","floor":16},{"not_picked":["Cleave","Warcry+1"],"picked":"Fire Breathing","floor":18},{"not_picked":["Wild Strike","Headbutt"],"picked":"Reckless Charge","floor":19},{"not_picked":["True Grit","Heavy Blade","Iron Wave+1"],"picked":"SKIP","floor":20}],"player_experience":750489,"relics_obtained":[{"floor":9,"key":"Bottled Lightning"}],"event_choices":[{"damage_healed":0.0,"max_hp_gain":0.0,"max_hp_loss":0.0,"gold_gain":275.0,"event_name":"Golden Shrine","player_choice":"Desecrate","floor":2.0,"gold_loss":0.0,"damage_taken":0.0,"cards_obtained":["Regret"]},{"damage_healed":0,"gold_gain":0,"player_choice":"Got Potions","damage_taken":0,"max_hp_gain":0,"max_hp_loss":0,"event_name":"Lab","floor":12,"gold_loss":0}],"is_beta":true,"boss_relics":[{"not_picked":["Snecko Eye","Runic Cube"],"picked":"Mark of Pain"}],"items_purged_floors":[3,8],"is_endless":false,"potions_floor_spawned":[5,7,11,14,18],"killed_by":"Snake Plant","ascension_level":0}