{"gold_per_floor":[116,135,145,162,174,174,204,223,250,250,175,190,200,219,219,219],"floor_reached":16,"playtime":620,"items_purged":["Strike_B"],"score":167,"play_id":"759d49de-7998-4667-8d34-d129a1bf5350","local_time":"20190417191411","is_ascension_mode":true,"campfire_choices":[{"data":"Loop","floor":6,"key":"SMITH"},{"floor":15,"key":"REST"}],"neow_cost":"NONE","seed_source_timestamp":606774363576111,"circlet_count":0,"master_deck":["AscendersBane","Strike_B","Strike_B","Strike_B","Defend_B","Defend_B","Defend_B","Defend_B","Zap","Dualcast","Loop+1","White Noise","Glacier","Capacitor","Coolheaded"],"relics":["Cracked Core","Happy Flower","Tiny Chest","Strawberry","Question Card"],"potions_floor_usage":[4,8,13],"damage_taken":[{"damage":0,"enemies":"Cultist","floor":1,"turns":3},{"damage":7,"enemies":"Small Slimes","floor":2,"turns":3},{"damage":7,"enemies":"Jaw Worm","floor":3,"turns":3},{"damage":12,"enemies":"Exordium Thugs","floor":4,"turns":4},{"damage":6,"enemies":"Looter","floor":5,"turns":3},{"damage":14,"enemies":"Gremlin Gang","floor":8,"turns":3},{"damage":0,"enemies":"Red Slaver","floor":12,"turns":4},{"damage":1,"enemies":"2 Fungi Beasts","floor":13,"turns":3},{"damage":17,"enemies":"Large Slime","floor":14,"turns":6},{"damage":0,"enemies":"The Guardian","floor":16,"turns":2}],"seed_played":"9070669624906916240","potions_obtained":[{"floor":1,"key":"Explosive Potion"},{"floor":3,"key":"Energy Potion"},{"floor":8,"key":"Weak Potion"},{"floor":12,"key":"Fire Potion"},{"floor":14,"key":"FearPotion"}],"is_trial":false,"path_per_floor":["M","M","M","M","M","R","?","M","T","T","$","M","M","M","R","B"],"character_chosen":"DEFECT","items_purchased":[],"campfire_rested":1,"item_purchase_floors":[],"current_hp_per_floor":[64,57,50,38,32,32,32,18,25,25,25,25,24,7,30,30],"gold":219,"neow_bonus":"RANDOM_COMMON_RELIC","is_prod":false,"is_daily":false,"chose_seed":false,"campfire_upgraded":1,"win_rate":0,"timestamp":1555521251,"path_taken":["M","?","M","?","M","R","?","M","T","?","$","M","M","M","R","BOSS"],"build_version":"2019-01-23","purchased_purges":1,"victory":false,"max_hp_per_floor":[71,71,71,71,71,71,71,71,78,78,78,78,78,78,78,78],"card_choices":[{"not_picked":["Steam Power","Compile Driver","Beam Cell"],"picked":"SKIP","floor":1},{"not_picked":["Gash","Reboot"],"picked":"Loop","floor":2},{"not_picked":["Beam Cell","Turbo"],"picked":"White Noise","floor":3},{"not_picked":["Gash","Skim"],"picked":"Glacier","floor":4},{"not_picked":["Streamline","Glacier","Conserve Battery"],"picked":"SKIP","floor":5},{"not_picked":["Leap","Hologram","Stack"],"picked":"SKIP","floor":8},{"not_picked":["Thunder Strike","Rebound","Turbo"],"picked":"Capacitor","floor":12},{"not_picked":["Sweeping Beam","Hello World","Lockon"],"picked":"Coolheaded","floor":13},{"not_picked":["Stack","Conserve Battery","Sunder","Aggregate"],"picked":"SKIP","floor":14}],"player_experience":416815,"relics_obtained":[{"floor":9,"key":"Strawberry"},{"floor":10,"key":"Question Card"}],"event_choices":[{"damage_healed":0,"gold_gain":0,"player_choice":"Searched \u00271\u0027 times","damage_taken":0,"relics_obtained":["Tiny Chest"],"max_hp_gain":0,"max_hp_loss":0,"event_name":"Dead Adventurer","floor":7,"gold_loss":0}],"is_beta":false,"boss_relics":[],"items_purged_floors":[11],"is_endless":false,"potions_floor_spawned":[1,3,8,12,14],"killed_by":"The Guardian","ascension_level":14}