{"gold_per_floor":[15,15,39,59,75,75,94,46,72,107,138,180,192,224,236,341,353,378,406,436,448,473,485,497,509,544,599,611],"floor_reached":28,"playtime":1444,"items_purged":[],"score":454,"play_id":"cca5c085-429e-4861-83e5-322ad05a5609","local_time":"20191022211216","is_ascension_mode":true,"campfire_choices":[{"data":"Neutralize","floor":6.0,"key":"SMITH"},{"floor":13.0,"key":"REST"},{"data":"Footwork","floor":15.0,"key":"SMITH"},{"floor":23.0,"key":"REST"}],"neow_cost":"NO_GOLD","seed_source_timestamp":283961193271900,"circlet_count":0,"master_deck":["AscendersBane","Strike_G+1","Defend_G+1","Defend_G+1","Defend_G+1","Defend_G+1","Defend_G+1","Survivor","Neutralize+1","Corpse Explosion","Adrenaline+1","Quick Slash","Heel Hook","Malaise","Caltrops","Flying Knee","Footwork+1","Deflect","Night Terror","Bouncing Flask","Catalyst","Dodge and Roll+1","Prepared+1"],"special_seed":0,"relics":["Ring of the Snake","Golden Idol","War Paint","MawBank","Empty Cage","MutagenicStrength","CeramicFish","Oddly Smooth Stone"],"potions_floor_usage":[27,27],"damage_taken":[{"damage":4.0,"enemies":"Jaw Worm","floor":1.0,"turns":4.0},{"damage":0.0,"enemies":"Small Slimes","floor":3.0,"turns":5.0},{"damage":0.0,"enemies":"2 Louse","floor":4.0,"turns":1.0},{"damage":0.0,"enemies":"Large Slime","floor":5.0,"turns":5.0},{"damage":0.0,"enemies":"Looter","floor":7.0,"turns":4.0},{"damage":8.0,"enemies":"3 Sentries","floor":10.0,"turns":3.0},{"damage":8.0,"enemies":"Exordium Wildlife","floor":11.0,"turns":5.0},{"damage":1.0,"enemies":"Exordium Thugs","floor":14.0,"turns":3.0},{"damage":21.0,"enemies":"Hexaghost","floor":16.0,"turns":16.0},{"damage":6.0,"enemies":"Shell Parasite","floor":18.0,"turns":7.0},{"damage":18.0,"enemies":"Spheric Guardian","floor":19.0,"turns":5.0},{"damage":21.0,"enemies":"Shelled Parasite and Fungi","floor":20.0,"turns":7.0},{"damage":3.0,"enemies":"Snake Plant","floor":22.0,"turns":6.0},{"damage":40,"enemies":"Gremlin Leader","floor":27,"turns":8},{"damage":8,"enemies":"Sentry and Sphere","floor":28,"turns":5}],"seed_played":"3518737122231665517","potions_obtained":[{"floor":3.0,"key":"LiquidMemories"},{"floor":4.0,"key":"DistilledChaos"},{"floor":7.0,"key":"GhostInAJar"},{"floor":16.0,"key":"Fire Potion"},{"floor":22.0,"key":"Energy Potion"},{"floor":27,"key":"SpeedPotion"}],"is_trial":false,"path_per_floor":["M","?","M","M","M","R","M","$","T","E","M","?","R","M","R","B",null,"M","M","M","?","M","R","?","?","T","E","M"],"character_chosen":"THE_SILENT","items_purchased":["Flying Knee"],"campfire_rested":2,"item_purchase_floors":[8],"current_hp_per_floor":[55,39,39,39,39,39,39,39,39,31,23,23,42,41,41,20,55,49,31,10,10,7,26,26,48,48,8,0],"gold":611,"neow_bonus":"TRANSFORM_TWO_CARDS","is_prod":false,"is_daily":false,"chose_seed":false,"campfire_upgraded":2,"win_rate":0,"timestamp":1571746336,"path_taken":["M","?","M","M","M","R","M","$","T","E","M","?","R","M","R","BOSS","M","M","M","?","M","R","?","?","T","E","M"],"build_version":"2019-10-21","purchased_purges":0,"victory":false,"max_hp_per_floor":[66,66,66,66,66,66,66,66,66,66,66,66,66,66,66,66,66,66,66,66,66,66,66,66,66,66,66,66],"card_choices":[{"not_picked":["Blade Dance","Concentrate"],"picked":"Quick Slash","floor":1.0},{"not_picked":["Tactician","PiercingWail"],"picked":"Heel Hook","floor":3.0},{"not_picked":["Dagger Throw","Masterful Stab","Setup"],"picked":"SKIP","floor":4.0},{"not_picked":["Dagger Throw","Acrobatics"],"picked":"Malaise","floor":5.0},{"not_picked":["Concentrate","Underhanded Strike"],"picked":"Caltrops","floor":7.0},{"not_picked":["Deflect","Terror","Calculated Gamble"],"picked":"SKIP","floor":10.0},{"not_picked":["Slice","Dagger Spray"],"picked":"Footwork","floor":11.0},{"not_picked":["Dash","Prepared"],"picked":"Deflect","floor":14.0},{"not_picked":["Storm of Steel","Tools of the Trade"],"picked":"Night Terror","floor":16.0},{"not_picked":["Dagger Spray","Heel Hook"],"picked":"Bouncing Flask","floor":18.0},{"not_picked":["Backflip","Crippling Poison"],"picked":"Catalyst","floor":19.0},{"not_picked":["Flying Knee","Bouncing Flask","Deadly Poison"],"picked":"SKIP","floor":20.0},{"not_picked":["Outmaneuver","Noxious Fumes"],"picked":"Dodge and Roll+1","floor":22.0},{"not_picked":["Riddle With Holes","Glass Knife"],"picked":"Prepared+1","floor":27}],"player_experience":721430,"relics_obtained":[{"floor":9.0,"key":"War Paint"},{"floor":10.0,"key":"MawBank"},{"floor":26.0,"key":"CeramicFish"},{"floor":27,"key":"Oddly Smooth Stone"}],"event_choices":[{"damage_healed":0.0,"max_hp_gain":0.0,"max_hp_loss":0.0,"gold_gain":0.0,"event_name":"Golden Idol","player_choice":"Take Damage","floor":2.0,"gold_loss":0.0,"damage_taken":16.0,"relics_obtained":["Golden Idol"]},{"damage_healed":0.0,"max_hp_gain":0.0,"max_hp_loss":0.0,"gold_gain":30.0,"event_name":"Dead Adventurer","player_choice":"Searched \u00271\u0027 times","floor":12.0,"gold_loss":0.0,"damage_taken":0.0},{"damage_healed":0.0,"max_hp_gain":0.0,"max_hp_loss":0.0,"gold_gain":0.0,"event_name":"Back to Basics","player_choice":"Simplicity","floor":21.0,"gold_loss":0.0,"damage_taken":0.0,"cards_upgraded":["Strike_G","Defend_G","Defend_G","Defend_G","Defend_G"]},{"damage_healed":0.0,"max_hp_gain":0.0,"max_hp_loss":0.0,"gold_gain":0.0,"event_name":"Drug Dealer","player_choice":"Inject Mutagens","floor":24.0,"gold_loss":0.0,"damage_taken":0.0,"relics_obtained":["MutagenicStrength"]},{"damage_healed":22.0,"max_hp_gain":0.0,"max_hp_loss":0.0,"gold_gain":0.0,"event_name":"The Library","player_choice":"Heal","floor":25.0,"gold_loss":0.0,"damage_taken":0.0}],"is_beta":true,"boss_relics":[{"not_picked":["Velvet Choker","Fusion Hammer"],"picked":"Empty Cage"}],"items_purged_floors":[],"is_endless":false,"potions_floor_spawned":[3,4,7,16,22,27],"killed_by":"Sentry and Sphere","ascension_level":14}