{"gold_per_floor":[116,132,207,207,227,238,238,254,332,332,345,345,310,329,329,329],"floor_reached":16,"playtime":521,"items_purged":[],"score":141,"play_id":"7b01c834-e493-4d01-9243-158059d986f7","local_time":"20190420111550","is_ascension_mode":true,"campfire_choices":[{"data":"Cloak And Dagger","floor":7,"key":"SMITH"},{"floor":12,"key":"REST"},{"floor":15,"key":"REST"}],"neow_cost":"NONE","seed_source_timestamp":837361529316504,"circlet_count":0,"master_deck":["AscendersBane","Defend_G","Defend_G","Defend_G","Defend_G","Defend_G","Strike_G","Strike_G","Strike_G","Strike_G","Strike_G","Survivor","Neutralize+1","Caltrops","Cloak And Dagger+1","Blur"],"relics":["Ring of the Snake","Bottled Flame"],"potions_floor_usage":[14],"damage_taken":[{"damage":18,"enemies":"Jaw Worm","floor":1,"turns":6},{"damage":1,"enemies":"Small Slimes","floor":2,"turns":4},{"damage":0,"enemies":"2 Louse","floor":5,"turns":3},{"damage":2,"enemies":"2 Fungi Beasts","floor":6,"turns":4},{"damage":23,"enemies":"Large Slime","floor":8,"turns":11},{"damage":3,"enemies":"Looter","floor":11,"turns":4},{"damage":24,"enemies":"Gremlin Gang","floor":14,"turns":4},{"damage":18,"enemies":"Hexaghost","floor":16,"turns":9}],"seed_played":"8911518552218575652","potions_obtained":[{"floor":1,"key":"Energy Potion"},{"floor":2,"key":"FairyPotion"},{"floor":11,"key":"SteroidPotion"}],"is_trial":false,"path_per_floor":["M","M","?","?","M","M","R","M","T","?","M","R","$","M","R","B"],"character_chosen":"THE_SILENT","items_purchased":["Blur"],"campfire_rested":2,"item_purchase_floors":[13],"current_hp_per_floor":[52,51,40,40,40,38,38,15,15,15,12,35,35,11,34,16],"gold":329,"neow_bonus":"TEN_PERCENT_HP_BONUS","is_prod":false,"is_daily":false,"chose_seed":false,"campfire_upgraded":1,"win_rate":0,"timestamp":1555751750,"path_taken":["M","M","?","?","M","?","R","M","T","?","M","R","$","M","R","BOSS"],"build_version":"2019-01-23","purchased_purges":0,"victory":false,"max_hp_per_floor":[77,77,77,77,77,77,77,77,77,77,77,77,77,77,77,77],"card_choices":[{"not_picked":["Calculated Gamble","Eviscerate"],"picked":"Caltrops","floor":1},{"not_picked":["Poisoned Stab","Outmaneuver","Blade Dance"],"picked":"SKIP","floor":2},{"not_picked":["Infinite Blades","Flechettes","Backflip"],"picked":"SKIP","floor":5},{"not_picked":["Bane","Burst"],"picked":"Cloak And Dagger","floor":6},{"not_picked":["Dagger Throw","Bane","Acrobatics"],"picked":"SKIP","floor":8},{"not_picked":["Skewer","Eviscerate","Crippling Poison"],"picked":"SKIP","floor":11},{"not_picked":["Blade Dance","Slice","Dagger Spray"],"picked":"SKIP","floor":14}],"player_experience":432899,"relics_obtained":[{"floor":9,"key":"Bottled Flame"}],"event_choices":[{"damage_healed":0,"gold_gain":75,"player_choice":"Gather Gold","damage_taken":11,"max_hp_gain":0,"max_hp_loss":0,"event_name":"World of Goop","floor":3,"gold_loss":0},{"damage_healed":0,"gold_gain":0,"player_choice":"Grow","damage_taken":0,"max_hp_gain":0,"max_hp_loss":0,"event_name":"Living Wall","floor":4,"gold_loss":0,"cards_upgraded":["Neutralize"]},{"damage_healed":0,"gold_gain":0,"player_choice":"Ignored","damage_taken":0,"max_hp_gain":0,"max_hp_loss":0,"event_name":"Golden Idol","floor":10,"gold_loss":0}],"is_beta":false,"boss_relics":[],"items_purged_floors":[],"is_endless":false,"potions_floor_spawned":[1,2,11],"killed_by":"Hexaghost","ascension_level":10}