{"gold_per_floor":[215,215,227,246,196,196,222,236,289,289,315,54,73,87,87,184,184,195,79,79,90,106,137,137],"floor_reached":24,"playtime":1070,"items_purged":[],"score":342,"play_id":"a04a0491-b470-4126-bfcd-c0760279e329","local_time":"20190627225449","is_ascension_mode":true,"campfire_choices":[{"data":"Bash","floor":6,"key":"SMITH"},{"floor":10,"key":"REST"},{"data":"Corruption","floor":15,"key":"SMITH"}],"neow_cost":"NONE","seed_source_timestamp":138869576610780,"circlet_count":0,"master_deck":["AscendersBane","Strike_R","Strike_R","Strike_R+1","Strike_R+1","Defend_R","Defend_R","Defend_R","Defend_R","Bash+1","Inflame","Iron Wave","True Grit","Shrug It Off","Reckless Charge","Battle Trance","Corruption+1","Infernal Blade","Pommel Strike","Perfected Strike","Demon Form","Twin Strike","Feel No Pain","Uppercut","Warcry+1","Havoc+1","Metallicize+1"],"relics":["Burning Blood","Kunai","Potion Belt","Bronze Scales","PreservedInsect","Philosopher\u0027s Stone","Meat on the Bone"],"potions_floor_usage":[7,23],"damage_taken":[{"damage":10,"enemies":"Jaw Worm","floor":1,"turns":5},{"damage":10,"enemies":"Small Slimes","floor":3,"turns":5},{"damage":1,"enemies":"Cultist","floor":4,"turns":3},{"damage":30,"enemies":"Gremlin Nob","floor":7,"turns":5},{"damage":3,"enemies":"Blue Slaver","floor":8,"turns":4},{"damage":32,"enemies":"3 Sentries","floor":11,"turns":10},{"damage":12,"enemies":"Exordium Wildlife","floor":13,"turns":4},{"damage":3,"enemies":"3 Louse","floor":14,"turns":4},{"damage":22,"enemies":"Hexaghost","floor":16,"turns":9},{"damage":21,"enemies":"2 Thieves","floor":18,"turns":4},{"damage":0,"enemies":"Spheric Guardian","floor":21,"turns":3},{"damage":25,"enemies":"Snake Plant","floor":22,"turns":4},{"damage":32,"enemies":"Gremlin Leader","floor":23,"turns":4},{"damage":26,"enemies":"Centurion and Healer","floor":24,"turns":6}],"seed_played":"899705797659017084","potions_obtained":[{"floor":4,"key":"Fruit Juice"},{"floor":8,"key":"Dexterity Potion"},{"floor":14,"key":"Strength Potion"},{"floor":21,"key":"Swift Potion"}],"is_trial":false,"path_per_floor":["M","?","M","M","?","R","E","M","T","R","E","$","M","M","R","B",null,"M","$","?","M","M","E","M"],"character_chosen":"IRONCLAD","items_purchased":["Corruption","Infernal Blade","PreservedInsect","Feel No Pain","Uppercut"],"campfire_rested":1,"item_purchase_floors":[12,12,12,19,19],"current_hp_per_floor":[68,52,48,53,53,53,34,37,37,62,36,36,30,33,33,17,68,53,53,53,59,40,14,0],"gold":137,"neow_bonus":"HUNDRED_GOLD","is_prod":false,"is_daily":false,"chose_seed":false,"campfire_upgraded":2,"win_rate":0,"timestamp":1561668889,"path_taken":["M","?","M","M","?","R","E","M","T","R","E","?","M","M","R","BOSS","M","$","?","M","M","E","M"],"build_version":"2019-01-23","purchased_purges":0,"victory":false,"max_hp_per_floor":[80,80,80,80,80,80,85,85,85,85,85,85,85,85,85,85,85,85,85,85,85,85,85,85],"card_choices":[{"not_picked":["Sword Boomerang","Clothesline"],"picked":"Inflame","floor":1},{"not_picked":["True Grit","Metallicize"],"picked":"Iron Wave","floor":3},{"not_picked":["Rupture","Armaments"],"picked":"True Grit","floor":4},{"not_picked":["Havoc","Feel No Pain"],"picked":"Shrug It Off","floor":7},{"not_picked":["Warcry","Dual Wield"],"picked":"Reckless Charge","floor":8},{"not_picked":["Exhume","Anger"],"picked":"Battle Trance","floor":11},{"not_picked":["Body Slam","Hemokinesis"],"picked":"Pommel Strike","floor":13},{"not_picked":["True Grit","Twin Strike"],"picked":"Perfected Strike","floor":14},{"not_picked":["Double Tap","Brutality"],"picked":"Demon Form","floor":16},{"not_picked":["Warcry+1","Anger"],"picked":"Twin Strike","floor":18},{"not_picked":["Blood for Blood+1","Havoc"],"picked":"Warcry+1","floor":21},{"not_picked":["Cleave","Uppercut+1"],"picked":"Havoc+1","floor":22},{"not_picked":["Shrug It Off+1","Second Wind"],"picked":"Metallicize+1","floor":23}],"player_experience":230028,"relics_obtained":[{"floor":7,"key":"Kunai"},{"floor":9,"key":"Potion Belt"},{"floor":11,"key":"Bronze Scales"},{"floor":23,"key":"Meat on the Bone"}],"event_choices":[{"damage_healed":0,"gold_gain":0,"player_choice":"Entered Light","damage_taken":16,"max_hp_gain":0,"max_hp_loss":0,"event_name":"Shining Light","floor":2,"gold_loss":0,"cards_upgraded":["Strike_R","Strike_R"]},{"cards_removed":["Strike_R"],"damage_healed":0,"gold_gain":0,"player_choice":"Card Removal","damage_taken":0,"max_hp_gain":0,"max_hp_loss":0,"event_name":"The Cleric","floor":5,"gold_loss":50},{"damage_healed":0,"gold_gain":0,"player_choice":"Ignored","damage_taken":0,"max_hp_gain":0,"max_hp_loss":0,"event_name":"Vampires","floor":20,"gold_loss":0}],"is_beta":false,"boss_relics":[{"not_picked":["Snecko Eye","Eternal Feather"],"picked":"Philosopher\u0027s Stone"}],"items_purged_floors":[],"is_endless":false,"potions_floor_spawned":[4,8,14,21],"killed_by":"Centurion and Healer","ascension_level":10}