{"gold_per_floor":[109,58,58,78,78,78,94,94,164,229,247,278,278,288,288,364,364,381,381,381,168,179,179,179,191,191,106,116,116],"floor_reached":29,"playtime":832,"items_purged":["Strike_B"],"score":446,"play_id":"839b4a63-aebc-49b5-ad22-bf26fcfcd33d","local_time":"20191012200055","is_ascension_mode":true,"campfire_choices":[{"data":"Streamline","floor":6.0,"key":"SMITH"},{"data":"Fusion","floor":8.0,"key":"SMITH"},{"data":"Hyperbeam","floor":13.0,"key":"SMITH"},{"floor":15.0,"key":"REST"},{"data":"Gash","floor":24.0,"key":"SMITH"}],"neow_cost":"NONE","seed_source_timestamp":83512646974615,"circlet_count":0,"master_deck":["AscendersBane","Strike_B","Strike_B","Defend_B+1","Defend_B+1","Defend_B+1","Defend_B","Zap","Dualcast+1","Compile Driver","Streamline+1","Fusion+1","Gash+1","Rebound","Hyperbeam+1","Melter","All For One","Compile Driver+1","Defragment","Gash+1","Defragment"],"special_seed":0,"relics":["Cracked Core","Juzu Bracelet","Symbiotic Virus","War Paint","Kunai","Black Star","Frozen Egg 2","Pantograph"],"potions_floor_usage":[28],"damage_taken":[{"damage":4.0,"enemies":"Small Slimes","floor":1.0,"turns":3.0},{"damage":1.0,"enemies":"Cultist","floor":4.0,"turns":3.0},{"damage":7.0,"enemies":"Jaw Worm","floor":7.0,"turns":2.0},{"damage":2.0,"enemies":"3 Sentries","floor":10.0,"turns":3.0},{"damage":0.0,"enemies":"Exordium Thugs","floor":11.0,"turns":3.0},{"damage":20.0,"enemies":"Lagavulin","floor":12.0,"turns":4.0},{"damage":2.0,"enemies":"Large Slime","floor":14.0,"turns":3.0},{"damage":12.0,"enemies":"Hexaghost","floor":16.0,"turns":8.0},{"damage":11.0,"enemies":"Spheric Guardian","floor":18.0,"turns":3.0},{"damage":2.0,"enemies":"Chosen","floor":22.0,"turns":4.0},{"damage":39.0,"enemies":"Snake Plant","floor":25.0,"turns":4.0},{"damage":0,"enemies":"Chosen and Byrds","floor":28,"turns":3},{"damage":13,"enemies":"Shelled Parasite and Fungi","floor":29,"turns":1}],"seed_played":"-6822654879795231180","potions_obtained":[{"floor":7.0,"key":"AttackPotion"},{"floor":11.0,"key":"Swift Potion"},{"floor":14.0,"key":"SkillPotion"},{"floor":22.0,"key":"Strength Potion"}],"is_trial":false,"path_per_floor":["M","$","?","M","?","R","M","R","T","?","M","E","R","M","R","B",null,"M","?","?","$","M","?","R","M","T","?","M","M"],"character_chosen":"DEFECT","items_purchased":["Streamline","Defragment","Block Potion"],"campfire_rested":1,"item_purchase_floors":[2,21,21],"current_hp_per_floor":[60,60,60,59,38,38,31,31,31,29,29,9,9,7,28,16,57,46,46,46,46,44,44,44,5,5,5,5,0],"gold":116,"neow_bonus":"RANDOM_COMMON_RELIC","is_prod":false,"is_daily":false,"chose_seed":false,"campfire_upgraded":4,"win_rate":0,"timestamp":1570928455,"path_taken":["M","$","?","M","?","R","M","R","T","?","M","E","R","M","R","BOSS","M","?","?","$","M","?","R","M","T","?","M","M"],"build_version":"2019-07-17","purchased_purges":1,"victory":false,"max_hp_per_floor":[71,71,71,71,71,71,71,71,71,71,71,71,71,71,71,71,71,71,71,71,71,71,71,71,71,71,71,71,71],"card_choices":[{"not_picked":["Gash","Beam Cell"],"picked":"Compile Driver","floor":1.0},{"not_picked":["Conserve Battery","Stack","Consume"],"picked":"SKIP","floor":4.0},{"not_picked":["Redo","Compile Driver"],"picked":"Gash","floor":7.0},{"not_picked":["Go for the Eyes","Steam"],"picked":"Rebound","floor":11.0},{"not_picked":["Ball Lightning","Capacitor"],"picked":"Hyperbeam","floor":12.0},{"not_picked":["Redo","Coolheaded"],"picked":"Melter","floor":14.0},{"not_picked":["Thunder Strike","Fission"],"picked":"All For One","floor":16.0},{"not_picked":["Stack","Leap"],"picked":"Compile Driver+1","floor":18.0},{"not_picked":["Barrage","Beam Cell"],"picked":"Gash","floor":22.0},{"not_picked":["Cold Snap","Coolheaded"],"picked":"Defragment","floor":25.0},{"not_picked":["Go for the Eyes","Coolheaded","Streamline"],"picked":"SKIP","floor":28}],"player_experience":329489,"relics_obtained":[{"floor":9.0,"key":"Symbiotic Virus"},{"floor":12.0,"key":"Kunai"},{"floor":26.0,"key":"Frozen Egg 2"}],"event_choices":[{"damage_healed":0.0,"max_hp_gain":0.0,"max_hp_loss":0.0,"gold_gain":0.0,"cards_transformed":["Strike_B"],"event_name":"Transmorgrifier","player_choice":"Transformed","floor":3.0,"gold_loss":0.0,"damage_taken":0.0,"cards_obtained":["Fusion"]},{"damage_healed":0.0,"max_hp_gain":0.0,"max_hp_loss":0.0,"gold_gain":0.0,"event_name":"Shining Light","player_choice":"Entered Light","floor":5.0,"gold_loss":0.0,"damage_taken":21.0,"cards_upgraded":["Defend_B","Dualcast"]},{"damage_healed":0.0,"max_hp_gain":0.0,"max_hp_loss":0.0,"gold_gain":0.0,"event_name":"Dead Adventurer","player_choice":"Searched \u00273\u0027 times","floor":10.0,"gold_loss":0.0,"damage_taken":0.0,"relics_obtained":["War Paint"]},{"damage_healed":0.0,"max_hp_gain":0.0,"max_hp_loss":0.0,"gold_gain":0.0,"event_name":"The Mausoleum","player_choice":"Ignored","floor":19.0,"gold_loss":0.0,"damage_taken":0.0},{"damage_healed":0.0,"max_hp_gain":0.0,"max_hp_loss":0.0,"gold_gain":0.0,"event_name":"Upgrade Shrine","player_choice":"Upgraded","floor":20.0,"gold_loss":0.0,"damage_taken":0.0,"cards_upgraded":["Gash"]},{"damage_healed":0.0,"max_hp_gain":0.0,"max_hp_loss":0.0,"gold_gain":0.0,"event_name":"Ghosts","player_choice":"Ignored","floor":23.0,"gold_loss":0.0,"damage_taken":0.0},{"damage_healed":0.0,"max_hp_gain":0.0,"max_hp_loss":0.0,"gold_gain":0.0,"event_name":"Addict","player_choice":"Obtained Relic","floor":27.0,"gold_loss":85.0,"damage_taken":0.0,"relics_obtained":["Pantograph"]}],"is_beta":false,"boss_relics":[{"not_picked":["Pandora\u0027s Box","Fusion Hammer"],"picked":"Black Star"}],"items_purged_floors":[21],"is_endless":false,"potions_floor_spawned":[7,11,14,22],"killed_by":"Shelled Parasite and Fungi","ascension_level":20}