{"gold_per_floor":[109,184,195,210,222,222,241,252,252,48,76,87,104,104,104,104],"floor_reached":16,"playtime":2911,"items_purged":["Strike_G"],"score":159,"play_id":"a172caf4-9944-4d14-bd99-89c58986081b","local_time":"20191012194037","is_ascension_mode":true,"campfire_choices":[{"data":"Blur","floor":6.0,"key":"SMITH"},{"floor":15.0,"key":"REST"}],"neow_cost":"NONE","seed_source_timestamp":155133254312700,"circlet_count":0,"master_deck":["AscendersBane","Strike_G","Strike_G","Strike_G","Strike_G","Defend_G","Defend_G","Defend_G","Defend_G","Defend_G","Survivor","Neutralize","Bouncing Flask","Blur+1","Sucker Punch","Caltrops","Dodge and Roll","Adrenaline","Bouncing Flask","Acrobatics","A Thousand Cuts"],"special_seed":0,"relics":["Sozu","Smiling Mask","Omamori"],"potions_floor_usage":[],"damage_taken":[{"damage":1.0,"enemies":"Small Slimes","floor":1.0,"turns":4.0},{"damage":6.0,"enemies":"2 Louse","floor":3.0,"turns":3.0},{"damage":1.0,"enemies":"Jaw Worm","floor":4.0,"turns":5.0},{"damage":4.0,"enemies":"Exordium Wildlife","floor":5.0,"turns":5.0},{"damage":3.0,"enemies":"3 Louse","floor":7.0,"turns":4.0},{"damage":7.0,"enemies":"2 Fungi Beasts","floor":8.0,"turns":3.0},{"damage":13.0,"enemies":"3 Sentries","floor":11.0,"turns":11.0},{"damage":1.0,"enemies":"Blue Slaver","floor":12.0,"turns":3.0},{"damage":4.0,"enemies":"3 Louse","floor":13.0,"turns":4.0},{"damage":35,"enemies":"Slime Boss","floor":16,"turns":6}],"seed_played":"-8239013641299386646","potions_obtained":[],"is_trial":false,"path_per_floor":["M","?","M","M","M","R","M","M","T","$","E","M","M","?","R","B"],"character_chosen":"THE_SILENT","items_purchased":["Adrenaline"],"campfire_rested":1,"item_purchase_floors":[10],"current_hp_per_floor":[62,51,45,44,40,40,37,30,30,30,17,16,12,12,33,0],"gold":104,"neow_bonus":"BOSS_RELIC","is_prod":false,"is_daily":false,"chose_seed":false,"campfire_upgraded":1,"win_rate":0,"timestamp":1570876837,"path_taken":["M","?","M","M","M","R","M","M","T","$","E","M","M","?","R","BOSS"],"build_version":"2019-10-11","purchased_purges":1,"victory":false,"max_hp_per_floor":[70,70,70,70,70,70,70,70,70,70,70,70,70,70,70,70],"card_choices":[{"not_picked":["Backstab","Slice"],"picked":"Bouncing Flask","floor":1.0},{"not_picked":["Acrobatics","Blade Dance"],"picked":"Blur","floor":3.0},{"not_picked":["Poisoned Stab","Backstab"],"picked":"Sucker Punch","floor":4.0},{"not_picked":["Prepared","All Out Attack"],"picked":"Caltrops","floor":5.0},{"not_picked":["Accuracy","Choke","Quick Slash"],"picked":"SKIP","floor":7.0},{"not_picked":["Glass Knife","Prepared"],"picked":"Dodge and Roll","floor":8.0},{"not_picked":["Flying Knee","Predator"],"picked":"Bouncing Flask","floor":11.0},{"not_picked":["Deadly Poison","Expertise"],"picked":"Acrobatics","floor":12.0},{"not_picked":["Sucker Punch","Slice"],"picked":"A Thousand Cuts","floor":13.0}],"player_experience":662109,"relics_obtained":[{"floor":9.0,"key":"Smiling Mask"},{"floor":11.0,"key":"Omamori"}],"event_choices":[{"damage_healed":0.0,"max_hp_gain":0.0,"max_hp_loss":0.0,"gold_gain":75.0,"event_name":"World of Goop","player_choice":"Gather Gold","floor":2.0,"gold_loss":0.0,"damage_taken":11.0},{"damage_healed":0.0,"max_hp_gain":0.0,"max_hp_loss":0.0,"gold_gain":0.0,"event_name":"Golden Wing","player_choice":"Ignored","floor":14.0,"gold_loss":0.0,"damage_taken":0.0}],"is_beta":true,"boss_relics":[],"items_purged_floors":[10],"is_endless":false,"potions_floor_spawned":[1,3,5,11,13],"killed_by":"Slime Boss","ascension_level":10}