{"gold_per_floor":[114,114,114,39,59,87,87,97,121,136,166,166,197,213,213,309,309,309,309,40,40,4,4,4,4,4,4,4,4,4,4,4,4,4,4,4,4,4,4,4,4,4,4,4,4,4,4,4,4,4],"floor_reached":51,"playtime":2109,"items_purged":["Strike_P","Strike_P"],"score":791,"play_id":"03825153-b126-4fb4-8c24-82e8d9007866","local_time":"20190915181752","is_ascension_mode":true,"campfire_choices":[{"floor":7.0,"key":"REST"},{"floor":12.0,"key":"REST"},{"floor":15.0,"key":"REST"},{"floor":23.0,"key":"REST"},{"floor":28.0,"key":"REST"},{"floor":32.0,"key":"REST"},{"floor":40.0,"key":"REST"},{"floor":49.0,"key":"REST"}],"neow_cost":"NONE","seed_source_timestamp":164531196132600,"circlet_count":0,"master_deck":["Strike_P","Strike_P","Defend_P","Defend_P","Defend_P","Defend_P","Eruption+1","Vigilance+1","EmptyMind+1","CrushJoints","CrushJoints","EmptyBody+1","RitualDagger","Master of Strategy+1","TalkToTheHand","LessonLearned+1","Devotion+1","Protect+1"],"special_seed":0,"relics":["Fusion Hammer","Omamori","Happy Flower","Toxic Egg 2","Bag of Preparation","Ectoplasm","Centennial Puzzle","Necronomicon","Boot","Calling Bell","Toy Ornithopter","Question Card","Bird Faced Urn","CeramicFish","Dodecahedron"],"potions_floor_usage":[50,50,50],"damage_taken":[{"damage":0.0,"enemies":"Jaw Worm","floor":1.0,"turns":6.0},{"damage":0.0,"enemies":"Small Slimes","floor":5.0,"turns":3.0},{"damage":38.0,"enemies":"3 Sentries","floor":6.0,"turns":12.0},{"damage":0.0,"enemies":"Cultist","floor":8.0,"turns":2.0},{"damage":15.0,"enemies":"Lots of Slimes","floor":10.0,"turns":5.0},{"damage":14.0,"enemies":"Gremlin Nob","floor":11.0,"turns":5.0},{"damage":6.0,"enemies":"Lagavulin","floor":13.0,"turns":6.0},{"damage":0.0,"enemies":"2 Fungi Beasts","floor":14.0,"turns":2.0},{"damage":44.0,"enemies":"Hexaghost","floor":16.0,"turns":12.0},{"damage":0.0,"enemies":"Chosen","floor":18.0,"turns":4.0},{"damage":16.0,"enemies":"3 Byrds","floor":21.0,"turns":4.0},{"damage":6.0,"enemies":"Centurion and Healer","floor":25.0,"turns":8.0},{"damage":0.0,"enemies":"Sentry and Sphere","floor":27.0,"turns":2.0},{"damage":9.0,"enemies":"Shelled Parasite and Fungi","floor":30.0,"turns":6.0},{"damage":56.0,"enemies":"Automaton","floor":33.0,"turns":12.0},{"damage":0.0,"enemies":"Orb Walker","floor":35.0,"turns":2.0},{"damage":0.0,"enemies":"3 Shapes","floor":36.0,"turns":4.0},{"damage":27.0,"enemies":"Writhing Mass","floor":38.0,"turns":5.0},{"damage":5.0,"enemies":"Transient","floor":41.0,"turns":5.0},{"damage":21.0,"enemies":"4 Shapes","floor":45.0,"turns":4.0},{"damage":13.0,"enemies":"Maw","floor":46.0,"turns":7.0},{"damage":4.0,"enemies":"Spire Growth","floor":47.0,"turns":3.0},{"damage":51,"enemies":"Donu and Deca","floor":50,"turns":9}],"seed_played":"-1220121597555261106","potions_obtained":[{"floor":5.0,"key":"SkillPotion"},{"floor":8.0,"key":"PowerPotion"},{"floor":11.0,"key":"Fire Potion"},{"floor":14.0,"key":"Poison Potion"},{"floor":25.0,"key":"Block Potion"},{"floor":36.0,"key":"Weak Potion"},{"floor":38.0,"key":"SneckoOil"},{"floor":47.0,"key":"AttackPotion"}],"is_trial":false,"path_per_floor":["M","?","?","$","M","E","R","M","T","M","E","R","E","M","R","B",null,"M","?","$","M","$","R","?","M","T","M","R","?","M","T","R","B",null,"M","M","?","M","$","R","M","?","T","$","M","M","M","$","R","B",null],"character_chosen":"WATCHER","items_purchased":["Master of Strategy+1","TalkToTheHand"],"campfire_rested":8,"item_purchase_floors":[20,22],"current_hp_per_floor":[65,65,70,70,70,32,53,53,53,38,24,45,39,39,60,16,70,70,64,64,48,48,69,69,63,63,63,70,54,45,45,66,10,70,70,70,70,43,43,64,61,61,61,61,42,31,34,34,55,21],"gold":4,"neow_bonus":"BOSS_RELIC","is_prod":false,"is_daily":false,"chose_seed":false,"campfire_upgraded":0,"win_rate":0,"timestamp":1568564272,"path_taken":["M","?","?","$","M","E","R","M","T","M","E","R","E","M","R","BOSS","M","?","$","M","$","R","?","M","T","M","R","?","?","?","R","BOSS","M","M","?","?","$","R","M","?","T","?","M","M","?","?","R","BOSS"],"build_version":"2019-09-12","purchased_purges":2,"victory":true,"max_hp_per_floor":[65,65,70,70,70,70,70,70,70,70,70,70,70,70,70,70,70,70,70,70,70,70,70,70,70,70,70,70,70,70,70,70,70,70,70,70,70,70,70,70,70,70,70,70,70,70,70,70,70,70],"card_choices":[{"not_picked":["Crescendo","Wireheading"],"picked":"EmptyMind","floor":1.0},{"not_picked":["Crescendo","InnerPeace"],"picked":"CrushJoints","floor":5.0},{"not_picked":["Consecrate","Metaphysics"],"picked":"CrushJoints","floor":6.0},{"not_picked":["WindmillStrike","EmptyFist"],"picked":"EmptyBody","floor":8.0},{"not_picked":["Halt","Weave","SpiritShield"],"picked":"SKIP","floor":10.0},{"not_picked":["Wireheading","Consecrate","ClearTheMind"],"picked":"SKIP","floor":11.0},{"not_picked":["SpiritShield+1","Halt+1","EmptyMind+1"],"picked":"SKIP","floor":13.0},{"not_picked":["FlyingSleeves","JustLucky"],"picked":"EmptyBody+1","floor":14.0},{"not_picked":["Alpha+1","SignatureMove"],"picked":"Judgement+1","floor":16.0},{"not_picked":["Sanctity+1","FollowUp","Crescendo+1"],"picked":"SKIP","floor":18.0},{"not_picked":["Evaluate+1","Weave","Consecrate"],"picked":"SKIP","floor":21.0},{"not_picked":["Meditate+1","ThirdEye+1","Consecrate"],"picked":"SKIP","floor":25.0},{"not_picked":["EmptyFist","CarveReality+1","Scrawl+1"],"picked":"SKIP","floor":27.0},{"not_picked":["CutThroughFate","FlurryOfBlows+1","ClearTheMind+1"],"picked":"SKIP","floor":30.0},{"not_picked":["Metaphysics+1","DeusExMachina+1"],"picked":"LessonLearned","floor":33.0},{"not_picked":["FollowUp","Evaluate+1","EmptyMind+1"],"picked":"Devotion+1","floor":35.0},{"not_picked":["JustLucky+1","Sanctity+1","Weave+1","EmptyFist"],"picked":"SKIP","floor":36.0},{"not_picked":["ClearTheMind+1","InnerPeace+1","FollowUp+1","DeceiveReality+1"],"picked":"SKIP","floor":38.0},{"not_picked":["ClearTheMind+1","FlurryOfBlows","FlyingSleeves+1","Consecrate+1"],"picked":"SKIP","floor":41.0},{"not_picked":["Crescendo+1","Adaptation+1","Swivel+1"],"picked":"Protect+1","floor":45.0},{"not_picked":["Wish+1","Protect+1","CrushJoints+1","FearNoEvil"],"picked":"SKIP","floor":46.0},{"not_picked":["ThirdEye+1","Consecrate","Tantrum","EmptyFist+1"],"picked":"SKIP","floor":47.0}],"player_experience":461099,"relics_obtained":[{"floor":6.0,"key":"Omamori"},{"floor":9.0,"key":"Happy Flower"},{"floor":11.0,"key":"Toxic Egg 2"},{"floor":13.0,"key":"Bag of Preparation"},{"floor":26.0,"key":"Centennial Puzzle"},{"floor":29.0,"key":"Necronomicon"},{"floor":31.0,"key":"Boot"},{"floor":34.0,"key":"Toy Ornithopter"},{"floor":34.0,"key":"Question Card"},{"floor":34.0,"key":"Bird Faced Urn"},{"floor":43.0,"key":"Dodecahedron"}],"event_choices":[{"damage_healed":0.0,"max_hp_gain":0.0,"max_hp_loss":0.0,"gold_gain":0.0,"event_name":"Living Wall","player_choice":"Grow","floor":2.0,"gold_loss":0.0,"damage_taken":0.0,"cards_upgraded":["Vigilance"]},{"damage_healed":0.0,"max_hp_gain":5.0,"max_hp_loss":0.0,"gold_gain":0.0,"event_name":"Big Fish","player_choice":"Donut","floor":3.0,"gold_loss":0.0,"damage_taken":0.0},{"damage_healed":0.0,"max_hp_gain":0.0,"max_hp_loss":0.0,"gold_gain":0.0,"event_name":"Nest","player_choice":"Joined the Cult","floor":19.0,"gold_loss":0.0,"damage_taken":6.0,"cards_obtained":["RitualDagger"]},{"damage_healed":0.0,"max_hp_gain":0.0,"max_hp_loss":0.0,"gold_gain":0.0,"event_name":"Vampires","player_choice":"Ignored","floor":24.0,"gold_loss":0.0,"damage_taken":0.0},{"damage_healed":0.0,"max_hp_gain":0.0,"max_hp_loss":0.0,"gold_gain":0.0,"event_name":"Cursed Tome","player_choice":"Obtained Book","floor":29.0,"gold_loss":0.0,"damage_taken":16.0},{"cards_removed":["Judgement"],"damage_healed":0.0,"max_hp_gain":0.0,"max_hp_loss":0.0,"gold_gain":0.0,"event_name":"Purifier","player_choice":"Purged","floor":37.0,"gold_loss":0.0,"damage_taken":0.0},{"cards_removed":["EmptyBody"],"damage_healed":0.0,"max_hp_gain":0.0,"max_hp_loss":0.0,"gold_gain":0.0,"event_name":"WeMeetAgain","player_choice":"Gave Card","floor":42.0,"gold_loss":0.0,"damage_taken":0.0,"relics_obtained":["CeramicFish"]}],"is_beta":true,"boss_relics":[{"not_picked":["SlaversCollar","Busted Crown"],"picked":"Ectoplasm"},{"not_picked":["Black Star","Pandora\u0027s Box"],"picked":"Calling Bell"}],"items_purged_floors":[4,20],"is_endless":false,"potions_floor_spawned":[5,8,11,14,25,36,38,45,47],"ascension_level":3}