{"gold_per_floor":[115,126,142,158,173,208,221,221,221,239,138,138,156,173,173,271,271,286,269,282,282,73,73,73,73,126,142,162,193,193,204,204,302,302,313,332,346,346,358,358,372,385,385,398,216,216,266,279,279,279],"floor_reached":51,"playtime":1629,"items_purged":[],"score":756,"play_id":"3c9e5f1f-395d-49bf-9654-6d3d321b5aec","local_time":"20191023135026","is_ascension_mode":false,"campfire_choices":[{"data":"Armaments","floor":8.0,"key":"SMITH"},{"floor":12.0,"key":"REST"},{"floor":15.0,"key":"REST"},{"floor":23.0,"key":"REST"},{"data":"RitualDagger","floor":25.0,"key":"SMITH"},{"data":"Clothesline","floor":32.0,"key":"SMITH"},{"floor":40,"key":"REST"},{"floor":46,"key":"REST"},{"data":"1","floor":49,"key":"LIFT"}],"neow_cost":"NONE","seed_source_timestamp":343796110456000,"circlet_count":0,"master_deck":["Strike_R","Strike_R","Strike_R","Strike_R","Strike_R","Defend_R","Defend_R","Defend_R","Defend_R+1","Bash+1","Headbutt","Flex+1","Iron Wave","Armaments+1","Clothesline+1","Cleave","Shrug It Off","Perfected Strike","Necronomicurse","Twin Strike","RitualDagger+1","Twin Strike+1","Shrug It Off+1","Perfected Strike+1","Perfected Strike+1","Perfected Strike"],"special_seed":0,"relics":["Black Blood","Regal Pillow","StrikeDummy","Necronomicon","Bronze Scales","War Paint","Blue Candle","Fusion Hammer","Mummified Hand","Blood Vial","Girya"],"potions_floor_usage":[44,50],"damage_taken":[{"damage":1.0,"enemies":"Cultist","floor":1.0,"turns":3.0},{"damage":5.0,"enemies":"Small Slimes","floor":2.0,"turns":3.0},{"damage":6.0,"enemies":"Jaw Worm","floor":3.0,"turns":2.0},{"damage":28.0,"enemies":"Large Slime","floor":4.0,"turns":7.0},{"damage":5.0,"enemies":"Looter","floor":5.0,"turns":3.0},{"damage":30.0,"enemies":"Gremlin Nob","floor":6.0,"turns":4.0},{"damage":16.0,"enemies":"Exordium Thugs","floor":7.0,"turns":5.0},{"damage":0.0,"enemies":"Blue Slaver","floor":10.0,"turns":4.0},{"damage":8.0,"enemies":"Exordium Wildlife","floor":13.0,"turns":2.0},{"damage":26.0,"enemies":"Exordium Thugs","floor":14.0,"turns":4.0},{"damage":69.0,"enemies":"Hexaghost","floor":16.0,"turns":11.0},{"damage":37.0,"enemies":"3 Byrds","floor":18.0,"turns":7.0},{"damage":25.0,"enemies":"2 Thieves","floor":19.0,"turns":4.0},{"damage":19.0,"enemies":"Centurion and Healer","floor":20.0,"turns":7.0},{"damage":1.0,"enemies":"Snecko","floor":27.0,"turns":3.0},{"damage":10.0,"enemies":"Chosen and Byrds","floor":28.0,"turns":4.0},{"damage":32.0,"enemies":"Book of Stabbing","floor":29.0,"turns":5.0},{"damage":9.0,"enemies":"Snake Plant","floor":31.0,"turns":3.0},{"damage":28.0,"enemies":"Collector","floor":33.0,"turns":4.0},{"damage":2.0,"enemies":"Orb Walker","floor":35.0,"turns":3.0},{"damage":5.0,"enemies":"3 Shapes","floor":36.0,"turns":2.0},{"damage":19.0,"enemies":"Jaw Worm Horde","floor":37.0,"turns":3.0},{"damage":7,"enemies":"4 Shapes","floor":39,"turns":5},{"damage":17,"enemies":"Sphere and 2 Shapes","floor":41,"turns":3},{"damage":12,"enemies":"Maw","floor":42,"turns":5},{"damage":32,"enemies":"4 Shapes","floor":44,"turns":5},{"damage":10,"enemies":"Mind Bloom Boss Battle","floor":47,"turns":5},{"damage":13,"enemies":"Sphere and 2 Shapes","floor":48,"turns":4},{"damage":88,"enemies":"Donu and Deca","floor":50,"turns":8}],"seed_played":"-8778129178134247020","potions_obtained":[{"floor":1.0,"key":"Ancient Potion"},{"floor":6.0,"key":"DuplicationPotion"},{"floor":10.0,"key":"EntropicBrew"},{"floor":16.0,"key":"Regen Potion"},{"floor":28.0,"key":"AttackPotion"},{"floor":33.0,"key":"LiquidMemories"},{"floor":44,"key":"FairyPotion"}],"is_trial":false,"path_per_floor":["M","M","M","M","M","E","M","R","T","M","$","R","M","M","R","B",null,"M","M","M","?","$","R","?","R","T","M","M","E","?","M","R","B",null,"M","M","M","?","M","R","M","M","T","M","$","R","?","M","R","B",null],"character_chosen":"IRONCLAD","items_purchased":["Cleave","Shrug It Off","Bronze Scales","Twin Strike","Perfected Strike","Blood Vial"],"campfire_rested":5,"item_purchase_floors":[11,11,22,22,45,45],"current_hp_per_floor":[80,80,80,58,59,35,25,25,25,31,31,70,68,48,80,17,80,55,42,50,34,34,73,67,67,67,78,80,60,60,63,63,47,80,80,80,73,73,78,80,75,75,75,55,55,80,80,79,79,36],"gold":279,"neow_bonus":"UPGRADE_CARD","is_prod":false,"is_daily":false,"chose_seed":false,"campfire_upgraded":3,"win_rate":0,"timestamp":1571806226,"path_taken":["M","M","M","M","M","E","M","R","T","M","?","R","M","M","R","BOSS","M","M","M","?","$","R","?","R","T","M","M","E","?","M","R","BOSS","M","M","M","?","M","R","M","M","T","M","?","R","?","M","R","BOSS"],"build_version":"2019-10-22","purchased_purges":0,"victory":true,"max_hp_per_floor":[80,80,80,80,80,80,80,80,80,80,80,80,80,80,80,80,80,80,80,80,80,80,80,80,80,80,80,80,80,80,80,80,80,80,80,80,80,80,80,80,80,80,80,80,80,80,80,80,80,80],"card_choices":[{"not_picked":["Bloodletting","Dual Wield","Clash"],"picked":"SKIP","floor":1.0},{"not_picked":["Rage","Havoc"],"picked":"Headbutt","floor":2.0},{"not_picked":["Power Through","Wild Strike","Sword Boomerang"],"picked":"SKIP","floor":3.0},{"not_picked":["Sword Boomerang","Wild Strike"],"picked":"Flex","floor":4.0},{"not_picked":["Wild Strike","Sword Boomerang","Heavy Blade"],"picked":"SKIP","floor":5.0},{"not_picked":["Clash","Feel No Pain"],"picked":"Iron Wave","floor":6.0},{"not_picked":["Warcry","Rupture"],"picked":"Armaments","floor":7.0},{"not_picked":["Infernal Blade","Carnage"],"picked":"Clothesline","floor":10.0},{"not_picked":["Inflame","Hemokinesis","Shrug It Off"],"picked":"SKIP","floor":13.0},{"not_picked":["Disarm","Shrug It Off","Power Through"],"picked":"SKIP","floor":14.0},{"not_picked":["Body Slam","Dropkick"],"picked":"Perfected Strike","floor":18.0},{"not_picked":["Ghostly Armor","Reckless Charge","Second Wind"],"picked":"SKIP","floor":19.0},{"not_picked":["Perfected Strike","Anger+1","Reckless Charge"],"picked":"SKIP","floor":20.0},{"not_picked":["Sentinel+1","Flex"],"picked":"Twin Strike+1","floor":27.0},{"not_picked":["Iron Wave","Body Slam+1"],"picked":"Shrug It Off+1","floor":28.0},{"not_picked":["Dual Wield","Spot Weakness","Berserk"],"picked":"SKIP","floor":29.0},{"not_picked":["Cleave","Warcry","Heavy Blade"],"picked":"SKIP","floor":31.0},{"not_picked":["Iron Wave","Intimidate"],"picked":"Perfected Strike+1","floor":35.0},{"not_picked":["Cleave","Armaments","Clash+1"],"picked":"SKIP","floor":36.0},{"not_picked":["Sword Boomerang","Body Slam","Headbutt"],"picked":"SKIP","floor":37.0},{"not_picked":["Sword Boomerang+1","Hemokinesis","Bloodletting+1"],"picked":"SKIP","floor":39},{"not_picked":["Cleave+1","Battle Trance","Havoc+1"],"picked":"SKIP","floor":41},{"not_picked":["Pommel Strike+1","Brutality"],"picked":"Perfected Strike+1","floor":42},{"not_picked":["Pommel Strike","Clothesline","Iron Wave+1"],"picked":"SKIP","floor":44},{"not_picked":["Metallicize","Rupture","Corruption"],"picked":"SKIP","floor":48}],"player_experience":743042,"relics_obtained":[{"floor":6.0,"key":"Regal Pillow"},{"floor":9.0,"key":"StrikeDummy"},{"floor":21.0,"key":"Necronomicon"},{"floor":26.0,"key":"War Paint"},{"floor":29.0,"key":"Blue Candle"},{"floor":43,"key":"Mummified Hand"},{"floor":47,"key":"Girya"}],"event_choices":[{"damage_healed":0.0,"max_hp_gain":0.0,"max_hp_loss":0.0,"gold_gain":0.0,"event_name":"Cursed Tome","player_choice":"Obtained Book","floor":21.0,"gold_loss":0.0,"damage_taken":16.0},{"damage_healed":0.0,"max_hp_gain":0.0,"max_hp_loss":0.0,"gold_gain":0.0,"event_name":"Nest","player_choice":"Joined the Cult","floor":24.0,"gold_loss":0.0,"damage_taken":6.0,"cards_obtained":["RitualDagger"]},{"damage_healed":0.0,"max_hp_gain":0.0,"max_hp_loss":0.0,"gold_gain":0.0,"event_name":"Vampires","player_choice":"Ignored","floor":30.0,"gold_loss":0.0,"damage_taken":0.0},{"damage_healed":0.0,"max_hp_gain":0.0,"max_hp_loss":0.0,"gold_gain":0.0,"event_name":"Lab","player_choice":"Got Potions","floor":38.0,"gold_loss":0.0,"damage_taken":0.0},{"damage_healed":0,"gold_gain":0,"player_choice":"Fight","damage_taken":0,"max_hp_gain":0,"max_hp_loss":0,"event_name":"MindBloom","floor":47,"gold_loss":0}],"is_beta":true,"boss_relics":[{"not_picked":["Empty Cage","SlaversCollar"],"picked":"Black Blood"},{"not_picked":["Busted Crown","Runic Pyramid"],"picked":"Fusion Hammer"}],"items_purged_floors":[],"is_endless":false,"potions_floor_spawned":[1,6,10,13,16,19,28,33,36,39,44,47,48],"ascension_level":0}