{"gold_per_floor":[118,33,47,47,63,63,95,95,118,134,145,160,160,189,189,266,266,278,297,25,35,35,35,52,64,64,64,96,106,106,156,156,156],"floor_reached":33,"playtime":1031,"items_purged":["Barrage+1"],"score":558,"play_id":"af4777d9-350d-45f9-8864-afe0df84b83a","local_time":"20191004013358","is_ascension_mode":true,"campfire_choices":[{"data":"Hyperbeam","floor":6.0,"key":"SMITH"},{"data":"Rip and Tear","floor":8.0,"key":"SMITH"},{"floor":13.0,"key":"REST"},{"data":"Sunder","floor":15.0,"key":"SMITH"},{"floor":23.0,"key":"REST"},{"floor":27.0,"key":"REST"},{"floor":30,"key":"REST"},{"floor":32,"key":"REST"}],"neow_cost":"NONE","seed_source_timestamp":0,"circlet_count":0,"master_deck":["AscendersBane","Strike_B","Strike_B","Strike_B","Defend_B","Defend_B","Defend_B","Defend_B","Hyperbeam+1","Conserve Battery","Gash","Rebound","Rip and Tear+1","Sunder+1","Gash","Rip and Tear+1","Skim+1","Hologram","Self Repair","Beam Cell","Go for the Eyes","Gash","Leap","Go for the Eyes","Self Repair","Beam Cell"],"special_seed":0,"relics":["Cracked Core","Happy Flower","Bag of Preparation","Pen Nib","StoneCalendar","Astrolabe","Shuriken","Juzu Bracelet"],"potions_floor_usage":[29],"damage_taken":[{"damage":0.0,"enemies":"2 Louse","floor":1.0,"turns":2.0},{"damage":0.0,"enemies":"Cultist","floor":3.0,"turns":2.0},{"damage":0.0,"enemies":"Small Slimes","floor":5.0,"turns":2.0},{"damage":25.0,"enemies":"Lagavulin","floor":7.0,"turns":5.0},{"damage":0.0,"enemies":"3 Louse","floor":10.0,"turns":1.0},{"damage":6.0,"enemies":"Large Slime","floor":11.0,"turns":2.0},{"damage":12.0,"enemies":"Exordium Wildlife","floor":12.0,"turns":2.0},{"damage":6.0,"enemies":"Gremlin Nob","floor":14.0,"turns":3.0},{"damage":35.0,"enemies":"Slime Boss","floor":16.0,"turns":7.0},{"damage":28.0,"enemies":"Shell Parasite","floor":18.0,"turns":3.0},{"damage":8.0,"enemies":"3 Byrds","floor":19.0,"turns":3.0},{"damage":5.0,"enemies":"Centurion and Healer","floor":21.0,"turns":3.0},{"damage":16.0,"enemies":"Snake Plant","floor":24.0,"turns":3.0},{"damage":16.0,"enemies":"Cultist and Chosen","floor":25.0,"turns":4.0},{"damage":36.0,"enemies":"Slavers","floor":28.0,"turns":4.0},{"damage":0,"enemies":"Shelled Parasite and Fungi","floor":29,"turns":2},{"damage":66,"enemies":"Collector","floor":33,"turns":5}],"seed_played":"7773626190586347520","potions_obtained":[{"floor":7.0,"key":"FocusPotion"},{"floor":10.0,"key":"Poison Potion"},{"floor":11.0,"key":"SkillPotion"},{"floor":21.0,"key":"SmokeBomb"},{"floor":28.0,"key":"Block Potion"},{"floor":29,"key":"Energy Potion"}],"is_trial":false,"path_per_floor":["M","?","M","$","M","R","E","R","T","M","M","M","R","E","R","B",null,"M","M","$","M","$","R","M","M","T","R","E","M","R","?","R","B"],"character_chosen":"DEFECT","items_purchased":["Self Repair","Beam Cell","Go for the Eyes"],"campfire_rested":5,"item_purchase_floors":[20,20,20],"current_hp_per_floor":[64,64,64,64,64,64,39,39,39,39,33,21,42,36,36,1,54,26,18,18,20,20,41,25,16,16,37,8,8,29,29,50,0],"gold":156,"neow_bonus":"ONE_RANDOM_RARE_CARD","is_prod":false,"is_daily":false,"chose_seed":false,"campfire_upgraded":3,"win_rate":0,"timestamp":1570120438,"path_taken":["M","?","M","$","M","R","E","R","T","M","M","?","R","E","R","BOSS","M","M","$","M","$","R","M","M","T","R","E","M","R","?","R","BOSS"],"build_version":"2019-07-17","purchased_purges":1,"victory":false,"max_hp_per_floor":[71,71,71,71,71,71,71,71,71,71,71,71,71,71,71,71,71,71,71,71,71,71,71,71,71,71,71,71,71,71,71,71,71],"card_choices":[{"not_picked":["Barrage","Auto Shields"],"picked":"Conserve Battery","floor":1.0},{"not_picked":["Steam","Blizzard"],"picked":"Gash","floor":3.0},{"not_picked":["Compile Driver","Turbo"],"picked":"Rebound","floor":5.0},{"not_picked":["Force Field","Steam Power"],"picked":"Rip and Tear","floor":7.0},{"not_picked":["Melter","Self Repair"],"picked":"Sunder","floor":10.0},{"not_picked":["Turbo","Ball Lightning"],"picked":"Gash","floor":11.0},{"not_picked":["Electrodynamics","Loop","Redo"],"picked":"SKIP","floor":12.0},{"not_picked":["Blizzard","Compile Driver","Hello World"],"picked":"SKIP","floor":14.0},{"not_picked":["Ball Lightning+1","Coolheaded","Chaos+1"],"picked":"SKIP","floor":18.0},{"not_picked":["Heatsinks+1","Coolheaded"],"picked":"Hologram","floor":19.0},{"not_picked":["Tempest","Cold Snap+1"],"picked":"Gash","floor":21.0},{"not_picked":["Reprogram","Ball Lightning"],"picked":"Leap","floor":24.0},{"not_picked":["Melter","Barrage"],"picked":"Go for the Eyes","floor":25.0},{"not_picked":["Darkness","Hyperbeam"],"picked":"Self Repair","floor":28.0},{"not_picked":["Hello World","Redo"],"picked":"Beam Cell","floor":29}],"player_experience":574497,"relics_obtained":[{"floor":7.0,"key":"Bag of Preparation"},{"floor":9.0,"key":"Pen Nib"},{"floor":14.0,"key":"StoneCalendar"},{"floor":26.0,"key":"Shuriken"},{"floor":28.0,"key":"Juzu Bracelet"}],"event_choices":[{"damage_healed":0.0,"max_hp_gain":0.0,"max_hp_loss":0.0,"gold_gain":0.0,"event_name":"WeMeetAgain","player_choice":"Paid Gold","floor":2.0,"gold_loss":85.0,"damage_taken":0.0,"relics_obtained":["Happy Flower"]},{"damage_healed":0,"gold_gain":50,"player_choice":"Stole From Cult","damage_taken":0,"max_hp_gain":0,"max_hp_loss":0,"event_name":"Nest","floor":31,"gold_loss":0}],"is_beta":false,"boss_relics":[{"not_picked":["Tiny House","Velvet Choker"],"picked":"Astrolabe"}],"items_purged_floors":[20],"is_endless":false,"potions_floor_spawned":[7,10,11,12,21,28,29],"killed_by":"Collector","ascension_level":20}