{"gold_per_floor":[117,134,134,154,172,205,205,234,260,290,290,290,306,381,381,478,478,493,493,493,493,593,593,620,348,372,391,391,391,403,434,434,533,533,547,547,467,482,482,507,519,549,561,598,610,636,676,702,714,726],"floor_reached":51,"playtime":2487,"items_purged":["Strike_R"],"score":1168,"play_id":"ed04837a-d71d-4061-a73e-7b4a1a32027e","local_time":"20190624195605","is_ascension_mode":true,"campfire_choices":[{"data":"Wild Strike","floor":7,"key":"SMITH"},{"floor":15,"key":"REST"},{"floor":23,"key":"REST"},{"floor":32,"key":"REST"},{"floor":45,"key":"REST"},{"floor":49,"key":"REST"}],"neow_cost":"PERCENT_DAMAGE","seed_source_timestamp":338763882176777,"circlet_count":0,"master_deck":["Strike_R","Strike_R","Strike_R","Strike_R+1","Defend_R","Defend_R","Defend_R","Bash+1","Uppercut","Ghostly Armor","Headbutt+1","Wild Strike+1","Spot Weakness","True Grit","Reaper","Offering","Havoc+1","J.A.X.","Flame Barrier","Offering","Feed","Feed+1","Dark Shackles","Inflame","Limit Break","Demon Form","Shrug It Off+1","Heavy Blade+1"],"relics":["Burning Blood","Strawberry","Whetstone","Boot","Vajra","Fusion Hammer","Gambling Chip","Singing Bowl","Mercury Hourglass","DollysMirror","PreservedInsect","Unceasing Top","Molten Egg 2","Black Star","MawBank","Ginger","Prayer Wheel","Bronze Scales","Ancient Tea Set","Smiling Mask","Paper Frog"],"potions_floor_usage":[8,16,22,24,24,44,47,50],"damage_taken":[{"damage":11,"enemies":"2 Louse","floor":1,"turns":3},{"damage":0,"enemies":"Small Slimes","floor":2,"turns":3},{"damage":5,"enemies":"Cultist","floor":4,"turns":4},{"damage":10,"enemies":"3 Louse","floor":5,"turns":5},{"damage":17,"enemies":"Gremlin Nob","floor":6,"turns":4},{"damage":29,"enemies":"3 Sentries","floor":8,"turns":5},{"damage":30,"enemies":"Lagavulin","floor":10,"turns":5},{"damage":4,"enemies":"Blue Slaver","floor":13,"turns":3},{"damage":33,"enemies":"The Guardian","floor":16,"turns":10},{"damage":14,"enemies":"3 Byrds","floor":18,"turns":5},{"damage":33,"enemies":"Colosseum Slavers","floor":22,"turns":3},{"damage":28,"enemies":"Colosseum Nobs","floor":22,"turns":4},{"damage":61,"enemies":"Slavers","floor":24,"turns":11},{"damage":6,"enemies":"Shell Parasite","floor":27,"turns":2},{"damage":17,"enemies":"Centurion and Healer","floor":30,"turns":4},{"damage":24,"enemies":"Book of Stabbing","floor":31,"turns":4},{"damage":117,"enemies":"Champ","floor":33,"turns":8},{"damage":45,"enemies":"3 Darklings","floor":35,"turns":6},{"damage":21,"enemies":"3 Shapes","floor":38,"turns":2},{"damage":23,"enemies":"Reptomancer","floor":40,"turns":3},{"damage":15,"enemies":"Transient","floor":42,"turns":5},{"damage":21,"enemies":"Giant Head","floor":44,"turns":5},{"damage":26,"enemies":"Sphere and 2 Shapes","floor":46,"turns":3},{"damage":38,"enemies":"Nemesis","floor":47,"turns":5},{"damage":86,"enemies":"3 Darklings","floor":48,"turns":4},{"damage":95,"enemies":"Time Eater","floor":50,"turns":7}],"seed_played":"994687626022665320","potions_obtained":[{"floor":1,"key":"PowerPotion"},{"floor":4,"key":"Energy Potion"},{"floor":6,"key":"EntropicBrew"},{"floor":10,"key":"FearPotion"},{"floor":24,"key":"SkillPotion"},{"floor":27,"key":"Swift Potion"},{"floor":46,"key":"FearPotion"},{"floor":47,"key":"SteroidPotion"}],"is_trial":false,"path_per_floor":["M","M","?","M","M","E","R","E","T","E","?","?","M","?","R","B",null,"M","?","?","?","?","R","E","$","T","M","T","$","M","E","R","B",null,"M","?","$","M","$","E","?","M","T","E","R","M","E","M","R","B",null],"character_chosen":"IRONCLAD","items_purchased":["DollysMirror","Inflame"],"campfire_rested":5,"item_purchase_floors":[25,37],"current_hp_per_floor":[62,68,68,69,65,61,61,38,38,14,14,14,22,11,41,14,81,88,88,88,67,65,98,75,75,75,75,75,75,76,63,99,10,95,77,71,71,79,79,93,93,101,101,86,128,133,133,76,123,64],"gold":738,"neow_bonus":"TWENTY_PERCENT_HP_BONUS","is_prod":false,"is_daily":false,"chose_seed":false,"campfire_upgraded":1,"win_rate":0,"timestamp":1561398965,"path_taken":["M","M","?","M","M","E","R","E","T","E","?","?","?","?","R","BOSS","M","?","?","?","?","R","E","?","T","?","?","$","M","E","R","BOSS","M","?","$","M","$","E","?","M","T","E","R","M","E","M","R","BOSS"],"build_version":"2019-01-23","purchased_purges":1,"victory":true,"max_hp_per_floor":[96,96,96,96,96,103,103,103,103,103,103,103,103,103,103,103,103,103,103,103,108,110,110,110,110,110,110,110,110,115,120,120,123,123,129,133,133,135,135,139,139,141,141,141,141,148,153,157,157,157],"card_choices":[{"not_picked":["Ghostly Armor","Fire Breathing"],"picked":"Uppercut","floor":1},{"not_picked":["Armaments","Warcry"],"picked":"Ghostly Armor","floor":2},{"not_picked":["Carnage","Thunderclap"],"picked":"Headbutt","floor":4},{"not_picked":["Rupture","Cleave"],"picked":"Wild Strike","floor":5},{"not_picked":["Warcry","Disarm"],"picked":"Spot Weakness","floor":6},{"not_picked":["Hemokinesis","Headbutt"],"picked":"True Grit","floor":8},{"not_picked":["Whirlwind","Anger"],"picked":"Reaper","floor":10},{"not_picked":["Spot Weakness","Clash","Headbutt"],"picked":"SKIP","floor":13},{"not_picked":["Berserk","Double Tap"],"picked":"Offering","floor":16},{"not_picked":["Anger","Headbutt"],"picked":"Havoc+1","floor":18},{"not_picked":["Infernal Blade+1","Entrench","Wild Strike+1"],"picked":"Singing Bowl","floor":22},{"not_picked":["Infernal Blade","Reckless Charge"],"picked":"Flame Barrier","floor":24},{"not_picked":["Shockwave","Feel No Pain"],"picked":"Feed","floor":27},{"not_picked":["Warcry","Wild Strike","Thunderclap+1"],"picked":"Singing Bowl","floor":30},{"not_picked":["Heavy Blade","Hemokinesis+1","Havoc"],"picked":"Singing Bowl","floor":31},{"not_picked":["Immolate+1","Double Tap"],"picked":"Feed+1","floor":33},{"not_picked":["Heavy Blade+1","Armaments+1","Flex+1"],"picked":"Singing Bowl","floor":35},{"not_picked":["Jack Of All Trades","Trip","PanicButton"],"picked":"Singing Bowl","floor":36},{"not_picked":["Finesse","The Bomb","Dramatic Entrance+1"],"picked":"Singing Bowl","floor":36},{"not_picked":["PanicButton","Violence"],"picked":"Dark Shackles","floor":36},{"not_picked":["Sword Boomerang+1","Thunderclap+1","Dual Wield+1"],"picked":"Singing Bowl","floor":38},{"not_picked":["Armaments+1","Body Slam+1"],"picked":"Limit Break","floor":40},{"not_picked":["Twin Strike+1","Metallicize","Perfected Strike+1"],"picked":"Singing Bowl","floor":42},{"not_picked":["Cleave+1","Havoc+1"],"picked":"Demon Form","floor":44},{"not_picked":["Iron Wave+1","Perfected Strike+1"],"picked":"Shrug It Off+1","floor":46},{"not_picked":["Whirlwind+1","Shockwave"],"picked":"Heavy Blade+1","floor":46},{"not_picked":["Thunderclap+1","Whirlwind+1","Heavy Blade+1"],"picked":"Singing Bowl","floor":47},{"not_picked":["Shockwave+1","Headbutt+1","Anger+1"],"picked":"Singing Bowl","floor":48},{"not_picked":["Wild Strike+1","Dropkick+1","Iron Wave+1"],"picked":"Singing Bowl","floor":48}],"player_experience":209292,"relics_obtained":[{"floor":6,"key":"Strawberry"},{"floor":8,"key":"Whetstone"},{"floor":9,"key":"Boot"},{"floor":10,"key":"Vajra"},{"floor":22,"key":"Gambling Chip"},{"floor":22,"key":"Singing Bowl"},{"floor":24,"key":"Mercury Hourglass"},{"floor":26,"key":"PreservedInsect"},{"floor":28,"key":"Unceasing Top"},{"floor":31,"key":"Molten Egg 2"},{"floor":40,"key":"MawBank"},{"floor":40,"key":"Ginger"},{"floor":43,"key":"Prayer Wheel"},{"floor":44,"key":"Bronze Scales"},{"floor":44,"key":"Ancient Tea Set"},{"floor":47,"key":"Smiling Mask"},{"floor":47,"key":"Paper Frog"}],"event_choices":[{"damage_healed":0,"gold_gain":0,"player_choice":"Grow","damage_taken":0,"max_hp_gain":0,"max_hp_loss":0,"event_name":"Living Wall","floor":3,"gold_loss":0,"cards_upgraded":["Bash"]},{"damage_healed":0,"gold_gain":0,"player_choice":"Ignored","damage_taken":0,"max_hp_gain":0,"max_hp_loss":0,"event_name":"Liars Game","floor":11,"gold_loss":0},{"damage_healed":0,"gold_gain":0,"player_choice":"Bought 0 Potions","damage_taken":0,"max_hp_gain":0,"max_hp_loss":0,"event_name":"The Woman in Blue","floor":12,"gold_loss":0},{"damage_healed":0,"gold_gain":75,"player_choice":"Gather Gold","damage_taken":11,"max_hp_gain":0,"max_hp_loss":0,"event_name":"World of Goop","floor":14,"gold_loss":0},{"damage_healed":0,"gold_gain":0,"player_choice":"Obtain J.A.X.","damage_taken":0,"max_hp_gain":0,"max_hp_loss":0,"event_name":"Drug Dealer","floor":19,"gold_loss":0,"cards_obtained":["J.A.X."]},{"damage_healed":0,"gold_gain":0,"player_choice":"Ignored","damage_taken":0,"max_hp_gain":0,"max_hp_loss":0,"event_name":"Vampires","floor":20,"gold_loss":0},{"damage_healed":0,"gold_gain":0,"player_choice":"Shed Blood","damage_taken":26,"max_hp_gain":5,"max_hp_loss":0,"event_name":"Forgotten Altar","floor":21,"gold_loss":0},{"damage_healed":0,"gold_gain":0,"player_choice":"Fight","damage_taken":0,"max_hp_gain":0,"max_hp_loss":0,"event_name":"Colosseum","floor":22,"gold_loss":0},{"damage_healed":0,"gold_gain":0,"player_choice":"Fought Nobs","damage_taken":0,"max_hp_gain":0,"max_hp_loss":0,"event_name":"Colosseum","floor":22,"gold_loss":0},{"damage_healed":0,"gold_gain":0,"player_choice":"Memory 3","damage_taken":10,"max_hp_gain":0,"max_hp_loss":0,"event_name":"SensoryStone","floor":36,"gold_loss":0},{"cards_removed":["Defend_R"],"damage_healed":0,"gold_gain":0,"player_choice":"Removed Skill","damage_taken":0,"max_hp_gain":0,"max_hp_loss":0,"event_name":"Falling","floor":41,"gold_loss":0}],"is_beta":false,"boss_relics":[{"not_picked":["Black Blood","Empty Cage"],"picked":"Fusion Hammer"},{"not_picked":["Runic Pyramid","Coffee Dripper"],"picked":"Black Star"}],"items_purged_floors":[25],"is_endless":false,"potions_floor_spawned":[1,4,6,10,24,27,30,33,35,38,46,47],"ascension_level":7}