{"gold_per_floor":[116,116,82,97,26,26,48,48,48,58,93,93,112,41,41,142,142,160,8,8,23,23,23,33,33,33,49,49,66,84,84,84,84],"floor_reached":33,"playtime":1329,"items_purged":[],"score":393,"play_id":"73fef418-236a-4c13-8fee-8860ba6b7325","local_time":"20190420113812","is_ascension_mode":true,"campfire_choices":[{"data":"Dash","floor":6,"key":"SMITH"},{"floor":8,"key":"REST"},{"data":"Noxious Fumes","floor":12,"key":"SMITH"},{"floor":15,"key":"REST"},{"data":"Neutralize","floor":23,"key":"SMITH"},{"data":"Footwork","floor":25,"key":"SMITH"},{"data":"Dash","floor":28,"key":"SMITH"},{"data":"Cloak And Dagger","floor":32,"key":"SMITH"}],"neow_cost":"NONE","seed_source_timestamp":837895324425542,"circlet_count":0,"master_deck":["AscendersBane","Defend_G","Defend_G+1","Defend_G+1","Defend_G","Defend_G+1","Survivor","Neutralize+1","Cloak And Dagger+1","Noxious Fumes+1","Dash+1","Footwork+1","Adrenaline+1","Bite","Bite","Bite","Bite","Bite","Dash+1","Cloak And Dagger+1"],"relics":["Ring of the Snake","Dream Catcher","Odd Mushroom","PreservedInsect","Darkstone Periapt","Lizard Tail","War Paint","Smiling Mask","Matryoshka"],"potions_floor_usage":[11,33],"damage_taken":[{"damage":6,"enemies":"Jaw Worm","floor":1,"turns":6},{"damage":0,"enemies":"Cultist","floor":4,"turns":3},{"damage":21,"enemies":"The Mushroom Lair","floor":7,"turns":5},{"damage":0,"enemies":"Small Slimes","floor":10,"turns":3},{"damage":2,"enemies":"Gremlin Nob","floor":11,"turns":5},{"damage":0,"enemies":"3 Louse","floor":13,"turns":5},{"damage":19,"enemies":"The Guardian","floor":16,"turns":13},{"damage":8,"enemies":"Spheric Guardian","floor":18,"turns":7},{"damage":6,"enemies":"Shell Parasite","floor":21,"turns":8},{"damage":32,"enemies":"3 Cultists","floor":24,"turns":7},{"damage":5,"enemies":"Snecko","floor":27,"turns":8},{"damage":7,"enemies":"Snake Plant","floor":29,"turns":9},{"damage":0,"enemies":"Centurion and Healer","floor":30,"turns":8},{"damage":107,"enemies":"Automaton","floor":33,"turns":14}],"seed_played":"8318618365381210255","potions_obtained":[{"floor":4,"key":"SpeedPotion"},{"floor":10,"key":"Weak Potion"},{"floor":13,"key":"FairyPotion"},{"floor":24,"key":"SteroidPotion"},{"floor":27,"key":"Weak Potion"}],"is_trial":false,"path_per_floor":["M","?","$","M","$","R","?","R","T","M","E","R","M","$","R","B",null,"M","$","?","M","?","R","M","R","T","M","R","M","M","?","R","B"],"character_chosen":"THE_SILENT","items_purchased":["Noxious Fumes","Dash","Footwork","War Paint"],"campfire_rested":2,"item_purchase_floors":[3,5,14,19],"current_hp_per_floor":[57,43,43,43,43,43,22,43,43,43,41,41,41,41,62,43,63,55,55,55,49,49,49,24,24,24,37,37,46,49,49,49,0],"gold":84,"neow_bonus":"RANDOM_COMMON_RELIC","is_prod":false,"is_daily":false,"chose_seed":false,"campfire_upgraded":6,"win_rate":0,"timestamp":1555753092,"path_taken":["M","?","$","M","$","R","?","R","T","M","E","R","?","$","R","BOSS","M","$","?","?","?","R","M","R","T","M","R","M","M","?","R","BOSS"],"build_version":"2019-01-23","purchased_purges":0,"victory":false,"max_hp_per_floor":[70,70,70,70,70,70,70,70,70,70,70,70,70,70,70,70,70,70,70,70,70,49,49,49,49,49,49,49,49,49,49,49,49],"card_choices":[{"not_picked":["Backflip","PiercingWail"],"picked":"Cloak And Dagger","floor":1},{"not_picked":["Poisoned Stab","Acrobatics","Blade Dance"],"picked":"SKIP","floor":4},{"not_picked":["Dodge and Roll","Eviscerate","Concentrate"],"picked":"SKIP","floor":10},{"not_picked":["Crippling Poison","Finisher","Noxious Fumes"],"picked":"SKIP","floor":11},{"not_picked":["Dodge and Roll","Masterful Stab","Infinite Blades"],"picked":"SKIP","floor":13},{"not_picked":["Die Die Die","Doppelganger"],"picked":"Adrenaline","floor":16},{"not_picked":["Infinite Blades","Backflip","Skewer"],"picked":"SKIP","floor":18},{"not_picked":["Dagger Spray+1","Poisoned Stab","Sucker Punch"],"picked":"SKIP","floor":21},{"not_picked":["Dagger Throw+1","Distraction","Deadly Poison"],"picked":"SKIP","floor":24},{"not_picked":["Underhanded Strike+1","Calculated Gamble"],"picked":"Dash","floor":27},{"not_picked":["Terror+1","Sucker Punch+1","Caltrops+1"],"picked":"SKIP","floor":29},{"not_picked":["Prepared","Masterful Stab"],"picked":"Cloak And Dagger+1","floor":30}],"player_experience":433420,"relics_obtained":[{"floor":7,"key":"Odd Mushroom"},{"floor":9,"key":"PreservedInsect"},{"floor":11,"key":"Darkstone Periapt"},{"floor":26,"key":"Matryoshka"}],"event_choices":[{"damage_healed":0,"gold_gain":0,"player_choice":"Entered Light","damage_taken":14,"max_hp_gain":0,"max_hp_loss":0,"event_name":"Shining Light","floor":2,"gold_loss":0,"cards_upgraded":["Defend_G","Defend_G"]},{"damage_healed":0,"gold_gain":0,"player_choice":"Fought Mushrooms","damage_taken":0,"max_hp_gain":0,"max_hp_loss":0,"event_name":"Mushrooms","floor":7,"gold_loss":0},{"damage_healed":0,"gold_gain":0,"player_choice":"Gave Potion","damage_taken":0,"relics_obtained":["Smiling Mask"],"max_hp_gain":0,"max_hp_loss":0,"event_name":"WeMeetAgain","floor":20,"gold_loss":0},{"damage_healed":0,"gold_gain":0,"player_choice":"Became a vampire","damage_taken":0,"max_hp_gain":0,"max_hp_loss":21,"event_name":"Vampires","floor":22,"gold_loss":0,"cards_obtained":["Bite","Bite","Bite","Bite","Bite"]},{"damage_healed":0,"gold_gain":0,"player_choice":"Ignored","damage_taken":0,"max_hp_gain":0,"max_hp_loss":0,"event_name":"Ghosts","floor":31,"gold_loss":0}],"is_beta":false,"boss_relics":[{"not_picked":["Velvet Choker","Pandora\u0027s Box"],"picked":"Lizard Tail"}],"items_purged_floors":[],"is_endless":false,"potions_floor_spawned":[4,10,13,24,27],"killed_by":"Automaton","ascension_level":10}