{"gold_per_floor":[115,115,115,135,153,170,205,205,205,215,180,180,191,210,210,210],"floor_reached":16,"playtime":374,"items_purged":[],"score":104,"play_id":"9f77e416-b36e-43ba-b1a8-dabd7b741b96","local_time":"20191013002543","is_ascension_mode":false,"campfire_choices":[{"floor":15,"key":"REST"}],"neow_cost":"TEN_PERCENT_HP_LOSS","seed_source_timestamp":174833581034500,"circlet_count":0,"master_deck":["Strike_R","Strike_R","Strike_R","Strike_R+1","Strike_R","Defend_R","Defend_R","Defend_R","Defend_R","Bash+1","Fiend Fire+1","Twin Strike","Battle Trance","Corruption"],"relics":["Burning Blood","Bottled Flame","Shuriken","Kunai"],"potions_floor_usage":[10],"damage_taken":[{"damage":9,"enemies":"2 Louse","floor":1,"turns":3},{"damage":1,"enemies":"Cultist","floor":4,"turns":3},{"damage":8,"enemies":"Jaw Worm","floor":5,"turns":4},{"damage":23,"enemies":"Red Slaver","floor":6,"turns":4},{"damage":22,"enemies":"3 Sentries","floor":7,"turns":7},{"damage":18,"enemies":"Gremlin Gang","floor":10,"turns":5},{"damage":14,"enemies":"Large Slime","floor":13,"turns":6},{"damage":28,"enemies":"3 Louse","floor":14,"turns":5},{"damage":34,"enemies":"The Guardian","floor":16,"turns":4}],"seed_played":"-4537518697421462532","potions_obtained":[{"floor":1,"key":"BloodPotion"},{"floor":10,"key":"FearPotion"}],"is_trial":false,"path_per_floor":["M","?","$","M","M","M","E","?","T","M","?","T","M","M","R","B"],"character_chosen":"IRONCLAD","items_purchased":[],"campfire_rested":1,"item_purchase_floors":[],"current_hp_per_floor":[69,69,69,72,70,53,37,23,23,25,43,43,35,13,34,0],"gold":210,"neow_bonus":"THREE_RARE_CARDS","is_prod":false,"is_daily":false,"chose_seed":false,"campfire_upgraded":0,"win_rate":0,"timestamp":1570893943,"path_taken":["M","?","$","?","M","M","E","?","T","M","?","?","?","M","R","BOSS"],"build_version":"2019-10-11","purchased_purges":0,"victory":false,"max_hp_per_floor":[72,72,72,72,72,72,72,72,72,72,72,72,72,72,72,72],"card_choices":[{"not_picked":["Barricade","Impervious"],"picked":"Fiend Fire","floor":0},{"not_picked":["Spot Weakness","Flex"],"picked":"Twin Strike","floor":1},{"not_picked":["Rampage","Pommel Strike","Twin Strike"],"picked":"SKIP","floor":4},{"not_picked":["Body Slam","Flex","Second Wind"],"picked":"SKIP","floor":5},{"not_picked":["Bloodletting","Body Slam"],"picked":"Battle Trance","floor":6},{"not_picked":["True Grit","Thunderclap"],"picked":"Corruption","floor":7},{"not_picked":["Second Wind","Seeing Red","Headbutt"],"picked":"SKIP","floor":10},{"not_picked":["Limit Break","Twin Strike","True Grit"],"picked":"SKIP","floor":13},{"not_picked":["True Grit","Sentinel","Second Wind"],"picked":"SKIP","floor":14}],"player_experience":675309,"relics_obtained":[{"floor":7,"key":"Bottled Flame"},{"floor":9,"key":"Shuriken"},{"floor":12,"key":"Kunai"}],"event_choices":[{"damage_healed":0,"gold_gain":0,"player_choice":"Upgraded","damage_taken":0,"max_hp_gain":0,"max_hp_loss":0,"event_name":"Upgrade Shrine","floor":2,"gold_loss":0,"cards_upgraded":["Fiend Fire"]},{"damage_healed":0,"gold_gain":0,"player_choice":"Entered Light","damage_taken":14,"max_hp_gain":0,"max_hp_loss":0,"event_name":"Shining Light","floor":8,"gold_loss":0,"cards_upgraded":["Strike_R","Bash"]},{"damage_healed":18,"gold_gain":0,"player_choice":"Healed","damage_taken":0,"max_hp_gain":0,"max_hp_loss":0,"event_name":"The Cleric","floor":11,"gold_loss":35}],"is_beta":true,"boss_relics":[],"items_purged_floors":[],"is_endless":false,"potions_floor_spawned":[1,10],"killed_by":"The Guardian","ascension_level":0}