{"gold_per_floor":[116,128,128,57,57,57,86,86,86,86,86,36,47,81,81,181,181,193,204,204,57,69,69],"floor_reached":23,"playtime":734,"items_purged":[],"score":311,"play_id":"d7fb6dd7-5595-4af9-9710-11fec4930bf5","local_time":"20191011124441","is_ascension_mode":true,"campfire_choices":[{"data":"Blade Dance","floor":6.0,"key":"SMITH"},{"data":"Dodge and Roll","floor":8.0,"key":"SMITH"},{"data":"Neutralize","floor":11.0,"key":"SMITH"},{"data":"Footwork","floor":15.0,"key":"SMITH"}],"neow_cost":"NONE","seed_source_timestamp":45989616417500,"circlet_count":0,"master_deck":["Strike_G","Strike_G","Strike_G","Strike_G","Defend_G","Defend_G","Defend_G","Defend_G","Defend_G","Survivor","Neutralize+1","Blade Dance+1","Dodge and Roll+1","Infinite Blades","Backflip","Footwork+1","Glass Knife+1","Terror","Sucker Punch+1"],"special_seed":0,"relics":["Ring of the Serpent","NeowsBlessing","Dodecahedron","Molten Egg 2","Smiling Mask","Sundial","Snake Skull","Medical Kit"],"potions_floor_usage":[19],"damage_taken":[{"damage":0.0,"enemies":"Small Slimes","floor":1.0,"turns":1.0},{"damage":0.0,"enemies":"2 Louse","floor":2.0,"turns":1.0},{"damage":0.0,"enemies":"3 Sentries","floor":7.0,"turns":1.0},{"damage":1.0,"enemies":"Jaw Worm","floor":13.0,"turns":5.0},{"damage":11.0,"enemies":"Lagavulin","floor":14.0,"turns":10.0},{"damage":26.0,"enemies":"The Guardian","floor":16.0,"turns":19.0},{"damage":3,"enemies":"3 Byrds","floor":18,"turns":7},{"damage":15,"enemies":"2 Thieves","floor":19,"turns":5},{"damage":14,"enemies":"Chosen and Byrds","floor":22,"turns":8},{"damage":22,"enemies":"Slavers","floor":23,"turns":1}],"seed_played":"8324465939101674405","potions_obtained":[{"floor":1.0,"key":"Explosive Potion"},{"floor":2.0,"key":"Block Potion"},{"floor":13.0,"key":"SkillPotion"},{"floor":16.0,"key":"Poison Potion"}],"is_trial":false,"path_per_floor":["M","M","?","$","?","R","E","R","T","T","R","?","M","E","R","B",null,"M","M","?","$","M","E"],"character_chosen":"THE_SILENT","items_purchased":["Infinite Blades","Medical Kit"],"campfire_rested":0,"item_purchase_floors":[4,21],"current_hp_per_floor":[63,63,68,68,65,65,65,65,65,65,65,65,64,53,53,27,63,60,45,31,31,17,0],"gold":69,"neow_bonus":"THREE_ENEMY_KILL","is_prod":false,"is_daily":false,"chose_seed":false,"campfire_upgraded":4,"win_rate":0,"timestamp":1570765481,"path_taken":["M","M","?","$","?","R","E","R","T","?","R","?","?","E","R","BOSS","M","M","?","$","M","E"],"build_version":"2019-10-10","purchased_purges":0,"victory":false,"max_hp_per_floor":[70,70,75,75,75,75,75,75,75,75,75,75,75,75,75,75,75,75,75,80,80,80,80],"card_choices":[{"not_picked":["Prepared","Bane"],"picked":"Blade Dance","floor":1.0},{"not_picked":["Bane","Backflip"],"picked":"Dodge and Roll","floor":2.0},{"not_picked":["Distraction","Quick Slash"],"picked":"Backflip","floor":7.0},{"not_picked":["Terror","Underhanded Strike+1"],"picked":"Footwork","floor":13.0},{"not_picked":["Flechettes+1","Blade Dance","Leg Sweep"],"picked":"SKIP","floor":14.0},{"not_picked":["Grand Finale+1","Malaise"],"picked":"Glass Knife+1","floor":16.0},{"not_picked":["PiercingWail+1","Deflect+1","Acrobatics"],"picked":"SKIP","floor":18},{"not_picked":["Tactician","Deflect+1"],"picked":"Terror","floor":19},{"not_picked":["Escape Plan","Blade Dance"],"picked":"Sucker Punch+1","floor":22}],"player_experience":639828,"relics_obtained":[{"floor":7.0,"key":"Molten Egg 2"},{"floor":9.0,"key":"Smiling Mask"},{"floor":10.0,"key":"Sundial"},{"floor":14.0,"key":"Snake Skull"}],"event_choices":[{"damage_healed":0.0,"max_hp_gain":5.0,"max_hp_loss":0.0,"gold_gain":0.0,"event_name":"Big Fish","player_choice":"Donut","floor":3.0,"gold_loss":0.0,"damage_taken":0.0},{"damage_healed":0.0,"max_hp_gain":0.0,"max_hp_loss":0.0,"gold_gain":0.0,"event_name":"Scrap Ooze","player_choice":"Success","floor":5.0,"gold_loss":0.0,"damage_taken":3.0,"relics_obtained":["Dodecahedron"]},{"cards_removed":["Strike_G"],"damage_healed":0.0,"max_hp_gain":0.0,"max_hp_loss":0.0,"gold_gain":0.0,"event_name":"The Cleric","player_choice":"Card Removal","floor":12.0,"gold_loss":50.0,"damage_taken":0.0},{"damage_healed":0,"gold_gain":0,"player_choice":"Shed Blood","damage_taken":19,"max_hp_gain":5,"max_hp_loss":0,"event_name":"Forgotten Altar","floor":20,"gold_loss":0}],"is_beta":true,"boss_relics":[{"not_picked":["SacredBark","Velvet Choker"],"picked":"Ring of the Serpent"}],"items_purged_floors":[],"is_endless":false,"potions_floor_spawned":[1,2,13,16],"killed_by":"Slavers","ascension_level":8}