{"gold_per_floor":[117,134,145,161,172,207,172,192,219,219,253,253,278,290,290,387,387,401,415,429,447,372,372,385,385,385,417,417,434,434,168,168,268,268,309,327,397,438,454,454,489,489,515,87,0,20,20,35,35,35],"floor_reached":51,"playtime":3195,"items_purged":["Strike_G","HandOfGreed+1"],"score":1022,"play_id":"d8fbf542-3f49-4e96-8185-604090325441","local_time":"20191012113441","is_ascension_mode":true,"campfire_choices":[{"data":"Cloak And Dagger","floor":10.0,"key":"SMITH"},{"data":"Deadly Poison","floor":12.0,"key":"SMITH"},{"floor":15,"key":"REST"},{"floor":23,"key":"REST"},{"floor":28,"key":"REST"},{"floor":30,"key":"REST"},{"data":"Malaise","floor":32,"key":"SMITH"},{"floor":40,"key":"REST"},{"floor":42,"key":"REST"},{"floor":49,"key":"REST"}],"neow_cost":"NONE","seed_source_timestamp":125650616554100,"circlet_count":0,"master_deck":["Defend_G","Defend_G","Defend_G","Defend_G","Defend_G","Survivor","Neutralize","Footwork","Well Laid Plans","Footwork","Cloak And Dagger+1","Corpse Explosion","Flying Knee+1","Deadly Poison+1","PiercingWail","Sucker Punch+1","Malaise+1","Terror+1","Footwork","Blur","Crippling Poison","Backflip+1","Doppelganger","Acrobatics+1","Endless Agony+1","Heel Hook+1","Crippling Poison+1","Deadly Poison+1","Backflip","Catalyst","Footwork","Dodge and Roll","Apotheosis"],"special_seed":0,"relics":["Ring of the Snake","Omamori","Molten Egg 2","Blood Vial","Lantern","Happy Flower","Sozu","Pear","Toy Ornithopter","Astrolabe","Thread and Needle","Bag of Marbles","Snake Skull","ClockworkSouvenir","Red Mask"],"potions_floor_usage":[50,50],"damage_taken":[{"damage":3.0,"enemies":"2 Louse","floor":1.0,"turns":4.0},{"damage":0.0,"enemies":"Small Slimes","floor":2.0,"turns":3.0},{"damage":0.0,"enemies":"Cultist","floor":3.0,"turns":5.0},{"damage":13.0,"enemies":"Exordium Wildlife","floor":4.0,"turns":6.0},{"damage":2.0,"enemies":"3 Louse","floor":5.0,"turns":8.0},{"damage":33.0,"enemies":"Gremlin Nob","floor":6.0,"turns":5.0},{"damage":0.0,"enemies":"2 Fungi Beasts","floor":8.0,"turns":2.0},{"damage":10.0,"enemies":"3 Sentries","floor":11.0,"turns":5.0},{"damage":11.0,"enemies":"Lagavulin","floor":13.0,"turns":6.0},{"damage":7,"enemies":"Gremlin Gang","floor":14,"turns":2},{"damage":25,"enemies":"Slime Boss","floor":16,"turns":16},{"damage":7,"enemies":"Spheric Guardian","floor":18,"turns":4},{"damage":0,"enemies":"Chosen","floor":19,"turns":6},{"damage":1,"enemies":"3 Cultists","floor":20,"turns":4},{"damage":37,"enemies":"Chosen and Byrds","floor":21,"turns":8},{"damage":6,"enemies":"Centurion and Healer","floor":24,"turns":4},{"damage":39,"enemies":"Slavers","floor":27,"turns":4},{"damage":2,"enemies":"Snake Plant","floor":29,"turns":5},{"damage":34,"enemies":"Champ","floor":33,"turns":19},{"damage":3,"enemies":"3 Shapes","floor":35,"turns":4},{"damage":3,"enemies":"Orb Walker","floor":36,"turns":3},{"damage":19,"enemies":"2 Orb Walkers","floor":37,"turns":4},{"damage":11,"enemies":"Writhing Mass","floor":38,"turns":7},{"damage":30,"enemies":"Transient","floor":39,"turns":5},{"damage":6,"enemies":"Sphere and 2 Shapes","floor":41,"turns":5},{"damage":2,"enemies":"Jaw Worm Horde","floor":46,"turns":4},{"damage":0,"enemies":"Spire Growth","floor":48,"turns":5},{"damage":29,"enemies":"Time Eater","floor":50,"turns":15}],"seed_played":"-4517572680103097715","potions_obtained":[{"floor":1.0,"key":"Fire Potion"},{"floor":5.0,"key":"PowerPotion"},{"floor":8.0,"key":"FearPotion"},{"floor":11.0,"key":"PowerPotion"},{"floor":16,"key":"Poison Potion"}],"is_trial":false,"path_per_floor":["M","M","M","M","M","E","?","M","T","R","E","R","E","M","R","B",null,"M","M","M","M","?","R","M","?","T","E","R","M","R","$","R","B",null,"M","M","?","M","M","R","M","R","T","$","?","M","?","M","R","B",null],"character_chosen":"THE_SILENT","items_purchased":["HandOfGreed+1","Footwork","Snake Skull","ClockworkSouvenir"],"campfire_rested":7,"item_purchase_floors":[31,44,44,44],"current_hp_per_floor":[60,60,60,47,45,12,29,29,29,29,21,21,12,7,28,5,54,49,51,52,17,17,38,34,34,44,7,31,31,55,55,55,23,66,65,64,47,38,10,34,30,54,54,54,54,54,54,56,80,61],"gold":35,"neow_bonus":"RANDOM_COMMON_RELIC","is_prod":false,"is_daily":false,"chose_seed":false,"campfire_upgraded":3,"win_rate":0,"timestamp":1570847681,"path_taken":["M","M","M","M","M","E","?","M","T","R","E","R","E","M","R","BOSS","M","M","M","M","?","R","M","?","T","E","R","M","R","$","R","BOSS","M","M","?","M","M","R","M","R","T","$","?","M","?","M","R","BOSS"],"build_version":"2019-10-11","purchased_purges":2,"victory":true,"max_hp_per_floor":[70,70,70,70,70,70,70,70,70,70,70,70,70,70,70,70,70,70,70,70,70,70,70,70,70,80,80,80,80,80,80,80,80,80,80,80,80,80,80,80,80,80,80,80,80,80,80,80,80,80],"card_choices":[{"not_picked":["Blade Dance","Flying Knee"],"picked":"Footwork","floor":1.0},{"not_picked":["Slice","Escape Plan"],"picked":"Well Laid Plans","floor":2.0},{"not_picked":["Outmaneuver","Prepared"],"picked":"Footwork","floor":3.0},{"not_picked":["Choke","Slice","Blade Dance"],"picked":"SKIP","floor":4.0},{"not_picked":["Dagger Throw","Riddle With Holes"],"picked":"Cloak And Dagger","floor":5.0},{"not_picked":["Eviscerate","Finisher"],"picked":"Corpse Explosion","floor":6.0},{"not_picked":["Sucker Punch+1","PiercingWail"],"picked":"Flying Knee+1","floor":8.0},{"not_picked":["Slice+1","Infinite Blades"],"picked":"Deadly Poison","floor":11.0},{"not_picked":["Finisher+1","Prepared"],"picked":"PiercingWail","floor":13.0},{"not_picked":["Quick Slash+1","Flying Knee+1"],"picked":"Sucker Punch+1","floor":14},{"not_picked":["Corpse Explosion","Wraith Form v2"],"picked":"Malaise","floor":16},{"not_picked":["Reflex+1","Slice+1"],"picked":"Terror+1","floor":18},{"not_picked":["Blade Dance","Calculated Gamble+1"],"picked":"Footwork","floor":19},{"not_picked":["Calculated Gamble","Heel Hook+1"],"picked":"Blur","floor":20},{"not_picked":["Blade Dance","Slice+1"],"picked":"Crippling Poison","floor":21},{"not_picked":["Deadly Poison","Prepared"],"picked":"Backflip+1","floor":24},{"not_picked":["Acrobatics+1","Underhanded Strike+1","Tactician"],"picked":"SKIP","floor":27},{"not_picked":["Poisoned Stab+1","Prepared","Well Laid Plans"],"picked":"SKIP","floor":29},{"not_picked":["A Thousand Cuts","Bullet Time"],"picked":"Doppelganger","floor":33},{"not_picked":["Bane+1","Calculated Gamble+1"],"picked":"Crippling Poison+1","floor":35},{"not_picked":["Terror+1","PiercingWail+1"],"picked":"Deadly Poison+1","floor":36},{"not_picked":["All Out Attack+1","Blade Dance+1"],"picked":"Backflip","floor":37},{"not_picked":["Sucker Punch+1","Dodge and Roll"],"picked":"Catalyst","floor":38},{"not_picked":["Blade Dance","Slice+1","Flying Knee+1"],"picked":"SKIP","floor":39},{"not_picked":["Accuracy+1","Calculated Gamble","Flechettes+1"],"picked":"SKIP","floor":41},{"not_picked":["Predator+1","Distraction"],"picked":"Dodge and Roll","floor":46},{"not_picked":["Discovery","Jack Of All Trades"],"picked":"Apotheosis","floor":47},{"not_picked":["Sucker Punch+1","Well Laid Plans","Deadly Poison+1"],"picked":"SKIP","floor":48}],"player_experience":651293,"relics_obtained":[{"floor":6.0,"key":"Molten Egg 2"},{"floor":9.0,"key":"Blood Vial"},{"floor":11.0,"key":"Lantern"},{"floor":13.0,"key":"Happy Flower"},{"floor":26,"key":"Pear"},{"floor":27,"key":"Toy Ornithopter"},{"floor":37,"key":"Thread and Needle"},{"floor":43,"key":"Bag of Marbles"}],"event_choices":[{"damage_healed":17.0,"max_hp_gain":0.0,"max_hp_loss":0.0,"gold_gain":0.0,"event_name":"The Cleric","player_choice":"Healed","floor":7.0,"gold_loss":35.0,"damage_taken":0.0},{"cards_removed":["Strike_G"],"damage_healed":0,"gold_gain":0,"player_choice":"Gave Gold","damage_taken":0,"max_hp_gain":0,"max_hp_loss":0,"event_name":"Beggar","floor":22,"gold_loss":75},{"damage_healed":0,"gold_gain":0,"player_choice":"Bought 0 Potions","damage_taken":0,"max_hp_gain":0,"max_hp_loss":0,"event_name":"The Woman in Blue","floor":25,"gold_loss":0},{"damage_healed":0,"gold_gain":0,"player_choice":"Fight","damage_taken":0,"max_hp_gain":0,"max_hp_loss":0,"event_name":"Mysterious Sphere","floor":37,"gold_loss":0},{"damage_healed":0,"gold_gain":0,"player_choice":"Paid","damage_taken":0,"relics_obtained":["Red Mask"],"max_hp_gain":0,"max_hp_loss":0,"event_name":"Tomb of Lord Red Mask","floor":45,"gold_loss":87},{"damage_healed":0,"gold_gain":0,"player_choice":"Memory 1","damage_taken":0,"max_hp_gain":0,"max_hp_loss":0,"event_name":"SensoryStone","floor":47,"gold_loss":0}],"is_beta":true,"boss_relics":[{"not_picked":["Ectoplasm","Coffee Dripper"],"picked":"Sozu"},{"not_picked":["Pandora\u0027s Box","WristBlade"],"picked":"Astrolabe"}],"items_purged_floors":[31,44],"is_endless":false,"potions_floor_spawned":[1,5,8,11,16,19,20,27,33,37,38,39,41],"ascension_level":9}