{"gold_per_floor":[20,36,51,70,120,120,145,145,145,172,188,199,224,240,240,319,319,329,339,357,374,0,0,33,33,33,33,68,68,79,96,96,167,167,186,206,34,45,70,70,0,19,19,19,19,19,19,39,39,39],"floor_reached":51,"playtime":1596,"items_purged":["Strike_R","Strike_R"],"score":1257,"play_id":"ae330a85-1c0a-441d-b2c2-df0a6611d7a6","local_time":"20191026011737","is_ascension_mode":true,"campfire_choices":[{"data":"Whirlwind","floor":6.0,"key":"SMITH"},{"data":"Disarm","floor":8.0,"key":"SMITH"},{"floor":15.0,"key":"REST"},{"floor":23.0,"key":"REST"},{"floor":25.0,"key":"REST"},{"floor":32.0,"key":"REST"},{"floor":40.0,"key":"REST"},{"floor":44.0,"key":"RECALL"},{"floor":46.0,"key":"REST"},{"floor":49.0,"key":"REST"}],"neow_cost":"NO_GOLD","seed_source_timestamp":112221978097400,"circlet_count":0,"master_deck":["AscendersBane","Strike_R","Strike_R","Strike_R","Defend_R","Defend_R","Defend_R","Defend_R","Bash","Disarm+1","Wild Strike","Whirlwind+1","Fire Breathing","Feed","True Grit","Power Through","Evolve+1","Metallicize","Uppercut","Metallicize","Mayhem","Madness","Madness"],"special_seed":0,"relics":["Black Blood","Gambling Chip","Bottled Lightning","Pear","Vajra","Omamori","Fusion Hammer","Chemical X","Regal Pillow","Centennial Puzzle","Pen Nib","MutagenicStrength","Akabeko","Singing Bowl","Ginger","Red Mask","Potion Belt"],"potions_floor_usage":[50,50],"damage_taken":[{"damage":6.0,"enemies":"Cultist","floor":1.0,"turns":3.0},{"damage":14.0,"enemies":"Small Slimes","floor":2.0,"turns":3.0},{"damage":7.0,"enemies":"Jaw Worm","floor":3.0,"turns":4.0},{"damage":22.0,"enemies":"Red Slaver","floor":4.0,"turns":5.0},{"damage":24.0,"enemies":"Gremlin Nob","floor":7.0,"turns":4.0},{"damage":24.0,"enemies":"Lagavulin","floor":10.0,"turns":6.0},{"damage":10.0,"enemies":"Large Slime","floor":11.0,"turns":7.0},{"damage":0.0,"enemies":"Blue Slaver","floor":12.0,"turns":5.0},{"damage":12.0,"enemies":"Gremlin Nob","floor":13.0,"turns":4.0},{"damage":12.0,"enemies":"3 Louse","floor":14.0,"turns":2.0},{"damage":28.0,"enemies":"Slime Boss","floor":16.0,"turns":7.0},{"damage":19.0,"enemies":"Spheric Guardian","floor":18.0,"turns":4.0},{"damage":29.0,"enemies":"Shell Parasite","floor":19.0,"turns":7.0},{"damage":12.0,"enemies":"Snake Plant","floor":20.0,"turns":6.0},{"damage":15.0,"enemies":"Centurion and Healer","floor":21.0,"turns":9.0},{"damage":26.0,"enemies":"Slavers","floor":24.0,"turns":4.0},{"damage":14.0,"enemies":"Book of Stabbing","floor":28.0,"turns":5.0},{"damage":5.0,"enemies":"Shelled Parasite and Fungi","floor":30.0,"turns":2.0},{"damage":0.0,"enemies":"3 Cultists","floor":31.0,"turns":1.0},{"damage":38.0,"enemies":"Collector","floor":33.0,"turns":7.0},{"damage":0.0,"enemies":"3 Darklings","floor":35.0,"turns":1.0},{"damage":0.0,"enemies":"3 Shapes","floor":36.0,"turns":3.0},{"damage":17.0,"enemies":"Maw","floor":38.0,"turns":10.0},{"damage":17.0,"enemies":"Mind Bloom Boss Battle","floor":39.0,"turns":8.0},{"damage":1.0,"enemies":"Jaw Worm Horde","floor":42.0,"turns":2.0},{"damage":12.0,"enemies":"Sphere and 2 Shapes","floor":48.0,"turns":1.0},{"damage":79,"enemies":"Donu and Deca","floor":50,"turns":7}],"seed_played":"-267981821088028836","potions_obtained":[{"floor":1.0,"key":"CultistPotion"},{"floor":4.0,"key":"BloodPotion"},{"floor":11.0,"key":"BlessingOfTheForge"},{"floor":13.0,"key":"Ancient Potion"},{"floor":19.0,"key":"BloodPotion"},{"floor":21.0,"key":"Block Potion"},{"floor":30.0,"key":"BlessingOfTheForge"},{"floor":33.0,"key":"LiquidMemories"},{"floor":48.0,"key":"LiquidMemories"}],"is_trial":false,"path_per_floor":["M","M","M","M","?","R","E","R","T","E","M","M","E","M","R","B",null,"M","M","M","M","$","R","E","R","T","?","E","?","M","M","R","B",null,"M","M","$","M","?","R","?","M","T","R","?","R","?","M","R","B",null],"character_chosen":"IRONCLAD","items_purchased":["Chemical X","Regal Pillow","Metallicize"],"campfire_rested":7,"item_purchase_floors":[22,22,37],"current_hp_per_floor":[68,60,59,43,43,43,40,40,50,32,28,34,31,25,51,29,73,60,40,34,43,43,85,65,91,91,91,83,83,84,92,93,66,90,100,102,102,99,99,109,109,111,111,111,111,111,91,93,113,46],"gold":39,"neow_bonus":"ONE_RARE_RELIC","is_prod":false,"is_daily":false,"chose_seed":false,"campfire_upgraded":2,"win_rate":0,"timestamp":1572045457,"path_taken":["M","M","M","M","?","R","E","R","T","E","?","M","E","M","R","BOSS","M","M","M","M","$","R","E","R","T","?","E","?","M","M","R","BOSS","M","M","$","M","?","R","?","M","T","R","?","R","?","M","R","BOSS"],"build_version":"2019-10-25-V3","purchased_purges":2,"victory":true,"max_hp_per_floor":[75,75,75,75,75,75,75,75,85,85,85,85,88,88,88,88,88,88,91,91,91,91,91,91,91,91,91,91,91,91,93,93,98,98,100,102,102,104,109,109,109,111,111,111,111,111,111,113,113,113],"card_choices":[{"not_picked":["Searing Blow","Dark Embrace"],"picked":"Disarm","floor":1.0},{"not_picked":["Second Wind","Twin Strike"],"picked":"Wild Strike","floor":2.0},{"not_picked":["Perfected Strike","Entrench"],"picked":"Whirlwind","floor":3.0},{"not_picked":["Flex","Sever Soul","Heavy Blade"],"picked":"SKIP","floor":4.0},{"not_picked":["Clash","Carnage"],"picked":"Fire Breathing","floor":7.0},{"not_picked":["Headbutt","Rampage"],"picked":"Thunderclap","floor":10.0},{"not_picked":["Cleave","Body Slam"],"picked":"Feed","floor":11.0},{"not_picked":["Pommel Strike","Sword Boomerang","Warcry"],"picked":"SKIP","floor":12.0},{"not_picked":["Cleave","Pommel Strike"],"picked":"True Grit","floor":13.0},{"not_picked":["Shrug It Off","Flex"],"picked":"Power Through","floor":14.0},{"not_picked":["Headbutt","Armaments"],"picked":"Evolve+1","floor":18.0},{"not_picked":["Twin Strike","Dark Embrace+1","Armaments"],"picked":"SKIP","floor":19.0},{"not_picked":["Clash","Clothesline"],"picked":"Metallicize","floor":20.0},{"not_picked":["Armaments","Clash+1","Warcry"],"picked":"SKIP","floor":21.0},{"not_picked":["Thunderclap+1","Dark Embrace","True Grit"],"picked":"SKIP","floor":24.0},{"not_picked":["Combust","Flex","Spot Weakness"],"picked":"SKIP","floor":28.0},{"not_picked":["Rage","Combust"],"picked":"Uppercut","floor":30.0},{"not_picked":["Headbutt","Clothesline+1","Flex"],"picked":"Singing Bowl","floor":31.0},{"not_picked":["Feed","Brutality","Juggernaut"],"picked":"Singing Bowl","floor":33.0},{"not_picked":["Clash","Sword Boomerang","Spot Weakness"],"picked":"Singing Bowl","floor":35.0},{"not_picked":["Flex","Perfected Strike+1","Dark Embrace"],"picked":"Singing Bowl","floor":36.0},{"not_picked":["Searing Blow+1","Spot Weakness","Flame Barrier"],"picked":"Singing Bowl","floor":38.0},{"not_picked":["Cleave+1","Flex","Anger"],"picked":"Singing Bowl","floor":39.0},{"not_picked":["Uppercut+1","Metallicize","Thunderclap+1"],"picked":"Singing Bowl","floor":42.0},{"not_picked":["Enlightenment","Violence"],"picked":"Mayhem","floor":45.0},{"not_picked":["Metallicize","Thunderclap+1","Evolve"],"picked":"Singing Bowl","floor":48.0}],"player_experience":530788,"relics_obtained":[{"floor":7.0,"key":"Bottled Lightning"},{"floor":9.0,"key":"Pear"},{"floor":10.0,"key":"Vajra"},{"floor":13.0,"key":"Omamori"},{"floor":24.0,"key":"Centennial Puzzle"},{"floor":26.0,"key":"Pen Nib"},{"floor":28.0,"key":"Akabeko"},{"floor":39.0,"key":"Ginger"},{"floor":43.0,"key":"Potion Belt"}],"event_choices":[{"damage_healed":0.0,"max_hp_gain":0.0,"max_hp_loss":0.0,"gold_gain":50.0,"event_name":"Golden Shrine","player_choice":"Pray","floor":5.0,"gold_loss":0.0,"damage_taken":0.0},{"damage_healed":0.0,"max_hp_gain":0.0,"max_hp_loss":0.0,"gold_gain":0.0,"event_name":"Drug Dealer","player_choice":"Inject Mutagens","floor":27.0,"gold_loss":0.0,"damage_taken":0.0,"relics_obtained":["MutagenicStrength"]},{"cards_removed":["Thunderclap"],"damage_healed":0.0,"max_hp_gain":0.0,"max_hp_loss":0.0,"gold_gain":0.0,"event_name":"WeMeetAgain","player_choice":"Gave Card","floor":29.0,"gold_loss":0.0,"damage_taken":0.0,"relics_obtained":["Singing Bowl"]},{"damage_healed":0.0,"max_hp_gain":0.0,"max_hp_loss":0.0,"gold_gain":0.0,"event_name":"MindBloom","player_choice":"Fight","floor":39.0,"gold_loss":0.0,"damage_taken":0.0},{"damage_healed":0.0,"max_hp_gain":0.0,"max_hp_loss":0.0,"gold_gain":0.0,"event_name":"Tomb of Lord Red Mask","player_choice":"Paid","floor":41.0,"gold_loss":70.0,"damage_taken":0.0,"relics_obtained":["Red Mask"]},{"damage_healed":0.0,"max_hp_gain":0.0,"max_hp_loss":0.0,"gold_gain":0.0,"event_name":"SensoryStone","player_choice":"Memory 1","floor":45.0,"gold_loss":0.0,"damage_taken":0.0},{"damage_healed":0.0,"max_hp_gain":0.0,"max_hp_loss":0.0,"gold_gain":0.0,"event_name":"Winding Halls","player_choice":"Embrace Madness","floor":47.0,"gold_loss":0.0,"damage_taken":20.0,"cards_obtained":["Madness","Madness"]}],"is_beta":true,"boss_relics":[{"not_picked":["Velvet Choker","Pandora\u0027s Box"],"picked":"Fusion Hammer"},{"not_picked":["Runic Cube","Cursed Key"],"picked":"Black Blood"}],"items_purged_floors":[22,37],"is_endless":false,"potions_floor_spawned":[1,4,11,12,13,19,21,30,33,35,38,48],"ascension_level":15}