{"gold_per_floor":[212,212,63,63,28,28,62,77,132,158,81,107,121,135,135,234,234,234,234,149,149,149,149,99,99,99,99,99,99,99,99,99,99],"floor_reached":33,"playtime":1842,"items_purged":[],"score":426,"play_id":"989ef651-b26f-4fd9-8a7f-16e5e488f8b3","local_time":"20190422173344","is_ascension_mode":true,"campfire_choices":[{"data":"Footwork","floor":6.0,"key":"SMITH"},{"floor":15.0,"key":"REST"},{"floor":23,"key":"REST"},{"data":"Adrenaline","floor":25,"key":"SMITH"},{"data":"Bouncing Flask","floor":27,"key":"SMITH"},{"floor":32,"key":"REST"}],"neow_cost":"NONE","seed_source_timestamp":1031492489160922,"circlet_count":0,"master_deck":["AscendersBane","Defend_G","Defend_G+1","Defend_G","Defend_G","Defend_G","Strike_G","Strike_G","Strike_G","Strike_G","Strike_G","Survivor","Neutralize+1","Footwork+1","Escape Plan+1","Well Laid Plans","Bouncing Flask+1","Blur","Catalyst","Escape Plan","Adrenaline+1","Catalyst","Escape Plan"],"special_seed":0,"relics":["Ring of the Snake","Darkstone Periapt","PreservedInsect","Matryoshka","Odd Mushroom","Ectoplasm","Blood Vial","Orichalcum","War Paint"],"potions_floor_usage":[21,22,30,33,33],"damage_taken":[{"damage":0.0,"enemies":"Small Slimes","floor":1.0,"turns":5.0},{"damage":14.0,"enemies":"Lagavulin","floor":7.0,"turns":14.0},{"damage":0.0,"enemies":"2 Louse","floor":8.0,"turns":3.0},{"damage":8.0,"enemies":"3 Sentries","floor":10.0,"turns":13.0},{"damage":17.0,"enemies":"The Mushroom Lair","floor":12.0,"turns":8.0},{"damage":0.0,"enemies":"Jaw Worm","floor":13.0,"turns":6.0},{"damage":0.0,"enemies":"Red Slaver","floor":14.0,"turns":6.0},{"damage":8.0,"enemies":"The Guardian","floor":16.0,"turns":12.0},{"damage":5.0,"enemies":"Chosen","floor":18.0,"turns":6.0},{"damage":9,"enemies":"3 Byrds","floor":19,"turns":7},{"damage":15,"enemies":"Centurion and Healer","floor":21,"turns":4},{"damage":12,"enemies":"Cultist and Chosen","floor":22,"turns":12},{"damage":16,"enemies":"Sentry and Sphere","floor":28,"turns":6},{"damage":10,"enemies":"Snake Plant","floor":29,"turns":2},{"damage":0,"enemies":"Snecko","floor":30,"turns":4},{"damage":11,"enemies":"Centurion and Healer","floor":31,"turns":8},{"damage":56,"enemies":"Automaton","floor":33,"turns":12}],"seed_played":"2933338737864435918","potions_obtained":[{"floor":8.0,"key":"Swift Potion"},{"floor":14.0,"key":"GamblersBrew"},{"floor":16.0,"key":"Weak Potion"},{"floor":19,"key":"SkillPotion"},{"floor":21,"key":"Regen Potion"},{"floor":22,"key":"Swift Potion"},{"floor":30,"key":"Block Potion"}],"is_trial":false,"path_per_floor":["M","?","$","?","$","R","E","M","T","E","$","?","M","M","R","B",null,"M","M","?","M","M","R","?","R","T","R","M","M","M","M","R","B"],"character_chosen":"THE_SILENT","items_purchased":["Footwork","Escape Plan","Well Laid Plans","Blur"],"campfire_rested":3,"item_purchase_floors":[3,3,5,11],"current_hp_per_floor":[63,63,63,63,63,63,49,49,49,41,41,24,24,24,45,37,62,57,48,48,35,25,46,46,46,46,46,32,24,26,17,38,0],"gold":99,"neow_bonus":"HUNDRED_GOLD","is_prod":false,"is_daily":false,"chose_seed":false,"campfire_upgraded":3,"win_rate":0,"timestamp":1555947224,"path_taken":["M","?","$","?","?","R","E","?","T","E","$","?","M","M","R","BOSS","M","M","?","M","M","R","?","R","T","R","M","M","M","?","R","BOSS"],"build_version":"2019-01-23","purchased_purges":0,"victory":false,"max_hp_per_floor":[70,70,70,70,70,70,70,70,70,70,70,70,70,70,70,70,70,70,70,70,70,70,70,70,70,70,70,70,70,70,70,70,70],"card_choices":[{"not_picked":["Acrobatics","Quick Slash","Riddle With Holes"],"picked":"SKIP","floor":1.0},{"not_picked":["Endless Agony","Sucker Punch","All Out Attack"],"picked":"SKIP","floor":7.0},{"not_picked":["Skewer","Calculated Gamble","Poisoned Stab"],"picked":"SKIP","floor":8.0},{"not_picked":["Prepared","Eviscerate"],"picked":"Bouncing Flask","floor":10.0},{"not_picked":["Quick Slash","Bouncing Flask"],"picked":"Catalyst","floor":13.0},{"not_picked":["Sucker Punch","PiercingWail"],"picked":"Escape Plan","floor":14.0},{"not_picked":["Venomology","A Thousand Cuts"],"picked":"Adrenaline","floor":16.0},{"not_picked":["Acrobatics+1","Finisher"],"picked":"Catalyst","floor":18.0},{"not_picked":["Infinite Blades","Caltrops","Calculated Gamble"],"picked":"SKIP","floor":19},{"not_picked":["Calculated Gamble","Acrobatics+1","Underhanded Strike"],"picked":"SKIP","floor":21},{"not_picked":["Cloak And Dagger","Dodge and Roll+1","Flying Knee"],"picked":"SKIP","floor":22},{"not_picked":["Acrobatics+1","Cloak And Dagger","Poisoned Stab"],"picked":"SKIP","floor":28},{"not_picked":["Outmaneuver","Bane"],"picked":"Escape Plan","floor":29},{"not_picked":["Infinite Blades","Accuracy","PiercingWail"],"picked":"SKIP","floor":30},{"not_picked":["Dagger Spray","Blade Dance+1","Leg Sweep+1"],"picked":"SKIP","floor":31}],"player_experience":441827,"relics_obtained":[{"floor":7.0,"key":"Darkstone Periapt"},{"floor":9.0,"key":"PreservedInsect"},{"floor":10.0,"key":"Matryoshka"},{"floor":12.0,"key":"Odd Mushroom"},{"floor":26,"key":"Orichalcum"},{"floor":26,"key":"War Paint"}],"event_choices":[{"damage_healed":0.0,"max_hp_gain":0.0,"max_hp_loss":0.0,"gold_gain":0.0,"event_name":"Living Wall","player_choice":"Grow","floor":2.0,"gold_loss":0.0,"damage_taken":0.0,"cards_upgraded":["Neutralize"]},{"damage_healed":0.0,"max_hp_gain":0.0,"max_hp_loss":0.0,"gold_gain":0.0,"event_name":"Liars Game","player_choice":"Ignored","floor":4.0,"gold_loss":0.0,"damage_taken":0.0},{"damage_healed":0.0,"max_hp_gain":0.0,"max_hp_loss":0.0,"gold_gain":0.0,"event_name":"Mushrooms","player_choice":"Fought Mushrooms","floor":12.0,"gold_loss":0.0,"damage_taken":0.0},{"damage_healed":0,"gold_gain":0,"player_choice":"Obtained Relic","damage_taken":0,"relics_obtained":["Blood Vial"],"max_hp_gain":0,"max_hp_loss":0,"event_name":"Addict","floor":20,"gold_loss":85},{"damage_healed":0,"gold_gain":100,"player_choice":"Bet on Murderer","damage_taken":0,"max_hp_gain":0,"max_hp_loss":0,"event_name":"The Joust","floor":24,"gold_loss":50}],"is_beta":false,"boss_relics":[{"not_picked":["Runic Dome","Philosopher\u0027s Stone"],"picked":"Ectoplasm"}],"items_purged_floors":[],"is_endless":false,"potions_floor_spawned":[8,14,16,19,21,22,30],"killed_by":"Automaton","ascension_level":10}