{"gold_per_floor":[116,116,116,134,53,53,82,100,100,119,131,31,31,49,49,49],"floor_reached":16,"playtime":592,"items_purged":[],"score":216,"play_id":"07922880-b7eb-43f9-aa0e-2806e03e520c","local_time":"20190417190342","is_ascension_mode":true,"campfire_choices":[{"data":"Zap","floor":6,"key":"SMITH"},{"data":"Dualcast","floor":13,"key":"SMITH"},{"floor":15,"key":"REST"}],"neow_cost":"NONE","seed_source_timestamp":606159257218611,"circlet_count":0,"master_deck":["AscendersBane","Strike_B","Strike_B","Strike_B","Strike_B","Defend_B","Defend_B","Defend_B","Defend_B","Zap+1","Dualcast+1","Ball Lightning","Coolheaded","Loop","Self Repair","Chill","Glacier","Capacitor","Coolheaded"],"special_seed":0,"relics":["Cracked Core","NeowsBlessing","Gambling Chip","Bottled Tornado","Centennial Puzzle"],"potions_floor_usage":[10,16],"damage_taken":[{"damage":0.0,"enemies":"Cultist","floor":1.0,"turns":1.0},{"damage":0,"enemies":"Jaw Worm","floor":4,"turns":1},{"damage":0,"enemies":"3 Sentries","floor":7,"turns":1},{"damage":7,"enemies":"Small Slimes","floor":8,"turns":3},{"damage":26,"enemies":"Gremlin Gang","floor":10,"turns":4},{"damage":0,"enemies":"3 Louse","floor":11,"turns":4},{"damage":9,"enemies":"Blue Slaver","floor":14,"turns":4},{"damage":46,"enemies":"Hexaghost","floor":16,"turns":11}],"seed_played":"8238888673331560056","potions_obtained":[{"floor":1,"key":"Poison Potion"},{"floor":3,"key":"SkillPotion"}],"is_trial":false,"path_per_floor":["M","T","?","M","$","R","E","M","T","M","M","$","R","M","R","B"],"character_chosen":"DEFECT","items_purchased":["Coolheaded","Loop","Capacitor","Coolheaded"],"campfire_rested":1,"item_purchase_floors":[5,5,12,12],"current_hp_per_floor":[64,64,64,64,64,64,64,57,57,31,31,31,31,22,43,0],"gold":49,"neow_bonus":"THREE_ENEMY_KILL","is_prod":false,"is_daily":false,"chose_seed":false,"campfire_upgraded":2,"win_rate":0,"timestamp":1555520622,"path_taken":["M","?","?","M","$","R","E","?","T","M","M","$","R","M","R","BOSS"],"build_version":"2019-01-23","purchased_purges":0,"victory":false,"max_hp_per_floor":[71,71,71,71,71,71,71,71,71,71,71,71,71,71,71,71],"card_choices":[{"not_picked":["Capacitor","Coolheaded"],"picked":"Ball Lightning","floor":1},{"not_picked":["Sweeping Beam","Leap","Hologram"],"picked":"SKIP","floor":4},{"not_picked":["Conserve Battery","Steam"],"picked":"Self Repair","floor":7},{"not_picked":["Auto Shields","Stack","Consume"],"picked":"SKIP","floor":8},{"not_picked":["Hello World","Coolheaded"],"picked":"Chill","floor":10},{"not_picked":["Gash","Scrape"],"picked":"Glacier","floor":11},{"not_picked":["BootSequence","Barrage","White Noise"],"picked":"SKIP","floor":14}],"player_experience":416223,"relics_obtained":[{"floor":2,"key":"Gambling Chip"},{"floor":7,"key":"Bottled Tornado"},{"floor":9,"key":"Centennial Puzzle"}],"event_choices":[{"damage_healed":0,"gold_gain":0,"player_choice":"Got Potions","damage_taken":0,"max_hp_gain":0,"max_hp_loss":0,"event_name":"Lab","floor":3,"gold_loss":0}],"is_beta":false,"boss_relics":[],"items_purged_floors":[],"is_endless":false,"potions_floor_spawned":[1,4],"killed_by":"Hexaghost","ascension_level":14}