{"gold_per_floor":[112,132,132,152,167,167,167,247,247,247,94,94,94,110,110,208,208,208,208,208,208,208,208,208,208,208,208,208,208],"floor_reached":29,"playtime":2496,"items_purged":["Regret"],"score":261,"play_id":"5fce7883-eb6c-4e00-a176-eb352ecd2174","local_time":"20180731173903","is_ascension_mode":true,"campfire_choices":[{"data":"Flex","floor":6,"key":"SMITH"},{"data":"Searing Blow","floor":10,"key":"SMITH"},{"data":"Limit Break","floor":12,"key":"SMITH"},{"data":"Searing Blow+1","floor":15,"key":"SMITH"},{"floor":23,"key":"REST"},{"floor":25,"key":"REST"}],"neow_cost":"NONE","seed_source_timestamp":2593084390420,"circlet_count":0,"master_deck":["Strike_R","Strike_R","Strike_R","Strike_R","Defend_R","Defend_R","Defend_R","Defend_R","Spot Weakness","Inflame","Flex+1","Limit Break+1","Searing Blow+2","Pommel Strike","Armaments","Reaper","Flame Barrier","True Grit","Ghostly Armor","Reckless Charge+1"],"relics":["Burning Blood","Ice Cream","Pantograph","Potion Belt","Ectoplasm","Orichalcum","Letter Opener"],"potions_floor_usage":[19,20,21,24,28,28],"damage_taken":[{"damage":10,"enemies":"Small Slimes","floor":1,"turns":3},{"damage":11,"enemies":"Cultist","floor":2,"turns":4},{"damage":14,"enemies":"Jaw Worm","floor":4,"turns":6},{"damage":26,"enemies":"2 Fungi Beasts","floor":5,"turns":5},{"damage":1,"enemies":"Exordium Wildlife","floor":14,"turns":4},{"damage":60,"enemies":"Hexaghost","floor":16,"turns":8},{"damage":28,"enemies":"3 Byrds","floor":18,"turns":6},{"damage":6,"enemies":"Spheric Guardian","floor":19,"turns":3},{"damage":40,"enemies":"Centurion and Healer","floor":20,"turns":5},{"damage":19,"enemies":"Snake Plant","floor":21,"turns":3},{"damage":71,"enemies":"Slavers","floor":24,"turns":6},{"damage":43,"enemies":"3 Cultists","floor":27,"turns":6},{"damage":16,"enemies":"Chosen and Byrds","floor":28,"turns":6},{"damage":25,"enemies":"Cultist and Chosen","floor":29,"turns":4}],"seed_played":"-5119164338323576699","potions_obtained":[{"floor":1,"key":"AttackPotion"},{"floor":14,"key":"AttackPotion"},{"floor":19,"key":"SneckoOil"},{"floor":21,"key":"Poison Potion"},{"floor":24,"key":"Swift Potion"}],"is_trial":false,"path_per_floor":["M","M","?","M","M","R","?","?","T","R","$","R","?","M","R","B",null,"M","M","M","M","?","R","E","R","T","M","M"],"character_chosen":"IRONCLAD","items_purchased":["Weak Potion","Pommel Strike"],"campfire_rested":2,"item_purchase_floors":[11,11],"current_hp_per_floor":[76,71,71,63,43,43,43,43,43,43,43,43,43,48,48,19,80,58,58,36,30,30,54,16,40,40,18,21,0],"gold":208,"neow_bonus":"REMOVE_CARD","is_prod":false,"is_daily":false,"chose_seed":false,"campfire_upgraded":4,"win_rate":0,"timestamp":1533051543,"path_taken":["M","M","?","M","M","R","?","?","T","R","?","R","?","M","R","BOSS","M","M","M","M","?","R","E","R","T","M","M","?"],"build_version":"2018-07-26","purchased_purges":1,"victory":false,"max_hp_per_floor":[80,80,80,80,80,80,80,80,80,80,80,80,80,80,80,80,80,80,80,80,80,80,80,80,80,80,80,80,80],"card_choices":[{"not_picked":["Anger","Headbutt"],"picked":"Spot Weakness","floor":1},{"not_picked":["Bloodletting","Clothesline"],"picked":"Inflame","floor":2},{"not_picked":["Warcry","Pommel Strike"],"picked":"Flex","floor":4},{"not_picked":["Blood for Blood","Shrug It Off"],"picked":"Limit Break","floor":5},{"not_picked":["Anger","Uppercut"],"picked":"Armaments","floor":14},{"not_picked":["Brutality","Feed"],"picked":"Reaper","floor":16},{"not_picked":["Intimidate","Twin Strike"],"picked":"Flame Barrier","floor":18},{"not_picked":["Body Slam","Perfected Strike","Iron Wave"],"picked":"SKIP","floor":19},{"not_picked":["Twin Strike","Metallicize"],"picked":"True Grit","floor":20},{"not_picked":["Pommel Strike","Spot Weakness","Clothesline+1"],"picked":"SKIP","floor":21},{"not_picked":["Clash","Warcry","Body Slam"],"picked":"SKIP","floor":24},{"not_picked":["Limit Break","Flame Barrier"],"picked":"Ghostly Armor","floor":27},{"not_picked":["Pommel Strike","Sentinel"],"picked":"Reckless Charge+1","floor":28}],"player_experience":61708,"relics_obtained":[{"floor":9,"key":"Pantograph"},{"floor":24,"key":"Orichalcum"},{"floor":26,"key":"Letter Opener"}],"event_choices":[{"event_name":"Big Fish","player_choice":"Box","floor":3,"damage_taken":0},{"event_name":"Transmorgrifier","player_choice":"Transform","floor":7,"damage_taken":0},{"event_name":"Golden Wing","player_choice":"Gained Gold","floor":8,"damage_taken":0},{"event_name":"Dead Adventurer","player_choice":"Searched \u00272\u0027 times","floor":13,"damage_taken":0},{"event_name":"The Mausoleum","player_choice":"No","floor":22,"damage_taken":0}],"is_beta":false,"boss_relics":[{"not_picked":["Fusion Hammer","Lizard Tail"],"picked":"Ectoplasm"}],"items_purged_floors":[11],"is_endless":false,"potions_floor_spawned":[1,14,19,21,24],"killed_by":"Cultist and Chosen","ascension_level":2}