{"gold_per_floor":[110,110,123,141,66,66,100,115,115,132,132,147,147,180,180,285,285,302,202,216,226,226,255,255,354,405,405,405,405,405,415,415,415],"floor_reached":33,"playtime":1490,"items_purged":["Strike_P","Strike_P"],"score":390,"play_id":"1cf332f6-a336-4b7e-982b-4cb945cab4e7","local_time":"20191003083056","is_ascension_mode":true,"campfire_choices":[{"data":"Wallop","floor":6,"key":"SMITH"},{"data":"Ragnarok","floor":13,"key":"SMITH"},{"data":"LessonLearned","floor":15,"key":"SMITH"},{"floor":24,"key":"REST"},{"data":"DeusExMachina","floor":27,"key":"SMITH"},{"data":"WreathOfFlame","floor":28,"key":"SMITH"},{"data":"SandsOfTime","floor":30,"key":"SMITH"},{"floor":32,"key":"REST"}],"neow_cost":"NONE","seed_source_timestamp":1685380400451100,"circlet_count":0,"master_deck":["Strike_P+1","Strike_P+1","Defend_P","Defend_P","Defend_P","Defend_P","Eruption","Vigilance+1","WreathOfFlame+1","Wallop+1","BowlingBash+1","Wireheading","Ragnarok+1","LessonLearned+1","DeusExMachina+1","SandsOfTime+1"],"relics":["HolyWater","Lizard Tail","Dead Branch","WingedGreaves","MutagenicStrength","Frozen Egg 2","Juzu Bracelet"],"potions_floor_usage":[14,23,33,33,33],"damage_taken":[{"damage":0,"enemies":"2 Louse","floor":1,"turns":3},{"damage":0,"enemies":"Cultist","floor":3,"turns":3},{"damage":0,"enemies":"Small Slimes","floor":4,"turns":3},{"damage":15,"enemies":"3 Sentries","floor":7,"turns":9},{"damage":6,"enemies":"Gremlin Gang","floor":8,"turns":5},{"damage":0,"enemies":"Exordium Wildlife","floor":10,"turns":5},{"damage":0,"enemies":"2 Fungi Beasts","floor":12,"turns":4},{"damage":0,"enemies":"Gremlin Nob","floor":14,"turns":2},{"damage":18,"enemies":"Slime Boss","floor":16,"turns":6},{"damage":3,"enemies":"2 Thieves","floor":18,"turns":2},{"damage":0,"enemies":"3 Byrds","floor":20,"turns":4},{"damage":8,"enemies":"Centurion and Healer","floor":21,"turns":4},{"damage":19,"enemies":"Book of Stabbing","floor":23,"turns":4},{"damage":32,"enemies":"3 Cultists","floor":31,"turns":4},{"damage":17,"enemies":"Champ","floor":33,"turns":8}],"seed_played":"-242722205130221069","potions_obtained":[{"floor":1,"key":"BottledMiracle"},{"floor":7,"key":"EssenceOfSteel"},{"floor":8,"key":"Fire Potion"},{"floor":16,"key":"Swift Potion"},{"floor":18,"key":"EssenceOfSteel"},{"floor":20,"key":"PowerPotion"},{"floor":31,"key":"Ancient Potion"}],"is_trial":false,"path_per_floor":["M","?","M","M","$","R","E","M","T","M","?","M","R","E","R","B",null,"M","$","M","M","?","E","R","?","T","R","R","?","R","M","R","B"],"character_chosen":"WATCHER","items_purchased":[],"campfire_rested":2,"item_purchase_floors":[],"current_hp_per_floor":[65,65,65,65,65,65,50,44,44,44,44,44,44,44,44,26,61,58,58,58,50,50,31,52,52,52,52,52,39,39,7,30,13],"gold":415,"neow_bonus":"UPGRADE_CARD","is_prod":false,"is_daily":false,"chose_seed":false,"campfire_upgraded":6,"win_rate":0,"timestamp":1570084256,"path_taken":["M","?","M","M","$","R","E","?","T","M","?","M","R","E","R","BOSS","M","$","M","?","?","E","R","?","T","R","R","?","R","M","R","BOSS"],"build_version":"2019-10-02","purchased_purges":2,"victory":false,"max_hp_per_floor":[72,72,72,72,72,72,72,72,72,72,72,72,72,72,72,72,72,72,72,72,72,72,72,72,72,72,72,72,77,77,77,77,77],"card_choices":[{"not_picked":["ThirdEye","Prostrate"],"picked":"WreathOfFlame","floor":1},{"not_picked":["EmptyBody","Vengeance"],"picked":"BowlingBash","floor":3},{"not_picked":["Vengeance","DeceiveReality"],"picked":"Wireheading","floor":4},{"not_picked":["Prostrate","DevaForm","Wireheading"],"picked":"SKIP","floor":7},{"not_picked":["Vengeance","CrushJoints","WheelKick"],"picked":"SKIP","floor":8},{"not_picked":["Crescendo","SashWhip","Conclude"],"picked":"SKIP","floor":10},{"not_picked":["Crescendo","Halt"],"picked":"Ragnarok","floor":12},{"not_picked":["Protect","Collect"],"picked":"LessonLearned","floor":14},{"not_picked":["Adaptation","Blasphemy"],"picked":"DeusExMachina","floor":16},{"not_picked":["BowlingBash+1","FlurryOfBlows","Perseverance"],"picked":"SKIP","floor":18},{"not_picked":["Fasting2","Collect","Wallop"],"picked":"SKIP","floor":20},{"not_picked":["Consecrate","Fasting2"],"picked":"SandsOfTime","floor":21},{"not_picked":["CrushJoints","JustLucky+1","WindmillStrike"],"picked":"SKIP","floor":23},{"not_picked":["CrushJoints","FearNoEvil+1","Prostrate"],"picked":"SKIP","floor":31}],"player_experience":471693,"relics_obtained":[{"floor":7,"key":"Lizard Tail"},{"floor":9,"key":"Dead Branch"},{"floor":14,"key":"WingedGreaves"},{"floor":23,"key":"Frozen Egg 2"},{"floor":26,"key":"Juzu Bracelet"}],"event_choices":[{"damage_healed":0,"gold_gain":0,"player_choice":"1 cards matched","damage_taken":0,"max_hp_gain":0,"max_hp_loss":0,"event_name":"Match and Keep!","floor":2,"gold_loss":0,"cards_obtained":["Wallop"]},{"damage_healed":0,"gold_gain":0,"player_choice":"Forge","damage_taken":0,"max_hp_gain":0,"max_hp_loss":0,"event_name":"Accursed Blacksmith","floor":11,"gold_loss":0,"cards_upgraded":["BowlingBash"]},{"damage_healed":0,"gold_gain":0,"player_choice":"Inject Mutagens","damage_taken":0,"relics_obtained":["MutagenicStrength"],"max_hp_gain":0,"max_hp_loss":0,"event_name":"Drug Dealer","floor":22,"gold_loss":0},{"damage_healed":0,"gold_gain":99,"player_choice":"Stole From Cult","damage_taken":0,"max_hp_gain":0,"max_hp_loss":0,"event_name":"Nest","floor":25,"gold_loss":0},{"damage_healed":0,"gold_gain":0,"player_choice":"Shed Blood","damage_taken":18,"max_hp_gain":5,"max_hp_loss":0,"event_name":"Forgotten Altar","floor":29,"gold_loss":0}],"is_beta":true,"boss_relics":[{"not_picked":["Cursed Key","Pandora\u0027s Box"],"picked":"HolyWater"}],"items_purged_floors":[5,19],"is_endless":false,"potions_floor_spawned":[1,7,8,10,16,18,20,31],"killed_by":"Champ","ascension_level":6}