{"gold_per_floor":[119,119,135,11,11,36,36,55,78,88,88,119,119,150,150,255,255],"floor_reached":17,"playtime":705,"items_purged":[],"score":260,"play_id":"ef31316a-1e13-4b06-b943-98472245ab72","local_time":"20190627232533","is_ascension_mode":true,"campfire_choices":[{"data":"Reaper","floor":11,"key":"SMITH"},{"floor":13,"key":"REST"},{"data":"True Grit","floor":15,"key":"SMITH"}],"neow_cost":"NONE","seed_source_timestamp":141083136173591,"circlet_count":0,"master_deck":["AscendersBane","Strike_R","Strike_R","Strike_R","Strike_R","Strike_R","Defend_R","Defend_R","Defend_R+1","Defend_R","Bash+1","Cleave","Reaper+1","Shrug It Off","Twin Strike","Clothesline","Warcry+1","True Grit+1","Metallicize","Demon Form"],"relics":["Burning Blood","Red Skull","Bag of Preparation","Torii","Potion Belt","War Paint","Anchor","Runic Cube"],"potions_floor_usage":[12],"damage_taken":[{"damage":2,"enemies":"2 Louse","floor":1,"turns":4},{"damage":1,"enemies":"Cultist","floor":3,"turns":4},{"damage":46,"enemies":"3 Sentries","floor":6,"turns":11},{"damage":0,"enemies":"Jaw Worm","floor":8,"turns":3},{"damage":23,"enemies":"Exordium Thugs","floor":10,"turns":5},{"damage":24,"enemies":"Gremlin Nob","floor":12,"turns":4},{"damage":30,"enemies":"3 Sentries","floor":14,"turns":7},{"damage":42,"enemies":"Hexaghost","floor":16,"turns":16}],"seed_played":"6932826711854365228","potions_obtained":[{"floor":6,"key":"GamblersBrew"},{"floor":10,"key":"Poison Potion"},{"floor":16,"key":"SteroidPotion"}],"is_trial":false,"path_per_floor":["M","?","M","$","$","E","T","M","T","M","R","E","R","E","R","B",null],"character_chosen":"IRONCLAD","items_purchased":["Reaper","Shrug It Off"],"campfire_rested":1,"item_purchase_floors":[4,4],"current_hp_per_floor":[76,76,80,80,80,52,52,58,58,49,49,36,60,51,51,17,64],"gold":255,"neow_bonus":"UPGRADE_CARD","is_prod":false,"is_daily":false,"chose_seed":false,"campfire_upgraded":2,"win_rate":0,"timestamp":1561670733,"path_taken":["M","?","M","?","$","E","?","?","T","M","R","E","R","E","R","BOSS"],"build_version":"2019-01-23","purchased_purges":0,"victory":false,"max_hp_per_floor":[80,80,80,80,80,80,80,80,80,80,80,80,80,80,80,80,80],"card_choices":[{"not_picked":["Entrench","Flex"],"picked":"Headbutt","floor":1},{"not_picked":["Blood for Blood","True Grit"],"picked":"Cleave","floor":3},{"not_picked":["Thunderclap","Whirlwind"],"picked":"Twin Strike","floor":6},{"not_picked":["Pommel Strike","Iron Wave"],"picked":"Clothesline","floor":8},{"not_picked":["Twin Strike","Entrench"],"picked":"Warcry","floor":10},{"not_picked":["Iron Wave","Clash"],"picked":"True Grit","floor":12},{"not_picked":["Wild Strike","Ghostly Armor"],"picked":"Metallicize","floor":14},{"not_picked":["Double Tap","Immolate"],"picked":"Demon Form","floor":16}],"player_experience":231098,"relics_obtained":[{"floor":6,"key":"Bag of Preparation"},{"floor":7,"key":"Torii"},{"floor":9,"key":"Potion Belt"},{"floor":12,"key":"War Paint"},{"floor":14,"key":"Anchor"}],"event_choices":[{"cards_removed":["Headbutt"],"damage_healed":0,"gold_gain":0,"player_choice":"Gave Card","damage_taken":0,"relics_obtained":["Red Skull"],"max_hp_gain":0,"max_hp_loss":0,"event_name":"WeMeetAgain","floor":2,"gold_loss":0}],"is_beta":false,"boss_relics":[{"not_picked":["Black Star","Eternal Feather"],"picked":"Runic Cube"}],"items_purged_floors":[],"is_endless":false,"potions_floor_spawned":[6,10,16],"ascension_level":10}