{"gold_per_floor":[117,127,143,160,180,180,191,191,214,239,414,414,437,119,119,243,243,261,275,275,27,27,27,27,60,131,6,24,24,34,47,47,47],"floor_reached":33,"playtime":1095,"items_purged":["Doubt","Strike_R","Writhe"],"score":294,"play_id":"357f24fd-2f2a-4b1a-a11c-600fb07b9f9b","local_time":"20191023141211","is_ascension_mode":false,"campfire_choices":[{"data":"Armaments","floor":6,"key":"SMITH"},{"data":"Whirlwind","floor":8,"key":"SMITH"},{"floor":15,"key":"REST"},{"data":"RitualDagger","floor":23,"key":"SMITH"},{"data":"Double Tap","floor":29,"key":"SMITH"},{"data":"Barricade","floor":32,"key":"SMITH"}],"neow_cost":"NONE","seed_source_timestamp":345696127829900,"circlet_count":0,"master_deck":["Defend_R","Defend_R","Defend_R","Defend_R","Bash+1","Second Wind","Armaments+1","Wild Strike+1","Seeing Red","Whirlwind+1","Corruption","Double Tap+1","Cleave+1","Shrug It Off+1","RitualDagger+1","Bite","Bite","Bite","Bite","Bite","Barricade+1","True Grit+1","Reckless Charge"],"special_seed":0,"relics":["Burning Blood","Potion Belt","Whetstone","Bloody Idol","Gremlin Horn","Cursed Key","Medical Kit","Bag of Marbles","Dodecahedron"],"potions_floor_usage":[13,16,16,25,33,33],"damage_taken":[{"damage":4.0,"enemies":"Jaw Worm","floor":1.0,"turns":4.0},{"damage":0.0,"enemies":"2 Louse","floor":2.0,"turns":4.0},{"damage":0.0,"enemies":"Small Slimes","floor":3.0,"turns":4.0},{"damage":15.0,"enemies":"Gremlin Gang","floor":4.0,"turns":6.0},{"damage":25.0,"enemies":"Exordium Thugs","floor":5.0,"turns":6.0},{"damage":7,"enemies":"Blue Slaver","floor":7,"turns":4},{"damage":21,"enemies":"3 Sentries","floor":10,"turns":6},{"damage":8,"enemies":"Exordium Wildlife","floor":13,"turns":2},{"damage":36,"enemies":"The Guardian","floor":16,"turns":13},{"damage":25,"enemies":"2 Thieves","floor":18,"turns":3},{"damage":13,"enemies":"3 Byrds","floor":19,"turns":4},{"damage":23,"enemies":"Slavers","floor":25,"turns":3},{"damage":0,"enemies":"Snake Plant","floor":28,"turns":2},{"damage":0,"enemies":"Chosen and Byrds","floor":30,"turns":5},{"damage":0,"enemies":"Cultist and Chosen","floor":31,"turns":5},{"damage":91,"enemies":"Champ","floor":33,"turns":11}],"seed_played":"-4178300561892433802","potions_obtained":[{"floor":1.0,"key":"Dexterity Potion"},{"floor":2.0,"key":"LiquidBronze"},{"floor":3.0,"key":"SkillPotion"},{"floor":10,"key":"Weak Potion"},{"floor":18,"key":"Explosive Potion"},{"floor":30,"key":"Swift Potion"}],"is_trial":false,"path_per_floor":["M","M","M","M","M","R","M","R","T","E","?","?","M","$","R","B",null,"M","M","?","$","?","R","?","E","T","$","M","R","M","M","R","B"],"character_chosen":"IRONCLAD","items_purchased":["Gremlin Horn","Medical Kit"],"campfire_rested":1,"item_purchase_floors":[14,21],"current_hp_per_floor":[80,80,80,71,52,52,51,51,51,36,36,16,14,14,38,8,80,61,54,54,54,48,48,48,44,49,49,56,56,56,56,56,0],"gold":47,"neow_bonus":"TRANSFORM_CARD","is_prod":false,"is_daily":false,"chose_seed":false,"campfire_upgraded":5,"win_rate":0,"timestamp":1571807531,"path_taken":["M","M","M","M","M","R","M","R","T","E","?","?","M","$","R","BOSS","M","M","?","$","?","R","?","E","T","$","M","R","M","M","R","BOSS"],"build_version":"2019-10-22","purchased_purges":3,"victory":false,"max_hp_per_floor":[80,80,80,80,80,80,80,80,80,80,80,80,80,80,80,80,80,80,80,80,80,80,80,56,56,56,56,56,56,56,56,56,56],"card_choices":[{"not_picked":["Rampage","Wild Strike"],"picked":"Armaments","floor":1.0},{"not_picked":["Wild Strike","Feel No Pain","Body Slam"],"picked":"SKIP","floor":2.0},{"not_picked":["Feel No Pain","Body Slam"],"picked":"Wild Strike","floor":2.0},{"not_picked":["Twin Strike","Inflame","Anger"],"picked":"SKIP","floor":3.0},{"not_picked":["Hemokinesis","Iron Wave","Perfected Strike"],"picked":"SKIP","floor":4.0},{"not_picked":["Dropkick","Twin Strike"],"picked":"Seeing Red","floor":5.0},{"not_picked":["Evolve","Cleave"],"picked":"Whirlwind","floor":7},{"not_picked":["Reckless Charge","Iron Wave"],"picked":"Corruption","floor":10},{"not_picked":["Wild Strike","Armaments","Rage"],"picked":"SKIP","floor":13},{"not_picked":["Immolate","Reaper"],"picked":"Double Tap","floor":16},{"not_picked":["Flex","Seeing Red"],"picked":"Cleave+1","floor":18},{"not_picked":["Bloodletting","Thunderclap"],"picked":"Shrug It Off+1","floor":19},{"not_picked":["True Grit","Warcry+1"],"picked":"Barricade","floor":25},{"not_picked":["Body Slam","Cleave"],"picked":"True Grit+1","floor":28},{"not_picked":["Disarm+1","Warcry"],"picked":"Reckless Charge","floor":30},{"not_picked":["Heavy Blade","Clash","Headbutt"],"picked":"SKIP","floor":31}],"player_experience":744671,"relics_obtained":[{"floor":9,"key":"Potion Belt"},{"floor":10,"key":"Whetstone"},{"floor":25,"key":"Bag of Marbles"},{"floor":26,"key":"Dodecahedron"}],"event_choices":[{"damage_healed":0,"gold_gain":175,"player_choice":"AGREE","damage_taken":0,"max_hp_gain":0,"max_hp_loss":0,"event_name":"Liars Game","floor":11,"gold_loss":0,"cards_obtained":["Doubt"]},{"damage_healed":0,"gold_gain":0,"player_choice":"Take Damage","damage_taken":20,"relics_obtained":["Golden Idol"],"max_hp_gain":0,"max_hp_loss":0,"event_name":"Golden Idol","floor":12,"gold_loss":0},{"damage_healed":0,"gold_gain":0,"player_choice":"Gave Idol","damage_taken":0,"relics_obtained":["Bloody Idol"],"max_hp_gain":0,"max_hp_loss":0,"event_name":"Forgotten Altar","floor":20,"relics_lost":["Golden Idol"],"gold_loss":0},{"damage_healed":0,"gold_gain":0,"player_choice":"Joined the Cult","damage_taken":6,"max_hp_gain":0,"max_hp_loss":0,"event_name":"Nest","floor":22,"gold_loss":0,"cards_obtained":["RitualDagger"]},{"damage_healed":0,"gold_gain":0,"player_choice":"Became a vampire","damage_taken":0,"max_hp_gain":0,"max_hp_loss":24,"event_name":"Vampires","floor":24,"gold_loss":0,"cards_obtained":["Bite","Bite","Bite","Bite","Bite"]}],"is_beta":true,"boss_relics":[{"not_picked":["Busted Crown","SlaversCollar"],"picked":"Cursed Key"}],"items_purged_floors":[14,21,27],"is_endless":false,"potions_floor_spawned":[1,2,3,5,10,18,30],"killed_by":"Champ","ascension_level":0}