{"path_per_floor":["M","M","M","?","M","R","E","R","T","E","M","R","?","M","R","B",null,"M","M","M","?","?","R","M","M","T","$","M","M","R","M","R","B",null,"M","?","$","M","M","R","M","?","T","M","M","M","R","?","R","B"],"character_chosen":"IRONCLAD","items_purchased":["Twin Strike","Energy Potion","Finesse","Secret Weapon"],"gold_per_floor":[117,128,145,145,157,157,186,186,264,293,307,307,307,321,321,425,425,437,457,471,471,471,471,482,498,525,427,444,455,455,470,470,565,565,582,582,224,234,246,246,266,266,341,361,381,398,398,0,0,0],"floor_reached":51,"campfire_rested":3,"playtime":3417,"current_hp_per_floor":[76,75,75,59,51,55,32,75,75,63,49,55,55,51,57,20,80,80,68,47,39,39,47,20,11,11,11,11,4,53,39,49,7,80,57,47,47,30,13,66,66,66,66,62,53,45,61,61,77,15],"items_purged":["Normality"],"gold":0,"score":517,"play_id":"e8b5d332-48e6-4bb5-8fbe-f18779fa8c95","is_prod":false,"is_daily":false,"is_ascension_mode":false,"campfire_upgraded":7,"path_taken":["M","M","M","?","M","R","E","R","T","E","M","R","?","M","R","BOSS","M","M","?","?","?","R","M","M","T","$","M","M","R","M","R","BOSS","M","?","$","M","M","R","M","?","T","M","M","?","R","?","R","BOSS"],"build_version":"2018-02-22-PROD2","purchased_purges":2,"victory":true,"master_deck":["Strike_R+1","Strike_R","Strike_R","Strike_R","Strike_R","Defend_R+1","Defend_R","Defend_R","Defend_R","Bash+1","Shrug It Off+1","Sword Boomerang","Sword Boomerang","Offering","Flex+1","Spot Weakness","Disarm","Shrug It Off+1","Demon Form","Pommel Strike+1","Pommel Strike+1","Perfected Strike","Writhe","Clothesline+1","Twin Strike+1","Twin Strike","Perfected Strike+1","Perfected Strike+1","Flex","Impervious","Parasite","Sever Soul+1","Madness","Madness","Finesse","Secret Weapon","Warcry+1","Second Wind+1","Cleave+1","Dual Wield","Pommel Strike+1"],"max_hp_per_floor":[80,80,80,80,80,80,80,80,80,80,80,80,80,80,80,80,80,80,80,80,80,80,80,80,80,80,80,80,80,80,80,80,80,80,80,80,80,80,80,80,80,80,80,80,80,80,80,80,80,80],"relics":["Eternal Feather","Regal Pillow","Letter Opener","Ginger","Snecko Eye","Frozen Egg 2","Bag of Marbles","Calling Bell","Happy Flower","Ornamental Fan","Pantograph","Gremlin Horn","Red Mask"],"card_choices":[{"not_picked":["Entrench","Anger"],"picked":"Shrug It Off"},{"not_picked":["Shrug It Off","Heavy Blade"],"picked":"Sword Boomerang"},{"not_picked":["Warcry","Sever Soul"],"picked":"Sword Boomerang"},{"not_picked":["Bloodletting","Sentinel"],"picked":"Offering"},{"not_picked":["Anger","Cleave"],"picked":"Flex"},{"not_picked":["Shrug It Off","Iron Wave"],"picked":"Spot Weakness"},{"not_picked":["Twin Strike","Wild Strike"],"picked":"Shrug It Off"},{"not_picked":["Juggernaut","Barricade"],"picked":"Demon Form"},{"not_picked":["Clash","Clothesline"],"picked":"Pommel Strike"},{"not_picked":["Warcry","Blood for Blood"],"picked":"Pommel Strike"},{"not_picked":["Body Slam","Twin Strike"],"picked":"Perfected Strike"},{"not_picked":["Hemokinesis","Reckless Charge"],"picked":"Clothesline"},{"not_picked":["Entrench","Pummel"],"picked":"Twin Strike"},{"not_picked":["Bloodletting","Anger"],"picked":"Perfected Strike"},{"not_picked":["Entrench","Headbutt"],"picked":"Perfected Strike"},{"not_picked":["Warcry","Bloodletting"],"picked":"Flex"},{"not_picked":["Berserk","Demon Form"],"picked":"Impervious"},{"not_picked":["Dropkick","Ghostly Armor"],"picked":"Sever Soul"},{"not_picked":["Second Wind","True Grit"],"picked":"Warcry"},{"not_picked":["Iron Wave","Anger"],"picked":"Second Wind"},{"not_picked":["Clash","True Grit"],"picked":"Cleave"},{"not_picked":["Disarm","Wild Strike"],"picked":"Dual Wield"},{"not_picked":["Shrug It Off","Burning Pact"],"picked":"Pommel Strike"}],"player_experience":44554,"potions_floor_usage":[7,7,10,16,29,29,29,39,41,50,50],"damage_taken":[{"damage":4,"enemies":"2 Louse","floor":1,"turns":4},{"damage":1,"enemies":"Jaw Worm","floor":2,"turns":5},{"damage":0,"enemies":"Cultist","floor":3,"turns":3},{"damage":8,"enemies":"Large Slime","floor":5,"turns":9},{"damage":23,"enemies":"Lagavulin","floor":7,"turns":4},{"damage":12,"enemies":"3 Sentries","floor":10,"turns":5},{"damage":14,"enemies":"Gremlin Gang","floor":11,"turns":4},{"damage":4,"enemies":"Exordium Thugs","floor":14,"turns":2},{"damage":37,"enemies":"Slime Boss","floor":16,"turns":6},{"damage":0,"enemies":"Chosen","floor":18,"turns":3},{"damage":12,"enemies":"2 Thieves","floor":19,"turns":5},{"damage":21,"enemies":"Snake Plant","floor":20,"turns":3},{"damage":27,"enemies":"Chosen and Byrds","floor":24,"turns":4},{"damage":9,"enemies":"3 Cultists","floor":25,"turns":4},{"damage":0,"enemies":"Cultist and Chosen","floor":28,"turns":5},{"damage":7,"enemies":"Slaver and Parasite","floor":29,"turns":3},{"damage":14,"enemies":"Snecko","floor":31,"turns":3},{"damage":42,"enemies":"Automaton","floor":33,"turns":6},{"damage":23,"enemies":"Orb Walker","floor":35,"turns":3},{"damage":17,"enemies":"3 Darklings","floor":38,"turns":3},{"damage":17,"enemies":"4 Shapes","floor":39,"turns":5},{"damage":0,"enemies":"Maw","floor":41,"turns":4},{"damage":4,"enemies":"3 Darklings","floor":44,"turns":2},{"damage":9,"enemies":"Sphere and 2 Shapes","floor":45,"turns":2},{"damage":8,"enemies":"Maw","floor":46,"turns":6},{"damage":65,"enemies":"Time Eater","floor":50,"turns":7}],"event_choices":[{"event_name":"Shining Light","player_choice":"Entered Light","floor":4,"damage_taken":0},{"event_name":"Match and Keep!","player_choice":"1 cards matched","floor":13,"damage_taken":0},{"event_name":"Knowing Skull","player_choice":"","floor":21,"damage_taken":0},{"event_name":"The Mausoleum","player_choice":"Yes","floor":22,"damage_taken":0},{"event_name":"Winding Halls","player_choice":"Embrace Madness","floor":36,"damage_taken":0},{"event_name":"Purifier","player_choice":"One Purge","floor":42,"damage_taken":0},{"event_name":"Tomb of Lord Red Mask","player_choice":"Paid","floor":48,"damage_taken":0}],"boss_relics":[{"not_picked":["Astrolabe","Philosopher\u0027s Stone"],"picked":"Snecko Eye"},{"not_picked":["Question Card","Black Star"],"picked":"Calling Bell"}],"potions_floor_spawned":[2,3,5,10,24,28,29,31,33,35,41,44,46],"seed_played":"3925443329168395469","ascension_level":0,"is_trial":false}