{"path_per_floor":["M","M","?","M","M","R","M","R","T","M","E","M","M","?","R","B",null,"M","$","M","M","?"],"character_chosen":"IRONCLAD","items_purchased":["Offering"],"gold_per_floor":[119,129,129,145,164,164,176,176,202,217,246,258,270,270,270,371,401,417,192,208,224,314],"floor_reached":23,"campfire_rested":0,"playtime":1538,"current_hp_per_floor":[80,80,73,72,71,71,65,65,65,64,56,58,59,59,59,18,85,71,71,69,47,31],"items_purged":["Strike_R"],"gold":314,"score":197,"play_id":"eee8cf6b-90d3-404c-b4c3-8ca1537cbf00","is_prod":false,"is_daily":false,"is_ascension_mode":false,"campfire_upgraded":3,"path_taken":["M","M","?","M","M","R","M","R","T","M","E","M","M","?","R","BOSS","M","$","M","M","?","E"],"build_version":"2018-02-08-PROD1","purchased_purges":1,"victory":false,"master_deck":["Strike_R","Strike_R","Defend_R","Defend_R","Defend_R","Defend_R","Bash+1","Pummel+1","Iron Wave","Clash","Shrug It Off+1","Sword Boomerang","Searing Blow+1","Cleave","Fire Breathing","Offering","Shrug It Off"],"max_hp_per_floor":[80,80,80,80,80,80,80,80,80,80,80,80,80,80,80,80,85,85,85,85,85,85],"relics":["Burning Blood","Bronze Scales","Matryoshka","Tiny House"],"card_choices":[{"not_picked":["Hemokinesis","True Grit"],"picked":"Pummel"},{"not_picked":["Corruption","Warcry"],"picked":"Iron Wave"},{"not_picked":["Clothesline","Warcry"],"picked":"Clash"},{"not_picked":["Twin Strike","Pommel Strike"],"picked":"Shrug It Off"},{"not_picked":["Anger","Wild Strike"],"picked":"Sword Boomerang"},{"not_picked":["Second Wind","Brutality"],"picked":"Searing Blow"},{"not_picked":["Anger","Shrug It Off"],"picked":"Cleave"},{"not_picked":["Uppercut","Armaments"],"picked":"Shrug It Off"}],"player_experience":36680,"potions_floor_usage":[11,11,21,23],"damage_taken":[{"damage":6,"enemies":"Jaw Worm","floor":1,"turns":3},{"damage":1,"enemies":"Cultist","floor":2,"turns":3},{"damage":7,"enemies":"2 Louse","floor":4,"turns":2},{"damage":7,"enemies":"Lots of Slimes","floor":5,"turns":6},{"damage":12,"enemies":"Looter","floor":7,"turns":3},{"damage":7,"enemies":"2 Fungi Beasts","floor":10,"turns":2},{"damage":14,"enemies":"3 Sentries","floor":11,"turns":4},{"damage":4,"enemies":"Gremlin Gang","floor":12,"turns":4},{"damage":5,"enemies":"Looter","floor":13,"turns":3},{"damage":47,"enemies":"Slime Boss","floor":16,"turns":9},{"damage":20,"enemies":"Spheric Guardian","floor":18,"turns":4},{"damage":8,"enemies":"2 Thieves","floor":20,"turns":4},{"damage":28,"enemies":"Sentry and Sphere","floor":21,"turns":4},{"damage":51,"enemies":"Book of Stabbing","floor":23,"turns":6}],"event_choices":[{"event_name":"Golden Wing","player_choice":"Card Removal","floor":3,"damage_taken":0},{"event_name":"Transmorgrifier","player_choice":"Transform","floor":14,"damage_taken":0},{"event_name":"Knowing Skull","player_choice":"GOLD ","floor":22,"damage_taken":0}],"boss_relics":[{"not_picked":["Calling Bell","Snecko Eye"],"picked":"Tiny House"}],"potions_floor_spawned":[1,2,7,10,13,16,21],"seed_played":"5532344855792268367","killed_by":"Book of Stabbing","ascension_level":0,"is_trial":false}