{"path_per_floor":["M","?","M","M","M","R","E","R","T","$","?","M","M","M","R","B",null,"M","?","$","?","M","T","R","M","T","R","M","R","?","M","R","B",null,"M","M","?","M","?","R","$","R","T","M","M","E","M","M","R","B"],"character_chosen":"IRONCLAD","items_purchased":["Bottled Lightning","Double Tap","Vajra","Dream Catcher"],"gold_per_floor":[115,190,203,217,228,228,260,260,285,35,335,345,364,379,379,474,474,485,385,310,310,326,326,326,345,420,420,440,440,440,451,451,546,546,565,583,583,596,596,596,54,54,123,143,163,195,211,228,228,228],"floor_reached":51,"campfire_rested":2,"playtime":3838,"current_hp_per_floor":[80,69,70,74,75,75,45,45,45,45,33,37,42,44,44,11,80,80,80,80,80,83,83,83,80,80,80,68,68,68,83,83,53,83,63,74,74,55,55,79,79,79,79,74,60,73,75,54,83,36],"items_purged":["Strike_R","Strike_R"],"gold":228,"score":508,"play_id":"44b789be-08b0-4bb3-bfb1-6ccf31f0c32d","is_prod":false,"is_daily":false,"is_ascension_mode":false,"campfire_upgraded":8,"path_taken":["M","?","M","M","M","R","E","R","T","$","?","M","M","M","R","BOSS","M","?","$","?","M","?","R","M","T","R","M","R","?","M","R","BOSS","M","M","?","M","?","R","$","R","T","M","M","E","M","?","R","BOSS"],"build_version":"2018-02-22-PROD2","purchased_purges":3,"victory":true,"master_deck":["Strike_R+1","Strike_R","Strike_R","Defend_R","Defend_R","Defend_R","Defend_R","Bash+1","Twin Strike","Headbutt+1","Sword Boomerang+1","Infernal Blade+1","Flex+1","Reaper+1","Sword Boomerang+1","J.A.X.+1","Sword Boomerang+1","Heavy Blade+1","Offering","Ghostly Armor+1","Clash","Double Tap+1","Pummel+1"],"max_hp_per_floor":[80,80,80,80,80,80,80,80,80,80,80,80,80,80,80,80,80,80,80,80,80,83,83,83,83,83,83,83,83,83,83,83,83,83,83,83,83,83,83,83,83,83,83,83,83,83,83,83,83,83],"relics":["Burning Blood","Whetstone","Bag of Preparation","Oddly Smooth Stone","Bottled Lightning","Old Coin","Sozu","Charon\u0027s Ashes","Bottled Flame","Runic Dome","Vajra","Dream Catcher","Shuriken","Regal Pillow"],"card_choices":[{"not_picked":["Pummel","Thunderclap"],"picked":"Twin Strike"},{"not_picked":["Juggernaut","Disarm"],"picked":"Headbutt"},{"not_picked":["Armaments","Pommel Strike"],"picked":"Sword Boomerang"},{"not_picked":["Metallicize","Rage"],"picked":"Infernal Blade"},{"not_picked":["Dark Embrace","Intimidate"],"picked":"Flex"},{"not_picked":["Exhume","Barricade"],"picked":"Reaper"},{"not_picked":["Havoc","Anger"],"picked":"Sword Boomerang"},{"not_picked":["Carnage","Flex"],"picked":"Sword Boomerang"},{"not_picked":["Body Slam","Perfected Strike"],"picked":"Heavy Blade"},{"not_picked":["Barricade","Bludgeon"],"picked":"Offering"},{"not_picked":["Intimidate","Body Slam"],"picked":"Ghostly Armor"},{"not_picked":["Cleave","Carnage"],"picked":"Clash"},{"not_picked":["Ghostly Armor","Warcry"],"picked":"Pummel"}],"player_experience":50165,"potions_floor_usage":[16,50,50,50],"damage_taken":[{"damage":1,"enemies":"Jaw Worm","floor":1,"turns":4},{"damage":5,"enemies":"2 Louse","floor":3,"turns":2},{"damage":2,"enemies":"Small Slimes","floor":4,"turns":3},{"damage":5,"enemies":"3 Louse","floor":5,"turns":5},{"damage":36,"enemies":"Lagavulin","floor":7,"turns":5},{"damage":2,"enemies":"Large Slime","floor":12,"turns":4},{"damage":1,"enemies":"Blue Slaver","floor":13,"turns":2},{"damage":4,"enemies":"Looter","floor":14,"turns":2},{"damage":39,"enemies":"Hexaghost","floor":16,"turns":9},{"damage":0,"enemies":"Chosen","floor":18,"turns":3},{"damage":7,"enemies":"3 Byrds","floor":22,"turns":3},{"damage":9,"enemies":"Centurion and Healer","floor":25,"turns":3},{"damage":18,"enemies":"Snake Plant","floor":28,"turns":3},{"damage":0,"enemies":"Cultist and Chosen","floor":31,"turns":4},{"damage":39,"enemies":"Automaton","floor":33,"turns":6},{"damage":26,"enemies":"3 Shapes","floor":35,"turns":1},{"damage":7,"enemies":"Orb Walker","floor":36,"turns":2},{"damage":34,"enemies":"4 Shapes","floor":38,"turns":4},{"damage":11,"enemies":"Sphere and 2 Shapes","floor":44,"turns":2},{"damage":28,"enemies":"Maw","floor":45,"turns":4},{"damage":20,"enemies":"Giant Head","floor":46,"turns":2},{"damage":4,"enemies":"3 Darklings","floor":47,"turns":2},{"damage":27,"enemies":"Sphere and 2 Shapes","floor":48,"turns":2},{"damage":69,"enemies":"Donu and Deca","floor":50,"turns":5}],"event_choices":[{"event_name":"World of Goop","player_choice":"Gather Gold","floor":2,"damage_taken":0},{"event_name":"Scrap Ooze","player_choice":"success","floor":11,"damage_taken":12},{"event_name":"Drug Dealer","player_choice":"Got JAXXED","floor":19,"damage_taken":0},{"event_name":"Vampires","player_choice":"Ignored","floor":21,"damage_taken":0},{"event_name":"The Woman in Blue","player_choice":"Bought 0 Potions","floor":30,"damage_taken":0},{"event_name":"Mysterious Sphere","player_choice":"Ignore","floor":37,"damage_taken":0},{"event_name":"Tomb of Lord Red Mask","player_choice":"Ignored","floor":39,"damage_taken":0}],"boss_relics":[{"not_picked":["Orrery","White Beast Statue"],"picked":"Sozu"},{"not_picked":["Velvet Choker","Calling Bell"],"picked":"Runic Dome"}],"potions_floor_spawned":[1,7,12,14,16,25,31,33,36,45,46],"seed_played":"-4527216518386610595","ascension_level":0,"is_trial":false}