{"gold_per_floor":[119,135,147,166,179,179,212,9,61,61,80,92,102,128,128,227,227,210,229,229,229,245,279,279,295,375,389,424,424,424,437,437,540,540,551,33,51,65,75,109,121,145,237,265,277,389,401,745,757,769,781,793,329,355,355],"floor_reached":56,"playtime":4842,"items_purged":["Cleave"],"score":1390,"play_id":"f4c140b9-e0f3-4230-8570-8a6df3d9092a","local_time":"20190917110634","is_ascension_mode":false,"campfire_choices":[{"data":"Iron Wave","floor":6.0,"key":"SMITH"},{"floor":10.0,"key":"REST"},{"floor":15.0,"key":"DIG"},{"floor":24.0,"key":"RECALL"},{"floor":30.0,"key":"DIG"},{"floor":32.0,"key":"DIG"},{"floor":41.0,"key":"DIG"},{"floor":45.0,"key":"DIG"},{"data":"Heavy Blade","floor":47.0,"key":"SMITH"},{"data":"Iron Wave","floor":49.0,"key":"SMITH"},{"floor":52.0,"key":"DIG"}],"neow_cost":"PERCENT_DAMAGE","seed_source_timestamp":288313547670800,"circlet_count":0,"master_deck":["Defend_R","Defend_R","Defend_R","Defend_R","Bash","Metallicize","Pommel Strike","Iron Wave+1","Disarm","Inflame","Feed","Shrug It Off","Searing Blow","Brutality","Headbutt","Offering","Metallicize","Ghostly Armor+1","Bite","Bite","Bite","Bite","Bite","Flame Barrier","Demon Form+1","Metallicize+1","Impervious+1","Heavy Blade+1","Iron Wave+1","Exhume","Shrug It Off+1","Clothesline+1","Seeing Red+1","Demon Form+1","Blood for Blood","Secret Weapon+1","Brutality+1"],"special_seed":0,"relics":["Burning Blood","Shovel","Mercury Hourglass","Bag of Marbles","Pantograph","PreservedInsect","Black Star","Magic Flower","Sundial","Frozen Egg 2","Oddly Smooth Stone","Meat on the Bone","Anchor","Snecko Eye","OrangePellets","Mango","MawBank","FossilizedHelix","Bottled Lightning","Blood Vial","Unceasing Top","Old Coin","Boot","Kunai","War Paint","Strawberry"],"potions_floor_usage":[55,55,55],"damage_taken":[{"damage":6.0,"enemies":"2 Louse","floor":1.0,"turns":3.0},{"damage":6.0,"enemies":"Cultist","floor":2.0,"turns":3.0},{"damage":0.0,"enemies":"Small Slimes","floor":3.0,"turns":3.0},{"damage":7.0,"enemies":"Blue Slaver","floor":4.0,"turns":4.0},{"damage":27.0,"enemies":"Exordium Thugs","floor":5.0,"turns":6.0},{"damage":26.0,"enemies":"Lagavulin","floor":7.0,"turns":10.0},{"damage":7.0,"enemies":"Large Slime","floor":11.0,"turns":6.0},{"damage":0.0,"enemies":"Exordium Wildlife","floor":12.0,"turns":2.0},{"damage":2.0,"enemies":"Looter","floor":13.0,"turns":2.0},{"damage":38.0,"enemies":"3 Sentries","floor":14.0,"turns":7.0},{"damage":25.0,"enemies":"The Guardian","floor":16.0,"turns":14.0},{"damage":24.0,"enemies":"2 Thieves","floor":18.0,"turns":4.0},{"damage":25.0,"enemies":"Shell Parasite","floor":19.0,"turns":8.0},{"damage":26.0,"enemies":"Sentry and Sphere","floor":22.0,"turns":9.0},{"damage":43.0,"enemies":"Slavers","floor":23.0,"turns":6.0},{"damage":15.0,"enemies":"Chosen and Byrds","floor":25.0,"turns":8.0},{"damage":24.0,"enemies":"Cultist and Chosen","floor":27.0,"turns":7.0},{"damage":40.0,"enemies":"Gremlin Leader","floor":28.0,"turns":5.0},{"damage":27.0,"enemies":"Snecko","floor":31.0,"turns":6.0},{"damage":127.0,"enemies":"Collector","floor":33.0,"turns":17.0},{"damage":18.0,"enemies":"3 Darklings","floor":35.0,"turns":6.0},{"damage":31.0,"enemies":"Orb Walker","floor":37.0,"turns":6.0},{"damage":15.0,"enemies":"Sphere and 2 Shapes","floor":38.0,"turns":11.0},{"damage":34.0,"enemies":"Jaw Worm Horde","floor":39.0,"turns":7.0},{"damage":87.0,"enemies":"Reptomancer","floor":40.0,"turns":11.0},{"damage":17.0,"enemies":"Maw","floor":42.0,"turns":8.0},{"damage":2.0,"enemies":"4 Shapes","floor":44.0,"turns":6.0},{"damage":29.0,"enemies":"Mind Bloom Boss Battle","floor":46.0,"turns":8.0},{"damage":45.0,"enemies":"Giant Head","floor":48.0,"turns":8.0},{"damage":31.0,"enemies":"Time Eater","floor":50.0,"turns":9.0},{"damage":30.0,"enemies":"Shield and Spear","floor":54.0,"turns":6.0},{"damage":105,"enemies":"The Heart","floor":55,"turns":9}],"seed_played":"-7865102184987266352","potions_obtained":[{"floor":5.0,"key":"FearPotion"},{"floor":7.0,"key":"Poison Potion"},{"floor":12.0,"key":"Swift Potion"},{"floor":13.0,"key":"EssenceOfSteel"},{"floor":14.0,"key":"Fire Potion"},{"floor":22.0,"key":"Weak Potion"},{"floor":28.0,"key":"Fire Potion"},{"floor":38.0,"key":"Explosive Potion"},{"floor":39.0,"key":"Explosive Potion"},{"floor":42.0,"key":"EssenceOfSteel"},{"floor":44.0,"key":"Strength Potion"},{"floor":48.0,"key":"PowerPotion"}],"is_trial":false,"path_per_floor":["M","M","M","M","M","R","E","$","T","R","M","M","M","E","R","B",null,"M","M","?","?","M","E","R","M","T","M","E","?","R","M","R","B",null,"M","$","M","M","M","E","R","M","T","M","R","?","R","E","R","B",null,"R","$","E","B",null],"character_chosen":"IRONCLAD","items_purchased":["Feed","Shrug It Off","Metallicize+1","Impervious","Heavy Blade","OrangePellets","Strength Potion","Demon Form+1","Blood for Blood","Secret Weapon"],"campfire_rested":1,"item_purchase_floors":[8,8,36,36,36,36,36,53,53,53],"current_hp_per_floor":[56,56,62,61,40,40,20,20,20,44,46,52,56,27,27,36,89,71,55,55,55,58,38,38,64,64,76,60,60,60,65,65,36,79,79,79,65,82,71,61,61,74,74,86,86,102,102,83,83,101,105,105,105,109,40],"gold":355,"neow_bonus":"ONE_RARE_RELIC","is_prod":false,"is_daily":false,"chose_seed":false,"campfire_upgraded":3,"win_rate":0,"timestamp":1568685994,"path_taken":["M","M","M","M","M","R","E","$","T","R","M","M","M","E","R","BOSS","M","M","?","?","M","E","R","M","T","?","E","?","R","M","R","BOSS","M","$","M","?","M","E","R","M","T","M","R","?","R","E","R","BOSS","R","$","E","BOSS"],"build_version":"2019-07-17","purchased_purges":1,"victory":true,"max_hp_per_floor":[80,80,80,80,80,80,80,80,80,80,83,83,83,86,86,89,89,89,92,64,64,67,70,70,73,73,76,76,76,76,79,79,79,79,79,79,79,82,85,99,99,99,99,102,102,105,105,105,105,105,105,105,105,112,112],"card_choices":[{"not_picked":["Clothesline","Sword Boomerang"],"picked":"Metallicize","floor":1.0},{"not_picked":["Havoc","Infernal Blade"],"picked":"Pommel Strike","floor":2.0},{"not_picked":["Clothesline","Burning Pact"],"picked":"Iron Wave","floor":3.0},{"not_picked":["Bloodletting","Reaper","Sever Soul"],"picked":"SKIP","floor":4.0},{"not_picked":["Heavy Blade","Headbutt"],"picked":"Disarm","floor":5.0},{"not_picked":["Sever Soul","Warcry"],"picked":"Inflame","floor":7.0},{"not_picked":["Sentinel","Anger"],"picked":"Cleave","floor":11.0},{"not_picked":["Rampage","Body Slam"],"picked":"Searing Blow","floor":12.0},{"not_picked":["Corruption","Anger"],"picked":"Brutality","floor":13.0},{"not_picked":["Dark Embrace","Heavy Blade"],"picked":"Headbutt","floor":14.0},{"not_picked":["Brutality","Berserk"],"picked":"Offering","floor":16.0},{"not_picked":["Thunderclap","Intimidate"],"picked":"Metallicize","floor":18.0},{"not_picked":["Thunderclap","Warcry"],"picked":"Ghostly Armor","floor":19.0},{"not_picked":["Evolve","Havoc","Fire Breathing+1"],"picked":"SKIP","floor":22.0},{"not_picked":["Second Wind","Iron Wave"],"picked":"Flame Barrier","floor":23.0},{"not_picked":["Second Wind","Feel No Pain","Infernal Blade"],"picked":"SKIP","floor":25.0},{"not_picked":["Armaments","Double Tap","Pommel Strike+1"],"picked":"SKIP","floor":27.0},{"not_picked":["Carnage","Thunderclap","Whirlwind+1"],"picked":"SKIP","floor":28.0},{"not_picked":["Shrug It Off","Clash","Headbutt+1"],"picked":"SKIP","floor":31.0},{"not_picked":["Dark Embrace+1","Exhume"],"picked":"Demon Form+1","floor":33.0},{"not_picked":["Perfected Strike","Havoc+1","True Grit+1"],"picked":"SKIP","floor":35.0},{"not_picked":["Havoc","Spot Weakness+1"],"picked":"Iron Wave","floor":37.0},{"not_picked":["Pommel Strike","Combust+1"],"picked":"Exhume","floor":38.0},{"not_picked":["Ghostly Armor","Fire Breathing+1","Perfected Strike"],"picked":"SKIP","floor":39.0},{"not_picked":["Sword Boomerang","Havoc"],"picked":"Shrug It Off+1","floor":40.0},{"not_picked":["Sever Soul+1","Fire Breathing+1"],"picked":"Clothesline+1","floor":42.0},{"not_picked":["Anger","Shrug It Off+1","Burning Pact+1"],"picked":"SKIP","floor":44.0},{"not_picked":["Ghostly Armor+1","Evolve+1"],"picked":"Seeing Red+1","floor":48.0},{"not_picked":["Pommel Strike","Cleave+1"],"picked":"Brutality+1","floor":54.0}],"player_experience":383271,"relics_obtained":[{"floor":7.0,"key":"Mercury Hourglass"},{"floor":9.0,"key":"Bag of Marbles"},{"floor":14.0,"key":"Pantograph"},{"floor":15.0,"key":"PreservedInsect"},{"floor":23.0,"key":"Magic Flower"},{"floor":23.0,"key":"Sundial"},{"floor":28.0,"key":"Frozen Egg 2"},{"floor":28.0,"key":"Oddly Smooth Stone"},{"floor":30.0,"key":"Meat on the Bone"},{"floor":32.0,"key":"Anchor"},{"floor":40.0,"key":"Mango"},{"floor":40.0,"key":"MawBank"},{"floor":41.0,"key":"FossilizedHelix"},{"floor":43.0,"key":"Bottled Lightning"},{"floor":45.0,"key":"Blood Vial"},{"floor":46.0,"key":"Unceasing Top"},{"floor":48.0,"key":"Old Coin"},{"floor":48.0,"key":"Boot"},{"floor":52.0,"key":"Kunai"},{"floor":54.0,"key":"War Paint"},{"floor":54.0,"key":"Strawberry"}],"event_choices":[{"damage_healed":0.0,"max_hp_gain":0.0,"max_hp_loss":28.0,"gold_gain":0.0,"event_name":"Vampires","player_choice":"Became a vampire","floor":20.0,"gold_loss":0.0,"damage_taken":0.0,"cards_obtained":["Bite","Bite","Bite","Bite","Bite"]},{"damage_healed":0.0,"max_hp_gain":0.0,"max_hp_loss":0.0,"gold_gain":0.0,"event_name":"Upgrade Shrine","player_choice":"Upgraded","floor":21.0,"gold_loss":0.0,"damage_taken":0.0,"cards_upgraded":["Ghostly Armor"]},{"damage_healed":0.0,"max_hp_gain":0.0,"max_hp_loss":0.0,"gold_gain":0.0,"event_name":"Lab","player_choice":"Got Potions","floor":29.0,"gold_loss":0.0,"damage_taken":0.0},{"damage_healed":0.0,"max_hp_gain":0.0,"max_hp_loss":0.0,"gold_gain":0.0,"event_name":"MindBloom","player_choice":"Fight","floor":46.0,"gold_loss":0.0,"damage_taken":0.0}],"is_beta":false,"boss_relics":[{"not_picked":["White Beast Statue","Orrery"],"picked":"Black Star"},{"not_picked":["Runic Cube","Sozu"],"picked":"Snecko Eye"}],"items_purged_floors":[53],"is_endless":false,"potions_floor_spawned":[5,7,12,13,14,22,27,28,31,38,39,42,44,48],"ascension_level":0}