{"gold_per_floor":[115,133,54,65,65,92,110,110,160,170,198,217,182,198,198,272,272,283,296,74,74,74,74,88,115,115,115,125,125,137,37,37,112,112,127,2,0,0,18,18,18,18,42,54,54,73,73,95,95,95],"floor_reached":50,"playtime":2137,"items_purged":["Strike_B","Strike_B","Strike_B"],"score":806,"play_id":"be211552-be35-4952-b960-b8a54ab6a2bc","local_time":"20191024004106","is_ascension_mode":true,"campfire_choices":[{"floor":8.0,"key":"REST"},{"data":"Rainbow","floor":15.0,"key":"SMITH"},{"data":"Electrodynamics","floor":23.0,"key":"SMITH"},{"floor":27.0,"key":"REST"},{"floor":32.0,"key":"REST"},{"data":"Glacier","floor":40.0,"key":"SMITH"},{"floor":45.0,"key":"REST"},{"floor":49,"key":"REST"}],"neow_cost":"NONE","seed_source_timestamp":3470937885931300,"circlet_count":0,"master_deck":["AscendersBane","Defend_B","Defend_B","Defend_B","Defend_B","Zap","Dualcast","Chaos","Self Repair","Cold Snap","Steam","Compile Driver","Doom and Gloom","Ball Lightning","Rainbow+1","BootSequence","Ball Lightning","Electrodynamics+1","Thunder Strike","Glacier+1","Electrodynamics","Machine Learning","Metamorphosis","Parasite"],"special_seed":0,"relics":["Cracked Core","Blue Candle","Dream Catcher","DataDisk","Snecko Eye","Nilry\u0027s Codex","CaptainsWheel","Bottled Tornado","Empty Cage","Red Mask","CeramicFish"],"potions_floor_usage":[50,50],"damage_taken":[{"damage":3.0,"enemies":"Jaw Worm","floor":1.0,"turns":4.0},{"damage":10.0,"enemies":"Small Slimes","floor":2.0,"turns":3.0},{"damage":0.0,"enemies":"2 Louse","floor":4.0,"turns":3.0},{"damage":62.0,"enemies":"Gremlin Nob","floor":6.0,"turns":6.0},{"damage":0.0,"enemies":"Large Slime","floor":7.0,"turns":3.0},{"damage":6.0,"enemies":"3 Louse","floor":10.0,"turns":4.0},{"damage":30.0,"enemies":"Lagavulin","floor":11.0,"turns":5.0},{"damage":1.0,"enemies":"Looter","floor":12.0,"turns":3.0},{"damage":3.0,"enemies":"Blue Slaver","floor":14.0,"turns":3.0},{"damage":18.0,"enemies":"Slime Boss","floor":16.0,"turns":9.0},{"damage":2.0,"enemies":"3 Byrds","floor":18.0,"turns":3.0},{"damage":0.0,"enemies":"Spheric Guardian","floor":19.0,"turns":3.0},{"damage":16.0,"enemies":"Chosen and Byrds","floor":24.0,"turns":4.0},{"damage":23.0,"enemies":"Book of Stabbing","floor":25.0,"turns":6.0},{"damage":1.0,"enemies":"Snake Plant","floor":28.0,"turns":3.0},{"damage":2.0,"enemies":"Colosseum Slavers","floor":29.0,"turns":2.0},{"damage":0.0,"enemies":"3 Cultists","floor":30.0,"turns":2.0},{"damage":42.0,"enemies":"Automaton","floor":33.0,"turns":7.0},{"damage":11.0,"enemies":"Orb Walker","floor":35.0,"turns":3.0},{"damage":4.0,"enemies":"3 Shapes","floor":39.0,"turns":2.0},{"damage":20.0,"enemies":"3 Darklings","floor":44.0,"turns":3.0},{"damage":20.0,"enemies":"4 Shapes","floor":46.0,"turns":2.0},{"damage":31,"enemies":"Writhing Mass","floor":48,"turns":5},{"damage":43,"enemies":"Awakened One","floor":50,"turns":4}],"seed_played":"-7079054782285637965","potions_obtained":[{"floor":1.0,"key":"EssenceOfDarkness"},{"floor":4.0,"key":"SteroidPotion"},{"floor":12.0,"key":"Ancient Potion"},{"floor":16.0,"key":"DistilledChaos"},{"floor":18.0,"key":"Ancient Potion"},{"floor":24.0,"key":"SkillPotion"},{"floor":25.0,"key":"Strength Potion"},{"floor":30.0,"key":"FocusPotion"},{"floor":46.0,"key":"EssenceOfSteel"}],"is_trial":false,"path_per_floor":["M","M","$","M","$","E","M","R","T","M","E","M","?","M","R","B",null,"M","M","$","?","$","R","M","E","T","R","M","?","M","$","R","B",null,"M","$","?","?","M","R","?","?","T","M","R","M","$","M","R","B"],"character_chosen":"DEFECT","items_purchased":["Cold Snap","Steam","Thunder Strike"],"campfire_rested":5,"item_purchase_floors":[3,3,20],"current_hp_per_floor":[68,58,58,65,65,10,10,33,33,34,11,17,36,40,40,22,64,69,69,69,53,53,53,37,14,14,37,36,34,34,34,57,22,64,53,53,53,53,49,49,49,49,49,29,52,32,32,8,31,0],"gold":95,"neow_bonus":"TEN_PERCENT_HP_BONUS","is_prod":false,"is_daily":false,"chose_seed":false,"campfire_upgraded":3,"win_rate":0,"timestamp":1571870466,"path_taken":["M","M","$","M","$","E","M","R","T","M","E","M","?","M","R","BOSS","M","M","$","?","$","R","M","E","T","R","M","?","M","$","R","BOSS","M","$","?","?","M","R","?","?","T","M","R","M","?","M","R","BOSS"],"build_version":"2019-10-23","purchased_purges":3,"victory":false,"max_hp_per_floor":[78,78,78,78,78,78,78,78,78,78,78,78,78,78,78,78,78,78,78,78,78,78,78,78,78,78,78,78,78,78,78,78,78,78,78,78,78,78,78,78,78,78,78,78,78,78,78,78,78,78],"card_choices":[{"not_picked":["Chill","Turbo"],"picked":"Chaos","floor":1.0},{"not_picked":["Coolheaded","Stack"],"picked":"Self Repair","floor":2.0},{"not_picked":["Blizzard","Static Discharge"],"picked":"Compile Driver","floor":4.0},{"not_picked":["Turbo","Tempest"],"picked":"Doom and Gloom","floor":6.0},{"not_picked":["Auto Shields","Redo"],"picked":"Rip and Tear","floor":7.0},{"not_picked":["Beam Cell","Heatsinks"],"picked":"Ball Lightning","floor":10.0},{"not_picked":["Barrage","Conserve Battery"],"picked":"Rainbow","floor":11.0},{"not_picked":["Go for the Eyes","Conserve Battery"],"picked":"BootSequence","floor":12.0},{"not_picked":["White Noise","Sweeping Beam"],"picked":"Ball Lightning","floor":14.0},{"not_picked":["Fission","Rainbow"],"picked":"Electrodynamics","floor":16.0},{"not_picked":["Rebound+1","BootSequence","Stack"],"picked":"SKIP","floor":18.0},{"not_picked":["Leap","Cold Snap","FTL"],"picked":"SKIP","floor":19.0},{"not_picked":["Skim","Chaos+1","Redo"],"picked":"SKIP","floor":24.0},{"not_picked":["Consume","Gash"],"picked":"Glacier","floor":25.0},{"not_picked":["Ball Lightning+1","Compile Driver"],"picked":"Electrodynamics","floor":27.0},{"not_picked":["Go for the Eyes","Hologram","Stack"],"picked":"SKIP","floor":28.0},{"not_picked":["Rebound","Redo"],"picked":"Machine Learning","floor":30.0},{"not_picked":["Electrodynamics","Core Surge"],"picked":"Hyperbeam","floor":33.0},{"not_picked":["Turbo","Reinforced Body","Sweeping Beam"],"picked":"SKIP","floor":35.0},{"not_picked":["Leap","Gash","Steam+1"],"picked":"SKIP","floor":39.0},{"not_picked":["Forethought","Finesse"],"picked":"Metamorphosis","floor":42.0},{"not_picked":["Cold Snap","Undo+1","Coolheaded"],"picked":"SKIP","floor":44.0},{"not_picked":["Hologram","Steam","BootSequence"],"picked":"SKIP","floor":46.0},{"not_picked":["Gash","Aggregate","Turbo+1"],"picked":"SKIP","floor":48}],"player_experience":506368,"relics_obtained":[{"floor":6.0,"key":"Blue Candle"},{"floor":9.0,"key":"Dream Catcher"},{"floor":11.0,"key":"DataDisk"},{"floor":21.0,"key":"Nilry\u0027s Codex"},{"floor":25.0,"key":"CaptainsWheel"},{"floor":26.0,"key":"Bottled Tornado"},{"floor":43.0,"key":"CeramicFish"}],"event_choices":[{"damage_healed":19.0,"max_hp_gain":0.0,"max_hp_loss":0.0,"gold_gain":0.0,"event_name":"The Cleric","player_choice":"Healed","floor":13.0,"gold_loss":35.0,"damage_taken":0.0},{"damage_healed":0.0,"max_hp_gain":0.0,"max_hp_loss":0.0,"gold_gain":0.0,"event_name":"Cursed Tome","player_choice":"Obtained Book","floor":21.0,"gold_loss":0.0,"damage_taken":16.0},{"damage_healed":0.0,"max_hp_gain":0.0,"max_hp_loss":0.0,"gold_gain":0.0,"event_name":"Colosseum","player_choice":"Fight","floor":29.0,"gold_loss":0.0,"damage_taken":0.0},{"damage_healed":0.0,"max_hp_gain":0.0,"max_hp_loss":0.0,"gold_gain":0.0,"event_name":"Colosseum","player_choice":"Fled From Nobs","floor":29.0,"gold_loss":0.0,"damage_taken":0.0},{"damage_healed":0.0,"max_hp_gain":0.0,"max_hp_loss":0.0,"gold_gain":0.0,"event_name":"Tomb of Lord Red Mask","player_choice":"Paid","floor":37.0,"gold_loss":2.0,"damage_taken":0.0,"relics_obtained":["Red Mask"]},{"damage_healed":0.0,"max_hp_gain":0.0,"max_hp_loss":0.0,"gold_gain":0.0,"event_name":"Mysterious Sphere","player_choice":"Ignored","floor":38.0,"gold_loss":0.0,"damage_taken":0.0},{"cards_removed":["Rip and Tear"],"damage_healed":0.0,"max_hp_gain":0.0,"max_hp_loss":0.0,"gold_gain":0.0,"event_name":"Falling","player_choice":"Removed Attack","floor":41.0,"gold_loss":0.0,"damage_taken":0.0},{"damage_healed":0.0,"max_hp_gain":0.0,"max_hp_loss":0.0,"gold_gain":0.0,"event_name":"SensoryStone","player_choice":"Memory 1","floor":42.0,"gold_loss":0.0,"damage_taken":0.0}],"is_beta":true,"boss_relics":[{"not_picked":["Philosopher\u0027s Stone","SlaversCollar"],"picked":"Snecko Eye"},{"not_picked":["Runic Pyramid","Tiny House"],"picked":"Empty Cage"}],"items_purged_floors":[20,31,36],"is_endless":false,"potions_floor_spawned":[1,4,7,12,16,18,24,25,30,46],"killed_by":"Awakened One","ascension_level":14}