{"gold_per_floor":[210,229,246,156,81,115,133,133,182,200,219,118,118,132,132,206,206,219,175,192,192,192,192,205,205],"floor_reached":25,"playtime":931,"items_purged":[],"score":414,"play_id":"574df5e9-05b7-43d9-bdf7-8a1c5df62916","local_time":"20191007220152","is_ascension_mode":true,"campfire_choices":[{"floor":8,"key":"REST"},{"data":"Go for the Eyes","floor":13,"key":"SMITH"},{"floor":15,"key":"REST"},{"data":"Beam Cell","floor":23,"key":"SMITH"}],"neow_cost":"NONE","seed_source_timestamp":222477337865300,"circlet_count":0,"master_deck":["AscendersBane","Strike_B","Strike_B","Defend_B","Defend_B","Defend_B","Zap","Dualcast","Hologram","Sunder","Capacitor","Panacea","Beam Cell","Coolheaded","Go for the Eyes+1","Beam Cell","Dramatic Entrance","Cold Snap","Echo Form","Coolheaded+1","Steam+1","Beam Cell+1","Hyperbeam","Barrage"],"relics":["Cracked Core","Kunai","Orichalcum","White Beast Statue"],"potions_floor_usage":[7,11,19,25,25],"damage_taken":[{"damage":7,"enemies":"Cultist","floor":1,"turns":4},{"damage":7,"enemies":"2 Louse","floor":2,"turns":2},{"damage":2,"enemies":"Jaw Worm","floor":3,"turns":3},{"damage":35,"enemies":"Gremlin Nob","floor":6,"turns":4},{"damage":9,"enemies":"Large Slime","floor":7,"turns":4},{"damage":2,"enemies":"2 Fungi Beasts","floor":10,"turns":3},{"damage":0,"enemies":"Lots of Slimes","floor":11,"turns":2},{"damage":10,"enemies":"Red Slaver","floor":14,"turns":2},{"damage":21,"enemies":"Hexaghost","floor":16,"turns":12},{"damage":16,"enemies":"Spheric Guardian","floor":18,"turns":7},{"damage":23,"enemies":"2 Thieves","floor":19,"turns":5},{"damage":17,"enemies":"Chosen and Byrds","floor":20,"turns":6},{"damage":22,"enemies":"Centurion and Healer","floor":24,"turns":9},{"damage":10,"enemies":"Sentry and Sphere","floor":25,"turns":3}],"seed_played":"8804983072727286279","potions_obtained":[{"floor":2,"key":"Dexterity Potion"},{"floor":3,"key":"Explosive Potion"},{"floor":10,"key":"Explosive Potion"},{"floor":18,"key":"Regen Potion"},{"floor":19,"key":"Swift Potion"}],"is_trial":false,"path_per_floor":["M","M","M","$","?","E","M","R","T","M","M","$","R","M","R","B",null,"M","M","M","?","?","R","M","M"],"character_chosen":"DEFECT","items_purchased":["Panacea","Dramatic Entrance"],"campfire_rested":2,"item_purchase_floors":[4,12],"current_hp_per_floor":[57,50,48,48,48,13,4,25,25,23,23,23,23,13,34,13,57,41,32,15,29,29,29,7,0],"gold":205,"neow_bonus":"HUNDRED_GOLD","is_prod":false,"is_daily":false,"chose_seed":false,"campfire_upgraded":2,"win_rate":0,"timestamp":1570453312,"path_taken":["M","M","M","?","?","E","M","R","T","M","M","$","R","M","R","BOSS","M","M","M","?","?","R","M","M"],"build_version":"2019-07-17","purchased_purges":0,"victory":false,"max_hp_per_floor":[71,71,71,71,71,71,71,71,71,71,71,71,71,71,71,71,71,71,71,71,71,71,71,71,71],"card_choices":[{"not_picked":["Lockon","Stack"],"picked":"Hologram","floor":1},{"not_picked":["Beam Cell","Recycle"],"picked":"Sunder","floor":2},{"not_picked":["Hello World","Coolheaded"],"picked":"Capacitor","floor":3},{"not_picked":["Capacitor","Streamline"],"picked":"Beam Cell","floor":6},{"not_picked":["Streamline","Capacitor"],"picked":"Coolheaded","floor":7},{"not_picked":["Sweeping Beam","Redo"],"picked":"Go for the Eyes","floor":10},{"not_picked":["Storm","Reinforced Body"],"picked":"Beam Cell","floor":11},{"not_picked":["Buffer","Rip and Tear"],"picked":"Cold Snap","floor":14},{"not_picked":["Hyperbeam","Meteor Strike"],"picked":"Echo Form","floor":16},{"not_picked":["Redo","Capacitor"],"picked":"Coolheaded+1","floor":18},{"not_picked":["Cold Snap","Static Discharge","Doom and Gloom"],"picked":"SKIP","floor":19},{"not_picked":["Loop","Consume"],"picked":"Steam+1","floor":20},{"not_picked":["Hello World+1","Blizzard"],"picked":"Barrage","floor":24}],"player_experience":592344,"relics_obtained":[{"floor":6,"key":"Kunai"},{"floor":9,"key":"Orichalcum"}],"event_choices":[{"cards_removed":["Strike_B"],"damage_healed":0,"gold_gain":0,"player_choice":"Card Removal","damage_taken":0,"max_hp_gain":0,"max_hp_loss":0,"event_name":"The Cleric","floor":5,"gold_loss":75},{"damage_healed":14,"gold_gain":0,"player_choice":"Heal","damage_taken":0,"max_hp_gain":0,"max_hp_loss":0,"event_name":"The Library","floor":21,"gold_loss":0},{"damage_healed":0,"gold_gain":0,"cards_transformed":["Strike_B","Defend_B"],"player_choice":"Became Test Subject","damage_taken":0,"max_hp_gain":0,"max_hp_loss":0,"event_name":"Drug Dealer","floor":22,"gold_loss":0,"cards_obtained":["Beam Cell","Hyperbeam"]}],"is_beta":false,"boss_relics":[{"not_picked":["Runic Dome","Black Star"],"picked":"White Beast Statue"}],"items_purged_floors":[],"is_endless":false,"potions_floor_spawned":[2,3,6,10,18,19,20,24],"killed_by":"Sentry and Sphere","ascension_level":20}