{"gold_per_floor":[111,111,122,137,153,181,199,199,499,518,518,534,65,98,98,177,177,190,201,111,123,135,135,135,60,60,13,30,30],"floor_reached":29,"playtime":4114,"items_purged":["Strike_B"],"score":466,"play_id":"f79ec4cc-ac07-4851-8615-0c3f8a2011ff","local_time":"20191001232107","is_ascension_mode":true,"campfire_choices":[{"data":"Beam Cell","floor":8.0,"key":"SMITH"},{"floor":11.0,"key":"REST"},{"floor":15.0,"key":"REST"},{"floor":23.0,"key":"REST"}],"neow_cost":"NONE","seed_source_timestamp":795624519288800,"circlet_count":0,"master_deck":["AscendersBane","Zap","Dualcast","Sunder","Beam Cell+1","Compile Driver","Sweeping Beam","FTL","Rip and Tear","Beam Cell","Coolheaded","Creative AI","Creative AI","Auto Shields","Reinforced Body","Sweeping Beam","Sweeping Beam","Chaos","Defragment","Go for the Eyes","Mayhem","Conserve Battery+1","Undo","Bandage Up","Capacitor"],"special_seed":0,"relics":["Cracked Core","Bag of Preparation","Blue Candle","Old Coin","Membership Card","Mummified Hand","Anchor","Ice Cream","Pandora\u0027s Box","MutagenicStrength","Question Card"],"potions_floor_usage":[29,29],"damage_taken":[{"damage":3.0,"enemies":"2 Louse","floor":1.0,"turns":3.0},{"damage":6.0,"enemies":"Cultist","floor":3.0,"turns":3.0},{"damage":5.0,"enemies":"Small Slimes","floor":4.0,"turns":2.0},{"damage":9.0,"enemies":"Blue Slaver","floor":5.0,"turns":4.0},{"damage":8.0,"enemies":"Gremlin Nob","floor":6.0,"turns":3.0},{"damage":6.0,"enemies":"Exordium Thugs","floor":7.0,"turns":3.0},{"damage":7.0,"enemies":"Looter","floor":10.0,"turns":3.0},{"damage":3.0,"enemies":"Blue Slaver","floor":12.0,"turns":2.0},{"damage":25.0,"enemies":"Lagavulin","floor":14.0,"turns":4.0},{"damage":14.0,"enemies":"Slime Boss","floor":16.0,"turns":8.0},{"damage":5.0,"enemies":"2 Thieves","floor":18.0,"turns":4.0},{"damage":0.0,"enemies":"Chosen","floor":19.0,"turns":3.0},{"damage":10.0,"enemies":"Snecko","floor":21.0,"turns":3.0},{"damage":34.0,"enemies":"Snake Plant","floor":22.0,"turns":5.0},{"damage":9.0,"enemies":"Shelled Parasite and Fungi","floor":28.0,"turns":5.0},{"damage":30,"enemies":"Slavers","floor":29,"turns":3}],"seed_played":"-5110983927343144385","potions_obtained":[{"floor":4.0,"key":"AttackPotion"},{"floor":7.0,"key":"SkillPotion"},{"floor":10.0,"key":"Poison Potion"},{"floor":19.0,"key":"Swift Potion"}],"is_trial":false,"path_per_floor":["M","?","M","M","M","E","M","R","T","M","R","M","$","E","R","B",null,"M","M","$","M","M","R","?","?","T","$","M","E"],"character_chosen":"DEFECT","items_purchased":["Membership Card","Mummified Hand","Anchor","Mayhem","Bandage Up"],"campfire_rested":3,"item_purchase_floors":[13,13,13,20,27],"current_hp_per_floor":[61,61,55,50,41,33,27,27,27,20,41,38,38,13,34,20,58,53,53,53,43,9,30,30,30,30,30,25,0],"gold":30,"neow_bonus":"RANDOM_COMMON_RELIC","is_prod":false,"is_daily":false,"chose_seed":false,"campfire_upgraded":1,"win_rate":0,"timestamp":1569939667,"path_taken":["M","?","?","M","M","E","M","R","T","M","R","M","$","E","R","BOSS","M","M","$","?","M","R","?","?","T","?","M","E"],"build_version":"2019-07-17","purchased_purges":1,"victory":false,"max_hp_per_floor":[71,71,71,71,71,71,71,71,71,71,71,71,71,71,71,71,71,71,71,71,71,71,71,71,71,71,71,71,71],"card_choices":[{"not_picked":["Conserve Battery","Cold Snap"],"picked":"Sunder","floor":1.0},{"not_picked":["Storm","Hologram"],"picked":"Beam Cell","floor":3.0},{"not_picked":["Tempest","Turbo"],"picked":"Compile Driver","floor":4.0},{"not_picked":["Beam Cell","Turbo"],"picked":"Sweeping Beam","floor":5.0},{"not_picked":["Go for the Eyes","Leap"],"picked":"FTL","floor":6.0},{"not_picked":["Gash","Steam Power"],"picked":"Rip and Tear","floor":7.0},{"not_picked":["Thunder Strike","Barrage"],"picked":"Beam Cell","floor":10.0},{"not_picked":["Streamline","Turbo","Sunder"],"picked":"SKIP","floor":12.0},{"not_picked":["Ball Lightning","Redo"],"picked":"Coolheaded","floor":14.0},{"not_picked":["All For One","Core Surge"],"picked":"Creative AI","floor":16.0},{"not_picked":["Sunder","Hologram"],"picked":"Defragment","floor":18.0},{"not_picked":["Chaos","Hologram"],"picked":"Go for the Eyes","floor":19.0},{"not_picked":["Gash","Go for the Eyes"],"picked":"Conserve Battery+1","floor":21.0},{"not_picked":["Sunder","Go for the Eyes"],"picked":"Undo","floor":22.0},{"not_picked":["Doom and Gloom","Double Energy","Go for the Eyes"],"picked":"Capacitor","floor":28.0}],"player_experience":544955,"relics_obtained":[{"floor":6.0,"key":"Blue Candle"},{"floor":9.0,"key":"Old Coin"},{"floor":14.0,"key":"Ice Cream"},{"floor":26.0,"key":"Question Card"}],"event_choices":[{"damage_healed":0.0,"max_hp_gain":0.0,"max_hp_loss":0.0,"gold_gain":0.0,"event_name":"FaceTrader","player_choice":"Leave","floor":2.0,"gold_loss":0.0,"damage_taken":0.0},{"damage_healed":0.0,"max_hp_gain":0.0,"max_hp_loss":0.0,"gold_gain":0.0,"event_name":"Drug Dealer","player_choice":"Inject Mutagens","floor":24.0,"gold_loss":0.0,"damage_taken":0.0,"relics_obtained":["MutagenicStrength"]},{"cards_removed":["Redo"],"damage_healed":0.0,"max_hp_gain":0.0,"max_hp_loss":0.0,"gold_gain":0.0,"event_name":"Beggar","player_choice":"Gave Gold","floor":25.0,"gold_loss":75.0,"damage_taken":0.0}],"is_beta":false,"boss_relics":[{"not_picked":["Black Star","Coffee Dripper"],"picked":"Pandora\u0027s Box"}],"items_purged_floors":[13],"is_endless":false,"potions_floor_spawned":[4,7,10,14,19,22,28],"killed_by":"Slavers","ascension_level":19}