{"gold_per_floor":[112,112,41,58,70,105,105,173,198,228,243,273,273,283,283,383,383,383,152,152,152,152,152,152,152,152,152,152,152,0,0,0,0,0,0,0,0,0,0,0,0,0,0,0,0,0,0,0,0,0],"floor_reached":51,"playtime":2693,"items_purged":["Eruption"],"score":1241,"play_id":"83d179bc-a420-44cc-931c-6c5799fe3fee","local_time":"20191023174306","is_ascension_mode":true,"campfire_choices":[{"data":"Blasphemy","floor":7.0,"key":"SMITH"},{"data":"Wish","floor":13.0,"key":"SMITH"},{"data":"Wallop","floor":15.0,"key":"SMITH"},{"data":"Omniscience","floor":23.0,"key":"SMITH"},{"data":"Swivel","floor":25.0,"key":"SMITH"},{"data":"LikeWater","floor":28.0,"key":"SMITH"},{"data":"LikeWater","floor":32.0,"key":"SMITH"},{"data":"ConjureBlade","floor":40,"key":"SMITH"},{"data":"Meditate","floor":42,"key":"SMITH"},{"data":"Tantrum","floor":45,"key":"SMITH"},{"data":"CrushJoints","floor":49,"key":"SMITH"}],"neow_cost":"NONE","seed_source_timestamp":0,"circlet_count":0,"master_deck":["AscendersBane","Strike_P","Strike_P","Strike_P","Defend_P","Defend_P+1","Defend_P","Defend_P+1","Vigilance","Meditate+1","Tantrum+1","CrushJoints+1","Wallop+1","Blasphemy+1","CutThroughFate","ThirdEye","Wish+1","LikeWater+1","Omniscience+1","Fasting2+1","Swivel+1","LikeWater+1","ConjureBlade+1","Fasting2+1","Protect","Wallop+1","Protect+1","EmptyBody"],"special_seed":0,"relics":["PureWater","Bag of Preparation","InkBottle","Dream Catcher","Singing Bowl","Juzu Bracelet","Ectoplasm","Bronze Scales","Thread and Needle","Philosopher\u0027s Stone","Anchor","The Courier","War Paint"],"potions_floor_usage":[41,47,47,50],"damage_taken":[{"damage":10.0,"enemies":"Cultist","floor":1.0,"turns":5.0},{"damage":4.0,"enemies":"Jaw Worm","floor":4.0,"turns":4.0},{"damage":8.0,"enemies":"Small Slimes","floor":5.0,"turns":3.0},{"damage":0.0,"enemies":"Lagavulin","floor":6.0,"turns":4.0},{"damage":15.0,"enemies":"Gremlin Nob","floor":10.0,"turns":3.0},{"damage":0.0,"enemies":"Looter","floor":11.0,"turns":2.0},{"damage":2.0,"enemies":"Lagavulin","floor":12.0,"turns":5.0},{"damage":0.0,"enemies":"Blue Slaver","floor":14.0,"turns":4.0},{"damage":8.0,"enemies":"Hexaghost","floor":16.0,"turns":11.0},{"damage":2.0,"enemies":"Shell Parasite","floor":18.0,"turns":4.0},{"damage":0.0,"enemies":"3 Byrds","floor":20.0,"turns":3.0},{"damage":31.0,"enemies":"Snake Plant","floor":22.0,"turns":4.0},{"damage":5.0,"enemies":"Shelled Parasite and Fungi","floor":24.0,"turns":4.0},{"damage":0.0,"enemies":"3 Cultists","floor":27.0,"turns":3.0},{"damage":0.0,"enemies":"Snecko","floor":29.0,"turns":6.0},{"damage":0.0,"enemies":"Sentry and Sphere","floor":31.0,"turns":4.0},{"damage":0.0,"enemies":"Champ","floor":33.0,"turns":16.0},{"damage":8.0,"enemies":"Orb Walker","floor":35.0,"turns":4.0},{"damage":0,"enemies":"3 Shapes","floor":38,"turns":6},{"damage":0,"enemies":"Nemesis","floor":41,"turns":5},{"damage":0,"enemies":"Jaw Worm Horde","floor":44,"turns":5},{"damage":12,"enemies":"Reptomancer","floor":47,"turns":6},{"damage":0,"enemies":"Maw","floor":48,"turns":6},{"damage":26,"enemies":"Awakened One","floor":50,"turns":16}],"seed_played":"5377213167756276741","potions_obtained":[{"floor":1.0,"key":"BottledMiracle"},{"floor":6.0,"key":"Weak Potion"},{"floor":12.0,"key":"Fruit Juice"},{"floor":16.0,"key":"EntropicBrew"},{"floor":20.0,"key":"PowerPotion"},{"floor":29.0,"key":"SpeedPotion"},{"floor":33.0,"key":"Explosive Potion"},{"floor":38,"key":"SteroidPotion"},{"floor":41,"key":"Block Potion"}],"is_trial":false,"path_per_floor":["M","?","$","M","M","E","R","T","T","E","M","E","R","M","R","B",null,"M","$","M","$","M","R","M","R","T","M","R","M","?","M","R","B",null,"M","$","?","M","$","R","E","R","T","M","R","?","E","M","R","B",null],"character_chosen":"WATCHER","items_purchased":["Tantrum","Bronze Scales"],"campfire_rested":0,"item_purchase_floors":[3,19],"current_hp_per_floor":[62,62,62,58,50,50,50,50,50,35,35,38,38,38,38,30,71,71,71,71,71,52,52,49,49,49,51,51,53,53,53,53,53,82,74,74,74,74,74,74,74,74,74,74,74,74,64,66,66,40],"gold":0,"neow_bonus":"TEN_PERCENT_HP_BONUS","is_prod":false,"is_daily":false,"chose_seed":false,"campfire_upgraded":11,"win_rate":0,"timestamp":1571845386,"path_taken":["M","?","$","M","M","E","R","?","T","E","?","E","R","M","R","BOSS","M","$","M","$","M","R","M","R","T","M","R","M","?","M","R","BOSS","M","$","?","M","$","R","E","R","T","M","R","?","E","M","R","BOSS"],"build_version":"2019-10-22","purchased_purges":1,"victory":true,"max_hp_per_floor":[79,79,79,79,79,79,79,79,79,79,79,84,84,84,84,84,84,86,86,86,86,86,86,88,88,88,90,90,92,92,92,92,92,92,92,92,92,92,92,92,92,92,92,92,92,92,94,96,96,96],"card_choices":[{"not_picked":["JustLucky","Evaluate"],"picked":"Meditate","floor":1.0},{"not_picked":["InnerPeace","ClearTheMind"],"picked":"CrushJoints","floor":4.0},{"not_picked":["Meditate","Study"],"picked":"Wallop","floor":5.0},{"not_picked":["Meditate","FollowUp"],"picked":"Blasphemy","floor":6.0},{"not_picked":["EmptyBody","Indignation"],"picked":"CutThroughFate","floor":10.0},{"not_picked":["Adaptation","ClearTheMind"],"picked":"ThirdEye","floor":11.0},{"not_picked":["FollowUp","WaveOfTheHand"],"picked":"Wish","floor":12.0},{"not_picked":["Halt","FlurryOfBlows"],"picked":"LikeWater","floor":14.0},{"not_picked":["Blasphemy","MasterReality"],"picked":"Omniscience","floor":16.0},{"not_picked":["Worship","Sanctity","Pray"],"picked":"Singing Bowl","floor":18.0},{"not_picked":["Consecrate+1","CrushJoints"],"picked":"Fasting2+1","floor":20.0},{"not_picked":["EmptyFist","Protect"],"picked":"Swivel","floor":22.0},{"not_picked":["SashWhip+1","FlyingSleeves","EmptyFist"],"picked":"Singing Bowl","floor":24.0},{"not_picked":["ClearTheMind","Crescendo+1","ThirdEye"],"picked":"Singing Bowl","floor":27.0},{"not_picked":["JustLucky+1","Prostrate","EmptyBody"],"picked":"Singing Bowl","floor":29.0},{"not_picked":["EmptyBody","Adaptation"],"picked":"LikeWater","floor":31.0},{"not_picked":["Blasphemy","Establishment"],"picked":"ConjureBlade","floor":33.0},{"not_picked":["Sanctity+1","JustLucky+1"],"picked":"Fasting2+1","floor":35.0},{"not_picked":["SashWhip+1","Scrawl"],"picked":"Protect","floor":38},{"not_picked":["Pray","FlyingSleeves"],"picked":"Wallop+1","floor":41},{"not_picked":["Collect","SashWhip"],"picked":"Protect+1","floor":44},{"not_picked":["Pray","Judgement","SpiritShield+1"],"picked":"Singing Bowl","floor":47},{"not_picked":["FlurryOfBlows+1","TalkToTheHand","BattleHymn"],"picked":"Singing Bowl","floor":48}],"player_experience":498581,"relics_obtained":[{"floor":6.0,"key":"Bag of Preparation"},{"floor":8.0,"key":"InkBottle"},{"floor":9.0,"key":"Dream Catcher"},{"floor":10.0,"key":"Singing Bowl"},{"floor":12.0,"key":"Juzu Bracelet"},{"floor":26.0,"key":"Thread and Needle"},{"floor":41,"key":"Anchor"},{"floor":43,"key":"The Courier"},{"floor":47,"key":"War Paint"}],"event_choices":[{"damage_healed":0.0,"max_hp_gain":0.0,"max_hp_loss":0.0,"gold_gain":0.0,"event_name":"Liars Game","player_choice":"Ignored","floor":2.0,"gold_loss":0.0,"damage_taken":0.0},{"damage_healed":0.0,"max_hp_gain":0.0,"max_hp_loss":0.0,"gold_gain":0.0,"event_name":"Masked Bandits","player_choice":"Paid Fearfully","floor":30.0,"gold_loss":152.0,"damage_taken":0.0},{"damage_healed":0.0,"max_hp_gain":0.0,"max_hp_loss":0.0,"gold_gain":0.0,"event_name":"Mysterious Sphere","player_choice":"Ignored","floor":37.0,"gold_loss":0.0,"damage_taken":0.0},{"damage_healed":0,"gold_gain":0,"cards_transformed":["Strike_P"],"player_choice":"Transformed","damage_taken":0,"max_hp_gain":0,"max_hp_loss":0,"event_name":"Transmorgrifier","floor":46,"gold_loss":0,"cards_obtained":["EmptyBody"]}],"is_beta":true,"boss_relics":[{"not_picked":["Sozu","Busted Crown"],"picked":"Ectoplasm"},{"not_picked":["Coffee Dripper","Calling Bell"],"picked":"Philosopher\u0027s Stone"}],"items_purged_floors":[19],"is_endless":false,"potions_floor_spawned":[1,6,12,16,18,20,29,33,38,41],"ascension_level":10}