{"gold_per_floor":[99,99,99,99,64,64,64,64,64,64,26,26,26,26,26,26,26,26,26,26,26,26,26,26,26,26,26,26,26,26,26,26,26],"floor_reached":33,"playtime":2335,"items_purged":[],"score":567,"play_id":"9936a311-3248-45a4-a63b-6b42be4e6f2c","local_time":"20191023235702","is_ascension_mode":true,"campfire_choices":[{"floor":7.0,"key":"REST"},{"data":"Envenom","floor":13.0,"key":"SMITH"},{"data":"Noxious Fumes","floor":15.0,"key":"SMITH"},{"floor":23.0,"key":"REST"},{"floor":32,"key":"REST"}],"neow_cost":"NONE","seed_source_timestamp":3468093459783000,"circlet_count":0,"master_deck":["AscendersBane","Strike_G","Strike_G","Strike_G","Strike_G","Defend_G","Defend_G","Defend_G","Defend_G","Defend_G","Survivor","Neutralize","Leg Sweep","Masterful Stab+1","Backstab","Dagger Spray","Quick Slash","Noxious Fumes+1","Envenom+1","Envenom","Leg Sweep","Blade Dance+1","Well Laid Plans","Noxious Fumes","Escape Plan","Envenom+1","Backflip","Wraith Form v2"],"special_seed":0,"relics":["Ectoplasm","Peace Pipe","Ornamental Fan","Matryoshka","Question Card","MealTicket","Du-Vu Doll","SlaversCollar","TungstenRod","Pen Nib","Mercury Hourglass","Tiny Chest"],"potions_floor_usage":[30],"damage_taken":[{"damage":0.0,"enemies":"Cultist","floor":1.0,"turns":4.0},{"damage":7.0,"enemies":"Small Slimes","floor":2.0,"turns":4.0},{"damage":43.0,"enemies":"Gremlin Nob","floor":6.0,"turns":6.0},{"damage":22.0,"enemies":"Lagavulin","floor":8.0,"turns":9.0},{"damage":0.0,"enemies":"3 Sentries","floor":10.0,"turns":8.0},{"damage":0.0,"enemies":"2 Louse","floor":12.0,"turns":1.0},{"damage":0.0,"enemies":"Hexaghost","floor":16.0,"turns":8.0},{"damage":2.0,"enemies":"3 Byrds","floor":18.0,"turns":4.0},{"damage":9.0,"enemies":"Shell Parasite","floor":20.0,"turns":9.0},{"damage":11.0,"enemies":"Centurion and Healer","floor":22.0,"turns":6.0},{"damage":9.0,"enemies":"Gremlin Leader","floor":24.0,"turns":7.0},{"damage":22.0,"enemies":"Snake Plant","floor":27.0,"turns":6.0},{"damage":15.0,"enemies":"Slavers","floor":29.0,"turns":5.0},{"damage":0,"enemies":"Cultist and Chosen","floor":30,"turns":6},{"damage":7,"enemies":"Shelled Parasite and Fungi","floor":31,"turns":6},{"damage":31,"enemies":"Automaton","floor":33,"turns":8}],"seed_played":"5430876284151770865","potions_obtained":[{"floor":1.0,"key":"Fire Potion"},{"floor":18.0,"key":"ColorlessPotion"},{"floor":27.0,"key":"GhostInAJar"},{"floor":29.0,"key":"Swift Potion"}],"is_trial":false,"path_per_floor":["M","M","?","?","?","E","R","E","T","E","$","M","R","T","R","B",null,"M","?","M","?","M","R","E","$","T","M","?","E","M","M","R","B"],"character_chosen":"THE_SILENT","items_purchased":["Noxious Fumes"],"campfire_rested":3,"item_purchase_floors":[11],"current_hp_per_floor":[63,56,56,49,66,23,44,22,22,22,22,22,22,22,22,22,58,56,56,47,34,23,45,36,51,51,29,29,14,14,7,29,0],"gold":26,"neow_bonus":"BOSS_RELIC","is_prod":false,"is_daily":false,"chose_seed":false,"campfire_upgraded":2,"win_rate":0,"timestamp":1571867822,"path_taken":["M","M","?","?","?","E","R","E","T","E","?","M","R","?","R","BOSS","M","?","M","?","M","R","E","$","T","M","?","E","M","M","R","BOSS"],"build_version":"2019-10-23","purchased_purges":0,"victory":false,"max_hp_per_floor":[70,70,70,70,70,70,70,70,70,70,70,70,70,70,70,70,70,70,70,70,75,75,75,75,75,75,75,75,75,75,75,75,75],"card_choices":[{"not_picked":["Tactician","PiercingWail"],"picked":"Leg Sweep","floor":1.0},{"not_picked":["Outmaneuver","Setup"],"picked":"Masterful Stab","floor":2.0},{"not_picked":["Underhanded Strike","Blade Dance"],"picked":"Backstab","floor":6.0},{"not_picked":["Prepared","Blade Dance"],"picked":"Dagger Spray","floor":8.0},{"not_picked":["Masterful Stab","Accuracy"],"picked":"Quick Slash","floor":10.0},{"not_picked":["Deadly Poison","Masterful Stab","Cloak And Dagger"],"picked":"Envenom","floor":12.0},{"not_picked":["Venomology","Tools of the Trade","Night Terror"],"picked":"Envenom","floor":16.0},{"not_picked":["Bane","Blade Dance","Terror"],"picked":"Leg Sweep","floor":18.0},{"not_picked":["Calculated Gamble+1","Slice","Sucker Punch"],"picked":"Blade Dance+1","floor":20.0},{"not_picked":["Choke+1","Outmaneuver","Acrobatics"],"picked":"Well Laid Plans","floor":22.0},{"not_picked":["Dagger Throw","Heel Hook","Concentrate"],"picked":"Noxious Fumes","floor":24.0},{"not_picked":["Deadly Poison","PiercingWail","Backstab"],"picked":"Escape Plan","floor":27.0},{"not_picked":["Underhanded Strike+1","Accuracy+1","Flying Knee","Caltrops"],"picked":"SKIP","floor":29.0},{"not_picked":["Terror","Distraction","Dodge and Roll"],"picked":"Backflip","floor":30},{"not_picked":["Bane","Riddle With Holes","Catalyst"],"picked":"Wraith Form v2","floor":31}],"player_experience":503965,"relics_obtained":[{"floor":6.0,"key":"Peace Pipe"},{"floor":8.0,"key":"Ornamental Fan"},{"floor":9.0,"key":"Matryoshka"},{"floor":10.0,"key":"Question Card"},{"floor":14.0,"key":"MealTicket"},{"floor":14.0,"key":"Du-Vu Doll"},{"floor":24.0,"key":"TungstenRod"},{"floor":26.0,"key":"Pen Nib"},{"floor":26.0,"key":"Mercury Hourglass"},{"floor":29.0,"key":"Tiny Chest"}],"event_choices":[{"damage_healed":0.0,"max_hp_gain":0.0,"max_hp_loss":0.0,"gold_gain":0.0,"event_name":"Living Wall","player_choice":"Grow","floor":3.0,"gold_loss":0.0,"damage_taken":0.0,"cards_upgraded":["Masterful Stab"]},{"cards_removed":["Strike_G"],"damage_healed":0.0,"max_hp_gain":0.0,"max_hp_loss":0.0,"gold_gain":0.0,"event_name":"Golden Wing","player_choice":"Card Removal","floor":4.0,"gold_loss":0.0,"damage_taken":7.0},{"damage_healed":17.0,"max_hp_gain":0.0,"max_hp_loss":0.0,"gold_gain":0.0,"event_name":"The Cleric","player_choice":"Healed","floor":5.0,"gold_loss":35.0,"damage_taken":0.0},{"damage_healed":0.0,"max_hp_gain":0.0,"max_hp_loss":0.0,"gold_gain":0.0,"event_name":"Ghosts","player_choice":"Ignored","floor":19.0,"gold_loss":0.0,"damage_taken":0.0},{"damage_healed":0.0,"max_hp_gain":5.0,"max_hp_loss":0.0,"gold_gain":0.0,"event_name":"Forgotten Altar","player_choice":"Shed Blood","floor":21.0,"gold_loss":0.0,"damage_taken":18.0},{"damage_healed":0.0,"max_hp_gain":0.0,"max_hp_loss":0.0,"gold_gain":0.0,"event_name":"Duplicator","player_choice":"Copied","floor":28.0,"gold_loss":0.0,"damage_taken":0.0,"cards_obtained":["Envenom"]}],"is_beta":true,"boss_relics":[{"not_picked":["Snecko Eye","HoveringKite"],"picked":"SlaversCollar"}],"items_purged_floors":[],"is_endless":false,"potions_floor_spawned":[1,18,27,29],"killed_by":"Automaton","ascension_level":10}