{"gold_per_floor":[119,119,119,135,135,135,161,176,176,176,187,187],"floor_reached":12,"playtime":312,"items_purged":[],"score":133,"play_id":"df780aab-f6cf-45ee-99c0-4dc4af0d086d","local_time":"20191025231809","is_ascension_mode":true,"campfire_choices":[{"data":"Heavy Blade","floor":6.0,"key":"SMITH"},{"data":"Bash","floor":10,"key":"SMITH"}],"neow_cost":"PERCENT_DAMAGE","seed_source_timestamp":106489540934700,"circlet_count":0,"master_deck":["AscendersBane","Strike_R","Strike_R","Strike_R","Strike_R","Strike_R+1","Defend_R","Defend_R","Defend_R","Defend_R","Bash+1","Inflame+1","Heavy Blade+1","Pummel","Ghostly Armor","Whirlwind"],"special_seed":0,"relics":["Burning Blood","StoneCalendar","Sundial"],"potions_floor_usage":[7],"damage_taken":[{"damage":10.0,"enemies":"Jaw Worm","floor":1.0,"turns":5.0},{"damage":6.0,"enemies":"Cultist","floor":4.0,"turns":4.0},{"damage":20,"enemies":"Lagavulin","floor":7,"turns":4},{"damage":3,"enemies":"2 Louse","floor":8,"turns":2},{"damage":22,"enemies":"Exordium Thugs","floor":11,"turns":4},{"damage":20,"enemies":"3 Sentries","floor":12,"turns":5}],"seed_played":"-3299141453213872208","potions_obtained":[{"floor":1.0,"key":"SteroidPotion"}],"is_trial":false,"path_per_floor":["M","$","?","M","?","R","E","M","T","R","M","E"],"character_chosen":"IRONCLAD","items_purchased":[],"campfire_rested":0,"item_purchase_floors":[],"current_hp_per_floor":[60,60,60,60,42,42,28,31,31,31,15,0],"gold":187,"neow_bonus":"TWENTY_PERCENT_HP_BONUS","is_prod":false,"is_daily":false,"chose_seed":false,"campfire_upgraded":2,"win_rate":0,"timestamp":1572038289,"path_taken":["M","$","?","M","?","R","E","M","T","R","M","E"],"build_version":"2019-10-25-V3","purchased_purges":0,"victory":false,"max_hp_per_floor":[89,89,89,89,89,89,89,89,89,89,89,89],"card_choices":[{"not_picked":["Dropkick","Rupture"],"picked":"Inflame","floor":1.0},{"not_picked":["Perfected Strike","Anger"],"picked":"Heavy Blade","floor":4.0},{"not_picked":["Heavy Blade","Clash"],"picked":"Pummel","floor":7},{"not_picked":["True Grit","Spot Weakness"],"picked":"Ghostly Armor","floor":8},{"not_picked":["Cleave","Havoc"],"picked":"Whirlwind","floor":11}],"player_experience":525667,"relics_obtained":[{"floor":7,"key":"StoneCalendar"},{"floor":9,"key":"Sundial"}],"event_choices":[{"damage_healed":0.0,"max_hp_gain":0.0,"max_hp_loss":0.0,"gold_gain":0.0,"event_name":"Liars Game","player_choice":"Ignored","floor":3.0,"gold_loss":0.0,"damage_taken":0.0},{"damage_healed":0.0,"max_hp_gain":0.0,"max_hp_loss":0.0,"gold_gain":0.0,"event_name":"Shining Light","player_choice":"Entered Light","floor":5.0,"gold_loss":0.0,"damage_taken":18.0,"cards_upgraded":["Inflame","Strike_R"]}],"is_beta":true,"boss_relics":[],"items_purged_floors":[],"is_endless":false,"potions_floor_spawned":[1],"killed_by":"3 Sentries","ascension_level":14}