{"gold_per_floor":[109,122,140,70,86,86,100,133,133,166,180,199,210,239,239,334,334,320,211,231,231,250,278,278,278],"floor_reached":25,"playtime":1011,"items_purged":[],"score":379,"play_id":"a69f0e64-97bc-49b8-b68e-6436c4b2a92c","local_time":"20190628225536","is_ascension_mode":true,"campfire_choices":[{"data":"Bash","floor":6,"key":"SMITH"},{"data":"Havoc","floor":15,"key":"SMITH"}],"neow_cost":"PERCENT_DAMAGE","seed_source_timestamp":225378171705033,"circlet_count":0,"master_deck":["AscendersBane","Strike_R","Strike_R","Strike_R","Strike_R","Strike_R","Defend_R","Defend_R","Defend_R","Defend_R","Bash+1","Infernal Blade","Anger","Sword Boomerang","Inflame","Carnage","Barricade","Iron Wave","Iron Wave","Corruption","Shrug It Off","Havoc+1","Sword Boomerang","Spot Weakness","Combust","Clothesline","True Grit"],"relics":["Burning Blood","Bird Faced Urn","Self Forming Clay","Pantograph","Shuriken","Odd Mushroom","Velvet Choker","Oddly Smooth Stone","Frozen Egg 2"],"potions_floor_usage":[10,11,12,25],"damage_taken":[{"damage":3,"enemies":"2 Louse","floor":1,"turns":2},{"damage":9,"enemies":"Jaw Worm","floor":2,"turns":4},{"damage":1,"enemies":"Cultist","floor":3,"turns":3},{"damage":0,"enemies":"Large Slime","floor":5,"turns":4},{"damage":13,"enemies":"3 Louse","floor":7,"turns":3},{"damage":20,"enemies":"Gremlin Nob","floor":8,"turns":4},{"damage":22,"enemies":"Lagavulin","floor":10,"turns":5},{"damage":8,"enemies":"Blue Slaver","floor":11,"turns":3},{"damage":19,"enemies":"Exordium Wildlife","floor":12,"turns":3},{"damage":7,"enemies":"Exordium Thugs","floor":13,"turns":5},{"damage":16,"enemies":"The Mushroom Lair","floor":14,"turns":5},{"damage":50,"enemies":"The Guardian","floor":16,"turns":11},{"damage":23,"enemies":"2 Thieves","floor":18,"turns":4},{"damage":7,"enemies":"3 Byrds","floor":20,"turns":5},{"damage":27,"enemies":"Snecko","floor":22,"turns":6},{"damage":28,"enemies":"Gremlin Leader","floor":23,"turns":7},{"damage":17,"enemies":"Centurion and Healer","floor":25,"turns":2}],"seed_played":"6315165085406921525","potions_obtained":[{"floor":1,"key":"Weak Potion"},{"floor":2,"key":"Weak Potion"},{"floor":7,"key":"PowerPotion"},{"floor":10,"key":"BloodPotion"},{"floor":13,"key":"Dexterity Potion"},{"floor":16,"key":"Poison Potion"}],"is_trial":false,"path_per_floor":["M","M","M","$","M","R","M","E","T","E","M","M","M","?","R","B",null,"M","$","M","?","M","E","?","M"],"character_chosen":"IRONCLAD","items_purchased":["Inflame","Spot Weakness","Combust"],"campfire_rested":0,"item_purchase_floors":[4,19,19],"current_hp_per_floor":[54,51,56,56,64,64,59,47,47,35,43,32,35,27,27,14,64,51,51,56,56,39,23,8,0],"gold":278,"neow_bonus":"ONE_RARE_RELIC","is_prod":false,"is_daily":false,"chose_seed":false,"campfire_upgraded":2,"win_rate":0,"timestamp":1561755336,"path_taken":["M","M","M","$","M","R","M","E","T","E","M","M","M","?","R","BOSS","M","$","M","?","M","E","?","M"],"build_version":"2019-01-23","purchased_purges":0,"victory":false,"max_hp_per_floor":[80,80,80,80,80,80,80,80,80,80,80,80,80,80,80,80,80,80,80,80,80,80,80,85,85],"card_choices":[{"not_picked":["Body Slam","Ghostly Armor"],"picked":"Infernal Blade","floor":1},{"not_picked":["Havoc","Flex"],"picked":"Anger","floor":2},{"not_picked":["Havoc","Perfected Strike"],"picked":"Sword Boomerang","floor":3},{"not_picked":["Sever Soul","Warcry"],"picked":"Carnage","floor":5},{"not_picked":["Anger","Clash"],"picked":"Barricade","floor":7},{"not_picked":["Seeing Red","Body Slam"],"picked":"Iron Wave","floor":8},{"not_picked":["Burning Pact","Sword Boomerang"],"picked":"Iron Wave","floor":10},{"not_picked":["Dropkick","Twin Strike"],"picked":"Corruption","floor":11},{"not_picked":["Rampage","Demon Form"],"picked":"Shrug It Off","floor":12},{"not_picked":["Uppercut","Rage"],"picked":"Havoc","floor":13},{"not_picked":["Dual Wield","Thunderclap"],"picked":"Sword Boomerang","floor":14},{"not_picked":["Sentinel","Sword Boomerang","Pummel"],"picked":"SKIP","floor":18},{"not_picked":["Heavy Blade","Rage"],"picked":"Clothesline","floor":20},{"not_picked":["Heavy Blade+1","Combust","Carnage"],"picked":"SKIP","floor":22},{"not_picked":["Flex","Body Slam"],"picked":"True Grit","floor":23}],"player_experience":240793,"relics_obtained":[{"floor":8,"key":"Self Forming Clay"},{"floor":9,"key":"Pantograph"},{"floor":10,"key":"Shuriken"},{"floor":14,"key":"Odd Mushroom"},{"floor":23,"key":"Frozen Egg 2"}],"event_choices":[{"damage_healed":0,"gold_gain":0,"player_choice":"Fought Mushrooms","damage_taken":0,"max_hp_gain":0,"max_hp_loss":0,"event_name":"Mushrooms","floor":14,"gold_loss":0},{"damage_healed":0,"gold_gain":0,"player_choice":"Opened","damage_taken":0,"relics_obtained":["Oddly Smooth Stone"],"max_hp_gain":0,"max_hp_loss":0,"event_name":"The Mausoleum","floor":21,"gold_loss":0},{"damage_healed":0,"gold_gain":0,"player_choice":"Shed Blood","damage_taken":20,"max_hp_gain":5,"max_hp_loss":0,"event_name":"Forgotten Altar","floor":24,"gold_loss":0}],"is_beta":false,"boss_relics":[{"not_picked":["Ectoplasm","White Beast Statue"],"picked":"Velvet Choker"}],"items_purged_floors":[],"is_endless":false,"potions_floor_spawned":[1,2,7,10,13,16,23],"killed_by":"Centurion and Healer","ascension_level":12}