{"gold_per_floor":[119,135,84,104,104,104,123,141,141,141,106,125,146,160,160,291,291,315,189,189,207,207],"floor_reached":22,"playtime":833,"items_purged":["Strike_P"],"score":270,"play_id":"99bb091a-66e0-468c-a569-2c2a53a5085d","local_time":"20191021180538","is_ascension_mode":true,"campfire_choices":[{"data":"WreathOfFlame","floor":6,"key":"SMITH"},{"data":"Eruption","floor":10,"key":"SMITH"},{"floor":15,"key":"REST"}],"neow_cost":"NONE","seed_source_timestamp":3275743698413000,"circlet_count":0,"master_deck":["AscendersBane","Strike_P","Strike_P","Strike_P","Defend_P","Defend_P","Defend_P","Defend_P","Eruption+1","Vigilance","WreathOfFlame+1","SashWhip","CrushJoints","Perseverance","FlyingSleeves","Protect","Establishment","WheelKick+1","FlyingSleeves","DeceiveReality+1"],"relics":["PureWater","Golden Idol","Velvet Choker"],"potions_floor_usage":[16,16],"damage_taken":[{"damage":0,"enemies":"2 Louse","floor":1,"turns":2},{"damage":0,"enemies":"Small Slimes","floor":2,"turns":4},{"damage":4,"enemies":"Jaw Worm","floor":4,"turns":3},{"damage":3,"enemies":"Blue Slaver","floor":7,"turns":6},{"damage":11,"enemies":"Exordium Wildlife","floor":8,"turns":3},{"damage":0,"enemies":"3 Louse","floor":12,"turns":2},{"damage":0,"enemies":"Large Slime","floor":13,"turns":3},{"damage":35,"enemies":"Exordium Thugs","floor":14,"turns":6},{"damage":17,"enemies":"Hexaghost","floor":16,"turns":9},{"damage":0,"enemies":"Spheric Guardian","floor":18,"turns":3},{"damage":19,"enemies":"3 Byrds","floor":21,"turns":6},{"damage":62,"enemies":"3 Cultists","floor":22,"turns":4}],"seed_played":"-4437020116109984717","potions_obtained":[{"floor":1,"key":"Strength Potion"},{"floor":2,"key":"EssenceOfSteel"},{"floor":8,"key":"Fire Potion"},{"floor":13,"key":"Strength Potion"},{"floor":21,"key":"DuplicationPotion"}],"is_trial":false,"path_per_floor":["M","M","$","M","?","R","M","M","T","R","?","M","M","M","R","B",null,"M","$","?","M","M"],"character_chosen":"WATCHER","items_purchased":["CrushJoints","FlyingSleeves"],"campfire_rested":1,"item_purchase_floors":[3,19],"current_hp_per_floor":[72,72,72,68,49,49,46,35,35,35,54,54,54,19,42,25,66,66,66,66,47,0],"gold":207,"neow_bonus":"TEN_PERCENT_HP_BONUS","is_prod":false,"is_daily":false,"chose_seed":false,"campfire_upgraded":2,"win_rate":0,"timestamp":1571673938,"path_taken":["M","M","$","M","?","R","M","M","T","R","?","M","M","M","R","BOSS","M","$","?","M","M"],"build_version":"2019-10-18","purchased_purges":1,"victory":false,"max_hp_per_floor":[79,79,79,79,79,79,79,79,79,79,79,79,79,79,79,79,79,79,79,79,79,79],"card_choices":[{"not_picked":["EmptyFist","Meditate"],"picked":"WreathOfFlame","floor":1},{"not_picked":["CrushJoints","FlurryOfBlows"],"picked":"SashWhip","floor":2},{"not_picked":["PathToVictory","Nirvana"],"picked":"Perseverance","floor":4},{"not_picked":["Sanctity","Crescendo","Study"],"picked":"SKIP","floor":7},{"not_picked":["EmptyFist","CrushJoints","Adaptation"],"picked":"SKIP","floor":8},{"not_picked":["Worship","Wireheading"],"picked":"FlyingSleeves","floor":12},{"not_picked":["SashWhip","WreathOfFlame"],"picked":"Protect","floor":13},{"not_picked":["CutThroughFate","DeceiveReality","ClearTheMind"],"picked":"SKIP","floor":14},{"not_picked":["LessonLearned","Wish"],"picked":"Establishment","floor":16},{"not_picked":["CarveReality","EmptyFist"],"picked":"WheelKick+1","floor":18},{"not_picked":["SignatureMove","CarveReality"],"picked":"DeceiveReality+1","floor":21}],"player_experience":493272,"relics_obtained":[],"event_choices":[{"damage_healed":0,"gold_gain":0,"player_choice":"Take Damage","damage_taken":19,"relics_obtained":["Golden Idol"],"max_hp_gain":0,"max_hp_loss":0,"event_name":"Golden Idol","floor":5,"gold_loss":0},{"damage_healed":19,"gold_gain":0,"player_choice":"Healed","damage_taken":0,"max_hp_gain":0,"max_hp_loss":0,"event_name":"The Cleric","floor":11,"gold_loss":35},{"damage_healed":0,"gold_gain":0,"player_choice":"Ignored","damage_taken":0,"max_hp_gain":0,"max_hp_loss":0,"event_name":"Ghosts","floor":20,"gold_loss":0}],"is_beta":true,"boss_relics":[{"not_picked":["Astrolabe","Coffee Dripper"],"picked":"Velvet Choker"}],"items_purged_floors":[19],"is_endless":false,"potions_floor_spawned":[1,2,8,13,21],"killed_by":"3 Cultists","ascension_level":10}