{"gold_per_floor":[119,134,149,149,149,174,174,129,129,158,182,211,233,259,271,379,391,415,427,427,450,206,206,218,218],"floor_reached":25,"playtime":1845,"items_purged":["Strike_R"],"score":293,"play_id":"d39ff72c-9db8-4264-9888-d3df2aad3d95","local_time":"20191012132735","is_ascension_mode":true,"campfire_choices":[{"data":"Whirlwind","floor":7.0,"key":"SMITH"},{"data":"Armaments","floor":15.0,"key":"SMITH"},{"floor":23,"key":"REST"}],"neow_cost":"NONE","seed_source_timestamp":133641753449400,"circlet_count":0,"master_deck":["Strike_R","Strike_R","Strike_R","Strike_R","Defend_R","Defend_R","Defend_R","Defend_R","Bash","Clothesline","Whirlwind+1","Pommel Strike","Inflame","Armaments+1","Metallicize","Rampage","Brutality","Iron Wave","Double Tap","Spot Weakness+1","Flame Barrier","Warcry+1"],"special_seed":0,"relics":["Burning Blood","White Beast Statue","Matryoshka","MawBank","Pantograph","SlaversCollar","Membership Card","MealTicket"],"potions_floor_usage":[21,25],"damage_taken":[{"damage":6.0,"enemies":"Cultist","floor":1.0,"turns":4.0},{"damage":2.0,"enemies":"Small Slimes","floor":2.0,"turns":4.0},{"damage":9.0,"enemies":"Jaw Worm","floor":3.0,"turns":5.0},{"damage":45.0,"enemies":"3 Sentries","floor":6.0,"turns":5.0},{"damage":0.0,"enemies":"Exordium Wildlife","floor":10.0,"turns":3.0},{"damage":5.0,"enemies":"Looter","floor":11.0,"turns":5.0},{"damage":9.0,"enemies":"Blue Slaver","floor":12.0,"turns":4.0},{"damage":0.0,"enemies":"Large Slime","floor":13.0,"turns":4.0},{"damage":9.0,"enemies":"Exordium Wildlife","floor":14.0,"turns":4.0},{"damage":59.0,"enemies":"Hexaghost","floor":16.0,"turns":10.0},{"damage":12.0,"enemies":"Chosen","floor":18.0,"turns":4.0},{"damage":26,"enemies":"2 Thieves","floor":20,"turns":4},{"damage":27,"enemies":"Centurion and Healer","floor":21,"turns":7},{"damage":39,"enemies":"Snake Plant","floor":24,"turns":7},{"damage":41,"enemies":"Shelled Parasite and Fungi","floor":25,"turns":3}],"seed_played":"-2431154562848401261","potions_obtained":[{"floor":3.0,"key":"SkillPotion"},{"floor":6.0,"key":"Dexterity Potion"},{"floor":10.0,"key":"Regen Potion"},{"floor":11.0,"key":"SkillPotion"},{"floor":12.0,"key":"Fire Potion"},{"floor":13.0,"key":"DuplicationPotion"},{"floor":14.0,"key":"LiquidBronze"},{"floor":16.0,"key":"Energy Potion"},{"floor":18.0,"key":"BloodPotion"},{"floor":21,"key":"SpeedPotion"},{"floor":24,"key":"ElixirPotion"}],"is_trial":false,"path_per_floor":["M","M","M","?","?","E","R","$","T","M","M","M","M","M","R","B",null,"M","?","M","M","$","R","M","M"],"character_chosen":"IRONCLAD","items_purchased":["Armaments","Membership Card","MealTicket"],"campfire_rested":1,"item_purchase_floors":[8,22,22],"current_hp_per_floor":[80,84,81,78,78,39,39,39,39,45,46,52,58,55,55,27,73,67,67,47,26,26,52,19,0],"gold":218,"neow_bonus":"TEN_PERCENT_HP_BONUS","is_prod":false,"is_daily":false,"chose_seed":false,"campfire_upgraded":2,"win_rate":0,"timestamp":1570854455,"path_taken":["M","M","M","?","?","E","R","$","T","?","?","M","M","M","R","BOSS","M","?","M","M","$","R","M","M"],"build_version":"2019-10-11","purchased_purges":1,"victory":false,"max_hp_per_floor":[88,88,88,88,88,88,88,88,88,88,88,88,88,88,88,88,88,88,88,88,88,88,88,88,88],"card_choices":[{"not_picked":["Metallicize","Twin Strike"],"picked":"Clothesline","floor":1.0},{"not_picked":["Intimidate","Ghostly Armor"],"picked":"Whirlwind","floor":2.0},{"not_picked":["Reckless Charge","Pummel","Sword Boomerang"],"picked":"SKIP","floor":3.0},{"not_picked":["Perfected Strike","Flex"],"picked":"Inflame","floor":6.0},{"not_picked":["Hemokinesis","Thunderclap"],"picked":"Metallicize","floor":10.0},{"not_picked":["Clothesline","Twin Strike","Burning Pact"],"picked":"SKIP","floor":11.0},{"not_picked":["Wild Strike","Burning Pact"],"picked":"Rampage","floor":12.0},{"not_picked":["Heavy Blade","Armaments"],"picked":"Brutality","floor":13.0},{"not_picked":["Burning Pact","Warcry"],"picked":"Iron Wave","floor":14.0},{"not_picked":["Limit Break","Fiend Fire"],"picked":"Double Tap","floor":16.0},{"not_picked":["Battle Trance+1","Warcry"],"picked":"Spot Weakness+1","floor":18.0},{"not_picked":["Cleave+1","Wild Strike"],"picked":"Warcry+1","floor":20},{"not_picked":["Armaments","Clothesline","Anger+1"],"picked":"SKIP","floor":21},{"not_picked":["Thunderclap","Carnage","Havoc"],"picked":"SKIP","floor":24}],"player_experience":655075,"relics_obtained":[{"floor":6.0,"key":"Matryoshka"},{"floor":9.0,"key":"MawBank"},{"floor":9.0,"key":"Pantograph"}],"event_choices":[{"damage_healed":0.0,"max_hp_gain":0.0,"max_hp_loss":0.0,"gold_gain":0.0,"event_name":"Scrap Ooze","player_choice":"Success","floor":4.0,"gold_loss":0.0,"damage_taken":3.0,"relics_obtained":["White Beast Statue"]},{"damage_healed":0.0,"max_hp_gain":0.0,"max_hp_loss":0.0,"gold_gain":0.0,"event_name":"Match and Keep!","player_choice":"1 cards matched","floor":5.0,"gold_loss":0.0,"damage_taken":0.0,"cards_obtained":["Pommel Strike"]},{"damage_healed":0.0,"max_hp_gain":0.0,"max_hp_loss":0.0,"gold_gain":0.0,"event_name":"The Library","player_choice":"Read","floor":19.0,"gold_loss":0.0,"damage_taken":0.0,"cards_obtained":["Flame Barrier"]}],"is_beta":true,"boss_relics":[{"not_picked":["Calling Bell","Black Star"],"picked":"SlaversCollar"}],"items_purged_floors":[22],"is_endless":false,"potions_floor_spawned":[3,6,10,11,12,13,14,16,18,20,21,24],"killed_by":"Shelled Parasite and Fungi","ascension_level":8}