{"gold_per_floor":[109,59,72,86,101,127,127,147,147,147,165,198,213,21,21,116,116,129,129,81,81,81,81,112,112,112,126,136,136,154,54,54,159,159,177,197,209,12,12,12,25,25,51,51,51,51,51,51,51,51],"floor_reached":50,"playtime":2634,"items_purged":["Strike_R","Defend_R"],"score":564,"play_id":"1e17c121-b754-4fc2-9f49-c6c9680e4453","local_time":"20180807174354","is_ascension_mode":true,"campfire_choices":[{"data":"Flex","floor":7.0,"key":"SMITH"},{"data":"Whirlwind","floor":10.0,"key":"SMITH"},{"data":"True Grit","floor":15.0,"key":"SMITH"},{"data":"Warcry","floor":23.0,"key":"SMITH"},{"data":"Armaments","floor":25.0,"key":"SMITH"},{"data":"Evolve","floor":29.0,"key":"SMITH"},{"data":"Immolate","floor":32.0,"key":"SMITH"},{"data":"Inflame","floor":40.0,"key":"SMITH"},{"data":"Shrug It Off","floor":42.0,"key":"SMITH"},{"floor":46.0,"key":"REST"},{"data":"Dark Shackles","floor":49.0,"key":"SMITH"}],"neow_cost":"NONE","seed_source_timestamp":0,"circlet_count":0,"master_deck":["Strike_R","Strike_R","Strike_R","Defend_R","Defend_R","Defend_R","Bash+1","Flex+1","True Grit+1","Whirlwind+1","Twin Strike","Inflame+1","Immolate+1","Sword Boomerang","Warcry+1","Shrug It Off+1","Evolve+1","Spot Weakness+1","Feed+1","Secret Weapon","Jack Of All Trades","Dark Shackles+1"],"special_seed":0,"relics":["Burning Blood","Torii","Lantern","Omamori","Mark of Pain","Bag of Preparation","Meat on the Bone","Bottled Tornado","Cursed Key","Pen Nib","Blood Vial"],"potions_floor_usage":[50,50],"damage_taken":[{"damage":7.0,"enemies":"Jaw Worm","floor":1.0,"turns":3.0},{"damage":0.0,"enemies":"Small Slimes","floor":3.0,"turns":3.0},{"damage":0.0,"enemies":"Cultist","floor":4.0,"turns":2.0},{"damage":11.0,"enemies":"Red Slaver","floor":5.0,"turns":3.0},{"damage":38.0,"enemies":"Lagavulin","floor":6.0,"turns":6.0},{"damage":0.0,"enemies":"2 Fungi Beasts","floor":8.0,"turns":4.0},{"damage":1.0,"enemies":"Looter","floor":11.0,"turns":3.0},{"damage":16.0,"enemies":"Gremlin Nob","floor":12.0,"turns":3.0},{"damage":1.0,"enemies":"Blue Slaver","floor":13.0,"turns":4.0},{"damage":45.0,"enemies":"Hexaghost","floor":16.0,"turns":9.0},{"damage":0.0,"enemies":"2 Thieves","floor":18.0,"turns":1.0},{"damage":8.0,"enemies":"Slavers","floor":24.0,"turns":4.0},{"damage":0.0,"enemies":"Chosen","floor":27.0,"turns":2.0},{"damage":0.0,"enemies":"3 Cultists","floor":28.0,"turns":2.0},{"damage":30.0,"enemies":"Slaver and Parasite","floor":30.0,"turns":4.0},{"damage":49.0,"enemies":"Collector","floor":33.0,"turns":6.0},{"damage":6.0,"enemies":"Orb Walker","floor":35.0,"turns":3.0},{"damage":14.0,"enemies":"3 Shapes","floor":36.0,"turns":4.0},{"damage":0.0,"enemies":"3 Darklings","floor":37.0,"turns":1.0},{"damage":18.0,"enemies":"Spire Growth","floor":41.0,"turns":4.0},{"damage":83,"enemies":"Time Eater","floor":50,"turns":4}],"seed_played":"-8561716301412038161","potions_obtained":[{"floor":1.0,"key":"Regen Potion"},{"floor":3.0,"key":"Explosive Potion"},{"floor":6.0,"key":"Explosive Potion"},{"floor":11.0,"key":"Fire Potion"},{"floor":16.0,"key":"Strength Potion"},{"floor":18.0,"key":"PowerPotion"},{"floor":36.0,"key":"AttackPotion"},{"floor":37.0,"key":"SpeedPotion"}],"is_trial":false,"path_per_floor":["M","?","M","M","M","E","R","M","T","R","M","E","M","$","R","B",null,"M","T","$","?","$","R","E","R","T","M","M","R","M","$","R","B",null,"M","M","M","$","?","R","M","R","T","$","?","R","$","?","R"],"character_chosen":"IRONCLAD","items_purchased":["Twin Strike","Inflame","Warcry","Pen Nib","AttackPotion"],"campfire_rested":1,"item_purchase_floors":[14,14,20,38,38],"current_hp_per_floor":[79,79,80,80,75,43,43,49,49,49,54,44,49,49,49,10,80,80,80,80,80,80,80,78,78,78,80,80,80,56,56,56,25,80,80,75,81,81,81,81,69,69,69,69,59,83,83,83,83,0],"gold":51,"neow_bonus":"UPGRADE_CARD","is_prod":false,"is_daily":false,"chose_seed":false,"campfire_upgraded":10,"win_rate":0,"timestamp":1533656634,"path_taken":["M","?","M","?","M","E","R","M","T","R","M","E","M","$","R","BOSS","M","?","$","?","?","R","E","R","T","?","M","R","M","$","R","BOSS","M","M","M","$","?","R","M","R","T","$","?","R","$","?","R","BOSS"],"build_version":"2018-08-02","purchased_purges":2,"victory":false,"max_hp_per_floor":[80,80,80,80,80,80,80,80,80,80,80,80,80,80,80,80,80,80,80,80,80,80,80,80,80,80,80,80,80,80,80,80,80,80,80,83,83,83,83,83,83,83,83,83,83,83,83,83,83,83],"card_choices":[{"not_picked":["Sword Boomerang","Infernal Blade"],"picked":"Flex","floor":1.0},{"not_picked":["Clash","Body Slam","Perfected Strike"],"picked":"SKIP","floor":3.0},{"not_picked":["Reckless Charge","Flex"],"picked":"True Grit","floor":4.0},{"not_picked":["Flex","Body Slam","Rage"],"picked":"SKIP","floor":5.0},{"not_picked":["Entrench","Exhume","Demon Form"],"picked":"SKIP","floor":6.0},{"not_picked":["Burning Pact","Wild Strike"],"picked":"Whirlwind","floor":8.0},{"not_picked":["Blood for Blood","Dual Wield"],"picked":"Armaments","floor":11.0},{"not_picked":["Battle Trance","Evolve","Armaments"],"picked":"SKIP","floor":12.0},{"not_picked":["Dual Wield","Warcry","Flex"],"picked":"SKIP","floor":13.0},{"not_picked":["Exhume","Fiend Fire"],"picked":"Immolate","floor":16.0},{"not_picked":["Infernal Blade","Armaments"],"picked":"Sword Boomerang","floor":18.0},{"not_picked":["Reckless Charge","Anger+1"],"picked":"Evolve","floor":24.0},{"not_picked":["Flex","Pommel Strike"],"picked":"Spot Weakness+1","floor":27.0},{"not_picked":["Flex","Anger","Dropkick"],"picked":"SKIP","floor":28.0},{"not_picked":["Dual Wield+1","Seeing Red+1","Anger"],"picked":"SKIP","floor":30.0},{"not_picked":["Brutality","Dark Embrace"],"picked":"Feed","floor":33.0},{"not_picked":["Warcry","Clothesline+1","Flex+1"],"picked":"SKIP","floor":35.0},{"not_picked":["Heavy Blade","Twin Strike+1","Wild Strike"],"picked":"SKIP","floor":36.0},{"not_picked":["Seeing Red+1","Iron Wave","Dark Embrace"],"picked":"SKIP","floor":37.0},{"not_picked":["Rupture+1","Perfected Strike+1","Anger+1"],"picked":"SKIP","floor":41.0},{"not_picked":["Mind Blast","Purity"],"picked":"Secret Weapon","floor":45.0},{"not_picked":["Transmutation","Dramatic Entrance"],"picked":"Jack Of All Trades","floor":45.0},{"not_picked":["Master of Strategy","Transmutation"],"picked":"Dark Shackles","floor":45.0}],"player_experience":91026,"relics_obtained":[{"floor":6.0,"key":"Torii"},{"floor":9.0,"key":"Lantern"},{"floor":12.0,"key":"Omamori"},{"floor":19.0,"key":"Bag of Preparation"},{"floor":24.0,"key":"Meat on the Bone"},{"floor":26.0,"key":"Bottled Tornado"},{"floor":43.0,"key":"Blood Vial"}],"event_choices":[{"event_name":"The Cleric","player_choice":"Card Removal","floor":2.0,"damage_taken":0.0},{"event_name":"The Library","player_choice":"Read","floor":21.0,"damage_taken":0.0},{"event_name":"Upgrade Shrine","player_choice":"Upgraded","floor":39.0,"damage_taken":0.0},{"event_name":"SensoryStone","player_choice":"Memory 3","floor":45.0,"damage_taken":0.0},{"event_name":"Falling","player_choice":"Removed Skill","floor":48.0,"damage_taken":0.0}],"is_beta":false,"boss_relics":[{"not_picked":["Snecko Eye","Empty Cage"],"picked":"Mark of Pain"},{"not_picked":["Coffee Dripper","White Beast Statue"],"picked":"Cursed Key"}],"items_purged_floors":[14,31],"is_endless":false,"potions_floor_spawned":[1,3,6,11,16,18,24,27,28,36,37],"killed_by":"Time Eater","ascension_level":4}