{"path_per_floor":["M","M","?","?","?","R","M","E","T","E","M","R","?","$","R","B",null,"M","?","?","$","M","E","R","E","T","R","M","M","M","$","R","B",null,"M","M","?","M","M","R","$","?","T","?","?","$","R","?","R","B"],"character_chosen":"IRONCLAD","items_purchased":["Flex","Pen Nib","Sword Boomerang","Regal Pillow","Whetstone","Explosive Potion","Poison Potion","Battle Trance"],"gold_per_floor":[213,226,226,226,226,226,249,283,283,321,335,335,335,53,53,178,178,198,198,198,48,72,110,110,153,153,153,173,187,207,82,82,207,207,227,245,245,259,274,274,123,123,172,172,505,81,81,81,81,81],"floor_reached":51,"campfire_rested":3,"playtime":2753,"current_hp_per_floor":[76,73,73,55,55,55,56,49,49,27,29,54,54,54,54,51,84,84,84,84,84,72,34,59,84,84,84,72,57,67,67,67,17,84,49,55,55,77,29,54,54,54,54,43,43,43,43,84,84,25],"items_purged":["Regret","Strike_R","Strike_R","Strike_R"],"gold":81,"score":618,"play_id":"838d6710-a329-4f23-a6d6-2669e36659b1","local_time":"20180309165759","is_prod":false,"is_daily":false,"is_ascension_mode":true,"campfire_upgraded":6,"timestamp":1520611079,"path_taken":["M","M","?","?","?","R","M","E","T","E","M","R","?","$","R","BOSS","M","?","?","$","M","E","R","E","T","R","?","M","M","$","R","BOSS","M","M","?","M","M","R","$","?","T","?","?","$","R","?","R","BOSS"],"build_version":"2018-03-01-PROD1","purchased_purges":4,"victory":true,"master_deck":["Strike_R","Defend_R","Defend_R","Defend_R","Defend_R","Bash+1","Shrug It Off","Heavy Blade+1","Inflame+1","Armaments+1","Sword Boomerang+1","Flex+1","Reaper","Flash of Steel","Flex+1","Sword Boomerang","Sword Boomerang+1","Headbutt+1","Shrug It Off","Spot Weakness+1","Twin Strike+1","Dual Wield","Madness","Battle Trance"],"max_hp_per_floor":[80,80,80,80,74,74,74,84,84,84,84,84,84,84,84,84,84,84,84,84,84,84,84,84,84,84,84,84,84,84,84,84,84,84,84,84,84,84,84,84,84,84,84,84,84,84,84,84,84,84],"relics":["Burning Blood","Bag of Preparation","Pear","Sundial","Matryoshka","Gremlin Horn","Pen Nib","Runic Dome","Paper Frog","Dream Catcher","Oddly Smooth Stone","Bottled Lightning","Lizard Tail","Regal Pillow","Meat on the Bone","Juzu Bracelet","Whetstone"],"card_choices":[{"not_picked":["Heavy Blade","Cleave"],"picked":"Shrug It Off"},{"not_picked":["Warcry","Second Wind"],"picked":"Heavy Blade"},{"not_picked":["Warcry","Pommel Strike"],"picked":"Inflame"},{"not_picked":["Combust","Dark Embrace"],"picked":"Armaments"},{"not_picked":["Pommel Strike","Havoc"],"picked":"Sword Boomerang"},{"not_picked":["Immolate","Impervious"],"picked":"Reaper"},{"not_picked":["Headbutt","Battle Trance"],"picked":"Sword Boomerang"},{"not_picked":["Evolve","Shockwave"],"picked":"Headbutt"},{"not_picked":["Perfected Strike","Pommel Strike"],"picked":"Shrug It Off"},{"not_picked":["Warcry","Wild Strike"],"picked":"Spot Weakness"},{"not_picked":["Corruption","Armaments"],"picked":"Demon Form"},{"not_picked":["True Grit","Flex"],"picked":"Twin Strike"},{"not_picked":["Havoc","Cleave"],"picked":"Dual Wield"}],"player_experience":54769,"potions_floor_usage":[23,28,33,33,33,50,50,50],"damage_taken":[{"damage":10,"enemies":"Jaw Worm","floor":1,"turns":4},{"damage":9,"enemies":"Cultist","floor":2,"turns":5},{"damage":5,"enemies":"2 Louse","floor":7,"turns":3},{"damage":23,"enemies":"3 Sentries","floor":8,"turns":13},{"damage":28,"enemies":"Gremlin Nob","floor":10,"turns":4},{"damage":4,"enemies":"Exordium Wildlife","floor":11,"turns":4},{"damage":9,"enemies":"Slime Boss","floor":16,"turns":8},{"damage":5,"enemies":"Spheric Guardian","floor":18,"turns":3},{"damage":18,"enemies":"Chosen","floor":22,"turns":3},{"damage":44,"enemies":"Slavers","floor":23,"turns":3},{"damage":0,"enemies":"Gremlin Leader","floor":25,"turns":4},{"damage":18,"enemies":"Snecko","floor":28,"turns":4},{"damage":21,"enemies":"Snake Plant","floor":29,"turns":2},{"damage":0,"enemies":"Chosen and Byrds","floor":30,"turns":3},{"damage":56,"enemies":"Champ","floor":33,"turns":7},{"damage":41,"enemies":"3 Darklings","floor":35,"turns":4},{"damage":0,"enemies":"Orb Walker","floor":36,"turns":2},{"damage":13,"enemies":"4 Shapes","floor":38,"turns":9},{"damage":54,"enemies":"Sphere and 2 Shapes","floor":39,"turns":4},{"damage":144,"enemies":"Donu and Deca","floor":50,"turns":9}],"event_choices":[{"event_name":"Purifier","player_choice":"One Purge","floor":3,"damage_taken":0},{"event_name":"Scrap Ooze","player_choice":"success","floor":4,"damage_taken":18},{"event_name":"Golden Idol","player_choice":"Lose Max HP","floor":5,"damage_taken":0},{"event_name":"Big Fish","player_choice":"Box","floor":13,"damage_taken":0},{"event_name":"Match and Keep!","player_choice":"1 cards matched","floor":19,"damage_taken":0},{"event_name":"The Library","player_choice":"Read","floor":20,"damage_taken":0},{"event_name":"Tomb of Lord Red Mask","player_choice":"Ignored","floor":42,"damage_taken":0},{"event_name":"Winding Halls","player_choice":"Embrace Madness","floor":44,"damage_taken":0},{"event_name":"The Moai Head","player_choice":"Gave Idol","floor":45,"damage_taken":0},{"event_name":"Bonfire Elementals","player_choice":"UNCOMMON","floor":48,"damage_taken":0}],"boss_relics":[{"not_picked":["Cursed Key","Runic Pyramid"],"picked":"Runic Dome"},{"not_picked":["Orrery","Philosopher\u0027s Stone"],"picked":"Lizard Tail"}],"potions_floor_spawned":[8,10,18,25,28,36,38],"seed_played":"4235314725050841178","ascension_level":1,"is_trial":false}