{"gold_per_floor":[113,125,144,160,160,160,183,183,183,208,208,208,17,17,17,145,145,159,174,19,37,50,91,91,105,105,121,134,174,193,217,217,336,336,352,352,352,97,116,116,116,132,213,213,244,244,268,292,292,292],"floor_reached":51,"playtime":3027,"items_purged":["Strike_B","Strike_B"],"score":715,"play_id":"6058f4b9-19ea-47c7-a0b6-6a996adaabfa","local_time":"20191022223818","is_ascension_mode":false,"campfire_choices":[{"data":"Zap","floor":6.0,"key":"SMITH"},{"floor":8.0,"key":"REST"},{"data":"Conserve Battery","floor":12.0,"key":"SMITH"},{"floor":15.0,"key":"REST"},{"floor":24,"key":"REST"},{"floor":32,"key":"REST"},{"floor":44,"key":"RECALL"},{"floor":46,"key":"REST"},{"floor":49,"key":"REST"}],"neow_cost":"NONE","seed_source_timestamp":287579615136000,"circlet_count":0,"master_deck":["Strike_B","Strike_B","Defend_B","Defend_B","Defend_B","Zap+1","Dualcast","Double Energy","Melter","Conserve Battery+1","Apotheosis+1","Electrodynamics","CurseOfTheBell","Hologram","Capacitor","Reinforced Body","Leap+1","Coolheaded+1","White Noise+1","Meteor Strike","Glacier+1","Self Repair+1","Meteor Strike","Coolheaded+1","Hologram","Hologram+1"],"special_seed":0,"relics":["Cracked Core","NeowsBlessing","Golden Idol","Regal Pillow","Calling Bell","Art of War","HornCleat","TungstenRod","Ancient Tea Set","Frozen Egg 2","Letter Opener","Fusion Hammer","Runic Capacitor","White Beast Statue","MealTicket"],"potions_floor_usage":[23,45,50,50],"damage_taken":[{"damage":0.0,"enemies":"2 Louse","floor":1.0,"turns":1.0},{"damage":0.0,"enemies":"Cultist","floor":2.0,"turns":1.0},{"damage":0.0,"enemies":"Small Slimes","floor":3.0,"turns":1.0},{"damage":29.0,"enemies":"Exordium Thugs","floor":4.0,"turns":7.0},{"damage":13.0,"enemies":"2 Fungi Beasts","floor":7.0,"turns":3.0},{"damage":8.0,"enemies":"Red Slaver","floor":10.0,"turns":3.0},{"damage":24.0,"enemies":"The Guardian","floor":16.0,"turns":12.0},{"damage":0.0,"enemies":"Spheric Guardian","floor":18.0,"turns":2.0},{"damage":1.0,"enemies":"Shell Parasite","floor":19.0,"turns":5.0},{"damage":24.0,"enemies":"Chosen and Byrds","floor":21.0,"turns":6.0},{"damage":0.0,"enemies":"3 Cultists","floor":22.0,"turns":3.0},{"damage":14,"enemies":"Slavers","floor":23,"turns":5},{"damage":0,"enemies":"Snake Plant","floor":25,"turns":5},{"damage":7,"enemies":"Shelled Parasite and Fungi","floor":27,"turns":7},{"damage":8,"enemies":"Centurion and Healer","floor":28,"turns":7},{"damage":0,"enemies":"Gremlin Leader","floor":29,"turns":9},{"damage":8,"enemies":"Snecko","floor":30,"turns":6},{"damage":0,"enemies":"3 Cultists","floor":31,"turns":4},{"damage":69,"enemies":"Automaton","floor":33,"turns":13},{"damage":3,"enemies":"Orb Walker","floor":35,"turns":5},{"damage":11,"enemies":"3 Darklings","floor":39,"turns":8},{"damage":0,"enemies":"Maw","floor":42,"turns":10},{"damage":43,"enemies":"Nemesis","floor":45,"turns":13},{"damage":0,"enemies":"Sphere and 2 Shapes","floor":47,"turns":6},{"damage":26,"enemies":"4 Shapes","floor":48,"turns":6},{"damage":5,"enemies":"Awakened One","floor":50,"turns":53}],"seed_played":"1666750704909461411","potions_obtained":[{"floor":2.0,"key":"FocusPotion"},{"floor":3.0,"key":"SkillPotion"},{"floor":4.0,"key":"Swift Potion"},{"floor":16.0,"key":"CultistPotion"},{"floor":25,"key":"CultistPotion"},{"floor":42,"key":"GamblersBrew"},{"floor":45,"key":"SpeedPotion"}],"is_trial":false,"path_per_floor":["M","M","M","M","?","R","M","R","T","M","?","R","$","?","R","B",null,"M","M","$","M","M","E","R","M","T","M","M","E","M","M","R","B",null,"M","?","?","$","M","$","?","M","T","R","E","R","M","M","R","B",null],"character_chosen":"DEFECT","items_purchased":["Apotheosis","Capacitor","Runic Capacitor"],"campfire_rested":6,"item_purchase_floors":[13,20,38],"current_hp_per_floor":[75,75,75,46,28,28,15,37,37,29,34,34,34,34,73,49,80,80,79,79,55,55,41,80,80,80,73,65,65,57,57,80,21,80,80,80,80,80,79,79,79,80,80,80,47,80,80,54,80,80],"gold":292,"neow_bonus":"THREE_ENEMY_KILL","is_prod":false,"is_daily":false,"chose_seed":false,"campfire_upgraded":2,"win_rate":0,"timestamp":1571751498,"path_taken":["M","M","M","M","?","R","M","R","T","M","?","R","$","?","R","BOSS","M","M","$","M","M","E","R","M","T","M","?","E","M","M","R","BOSS","M","?","?","$","M","$","?","?","T","R","E","R","M","M","R","BOSS"],"build_version":"2019-10-21","purchased_purges":2,"victory":true,"max_hp_per_floor":[75,75,75,75,75,75,75,75,75,75,80,80,80,80,80,80,80,80,80,80,80,80,80,80,80,80,80,80,80,80,80,80,80,80,80,80,80,80,80,80,80,80,80,80,80,80,80,80,80,80],"card_choices":[{"not_picked":["Streamline","Storm"],"picked":"Double Energy","floor":1.0},{"not_picked":["Blizzard","Steam"],"picked":"Melter","floor":2.0},{"not_picked":["Coolheaded","Ball Lightning"],"picked":"Conserve Battery","floor":3.0},{"not_picked":["Compile Driver","Doom and Gloom","Recycle"],"picked":"SKIP","floor":4.0},{"not_picked":["Barrage","Creative AI","Hello World"],"picked":"SKIP","floor":7.0},{"not_picked":["Streamline","Consume","Aggregate"],"picked":"SKIP","floor":10.0},{"not_picked":["All For One","Machine Learning"],"picked":"Electrodynamics","floor":16.0},{"not_picked":["Steam","Recycle","Barrage"],"picked":"SKIP","floor":18.0},{"not_picked":["Barrage","Streamline"],"picked":"Hologram","floor":19.0},{"not_picked":["Compile Driver+1","Stack"],"picked":"Reinforced Body","floor":21.0},{"not_picked":["FTL","Blizzard"],"picked":"Leap+1","floor":22.0},{"not_picked":["Rebound+1","Streamline+1"],"picked":"Coolheaded+1","floor":23},{"not_picked":["Leap+1","Stack+1","Sweeping Beam"],"picked":"SKIP","floor":25},{"not_picked":["Heatsinks+1","Leap"],"picked":"White Noise+1","floor":27},{"not_picked":["Leap","Static Discharge+1"],"picked":"Meteor Strike","floor":28},{"not_picked":["Aggregate","Reprogram+1","Thunder Strike"],"picked":"SKIP","floor":29},{"not_picked":["Beam Cell","Aggregate"],"picked":"Glacier+1","floor":30},{"not_picked":["Turbo","Hello World+1"],"picked":"Self Repair+1","floor":31},{"not_picked":["Rainbow","Biased Cognition+1"],"picked":"Meteor Strike","floor":33},{"not_picked":["Rebound+1","Ball Lightning+1","Force Field+1"],"picked":"SKIP","floor":35},{"not_picked":["Gash","Redo+1","Rebound+1"],"picked":"SKIP","floor":39},{"not_picked":["Double Energy","Streamline","Ball Lightning"],"picked":"SKIP","floor":42},{"not_picked":["Gash+1","Self Repair+1"],"picked":"Hologram","floor":45},{"not_picked":["Creative AI+1","Streamline+1"],"picked":"Hologram+1","floor":47},{"not_picked":["Chaos+1","Streamline","Fusion"],"picked":"SKIP","floor":48}],"player_experience":724718,"relics_obtained":[{"floor":9.0,"key":"Regal Pillow"},{"floor":17.0,"key":"Art of War"},{"floor":17.0,"key":"HornCleat"},{"floor":17.0,"key":"TungstenRod"},{"floor":23,"key":"Ancient Tea Set"},{"floor":26,"key":"Frozen Egg 2"},{"floor":29,"key":"Letter Opener"},{"floor":43,"key":"White Beast Statue"},{"floor":45,"key":"MealTicket"}],"event_choices":[{"damage_healed":0.0,"max_hp_gain":0.0,"max_hp_loss":0.0,"gold_gain":0.0,"event_name":"Golden Idol","player_choice":"Take Damage","floor":5.0,"gold_loss":0.0,"damage_taken":18.0,"relics_obtained":["Golden Idol"]},{"damage_healed":0.0,"max_hp_gain":5.0,"max_hp_loss":0.0,"gold_gain":0.0,"event_name":"Big Fish","player_choice":"Donut","floor":11.0,"gold_loss":0.0,"damage_taken":0.0},{"damage_healed":0.0,"max_hp_gain":0.0,"max_hp_loss":0.0,"gold_gain":0.0,"event_name":"Accursed Blacksmith","player_choice":"Forge","floor":14.0,"gold_loss":0.0,"damage_taken":0.0,"cards_upgraded":["Apotheosis"]},{"damage_healed":0,"gold_gain":0,"player_choice":"Ignored","damage_taken":0,"max_hp_gain":0,"max_hp_loss":0,"event_name":"Tomb of Lord Red Mask","floor":36,"gold_loss":0},{"cards_removed":["Defend_B"],"damage_healed":0,"gold_gain":0,"player_choice":"Removed Skill","damage_taken":0,"max_hp_gain":0,"max_hp_loss":0,"event_name":"Falling","floor":37,"gold_loss":0},{"damage_healed":0,"gold_gain":0,"player_choice":"Copied","damage_taken":0,"max_hp_gain":0,"max_hp_loss":0,"event_name":"Duplicator","floor":41,"gold_loss":0,"cards_obtained":["Coolheaded"]}],"is_beta":true,"boss_relics":[{"not_picked":["Runic Pyramid","Sozu"],"picked":"Calling Bell"},{"not_picked":["Philosopher\u0027s Stone","Pandora\u0027s Box"],"picked":"Fusion Hammer"}],"items_purged_floors":[20,38],"is_endless":false,"potions_floor_spawned":[2,3,4,16,18,22,25,28,33,35,42,45,47,48],"ascension_level":0}