{"gold_per_floor":[114,114,133,147,157,184,39,73,151,168,183,183,41,69,69,173,173,191,201,41,57,84,112,131,158,158,177,202,202,217,242,242,338,338,349,361,361,281,296,324,359,359,359,392,392,392,410,430,430,430],"floor_reached":51,"playtime":2878,"items_purged":["Whirlwind","Strike_R"],"score":1213,"play_id":"10ca4fd1-3649-4011-b5b5-2c82cb30b906","local_time":"20190624103930","is_ascension_mode":true,"campfire_choices":[{"floor":12.0,"key":"REST"},{"data":"Bash","floor":15.0,"key":"SMITH"},{"data":"Corruption","floor":29,"key":"SMITH"},{"data":"Demon Form","floor":32,"key":"SMITH"},{"data":"Fiend Fire","floor":49,"key":"SMITH"}],"neow_cost":"NONE","seed_source_timestamp":0,"circlet_count":0,"master_deck":["Strike_R","Defend_R","Defend_R","Defend_R","Defend_R","Bash+1","Thunderclap","True Grit","Wild Strike","Reaper","Limit Break","Shrug It Off","Disarm","Demon Form+1","Uppercut","Reaper","Warcry+1","Anger+1","Fiend Fire+1","Havoc","Corruption+1","Brutality","Shrug It Off","Dark Embrace","Dark Shackles","Madness","Madness","Warcry","Feel No Pain+1"],"special_seed":0,"relics":["Burning Blood","Ginger","FossilizedHelix","Dream Catcher","Matryoshka","The Courier","Sozu","Brimstone","Red Mask","Dead Branch","Bag of Preparation","Bronze Scales","Pear","Bottled Tornado","WingedGreaves","Black Star","Magic Flower","Pen Nib","Champion Belt","StoneCalendar","Anchor","Sundial","Darkstone Periapt","Frozen Egg 2"],"potions_floor_usage":[],"damage_taken":[{"damage":8.0,"enemies":"Jaw Worm","floor":1.0,"turns":4.0},{"damage":6.0,"enemies":"Cultist","floor":3.0,"turns":3.0},{"damage":4.0,"enemies":"Small Slimes","floor":4.0,"turns":4.0},{"damage":2.0,"enemies":"2 Fungi Beasts","floor":5.0,"turns":4.0},{"damage":37.0,"enemies":"Gremlin Nob","floor":6.0,"turns":5.0},{"damage":40.0,"enemies":"Lagavulin","floor":8.0,"turns":6.0},{"damage":6.0,"enemies":"3 Louse","floor":10.0,"turns":2.0},{"damage":8.0,"enemies":"Red Slaver","floor":11.0,"turns":4.0},{"damage":14.0,"enemies":"3 Sentries","floor":14.0,"turns":8.0},{"damage":31,"enemies":"The Guardian","floor":16,"turns":11},{"damage":23,"enemies":"Chosen","floor":18,"turns":6},{"damage":18,"enemies":"Spheric Guardian","floor":19,"turns":5},{"damage":30,"enemies":"Centurion and Healer","floor":21,"turns":4},{"damage":35,"enemies":"Masked Bandits","floor":22,"turns":4},{"damage":38,"enemies":"Slavers","floor":23,"turns":3},{"damage":44,"enemies":"Shelled Parasite and Fungi","floor":24,"turns":4},{"damage":3,"enemies":"Gremlin Leader","floor":25,"turns":2},{"damage":1,"enemies":"Snake Plant","floor":27,"turns":3},{"damage":33,"enemies":"Book of Stabbing","floor":28,"turns":3},{"damage":0,"enemies":"3 Cultists","floor":30,"turns":2},{"damage":15,"enemies":"Slavers","floor":31,"turns":2},{"damage":13,"enemies":"Automaton","floor":33,"turns":4},{"damage":2,"enemies":"3 Darklings","floor":35,"turns":3},{"damage":0,"enemies":"Orb Walker","floor":36,"turns":3},{"damage":1,"enemies":"4 Shapes","floor":39,"turns":3},{"damage":0,"enemies":"Giant Head","floor":40,"turns":4},{"damage":0,"enemies":"Reptomancer","floor":41,"turns":2},{"damage":0,"enemies":"Giant Head","floor":44,"turns":2},{"damage":10,"enemies":"Jaw Worm Horde","floor":47,"turns":2},{"damage":0,"enemies":"Spire Growth","floor":48,"turns":2},{"damage":23,"enemies":"Time Eater","floor":50,"turns":5}],"seed_played":"428564851987961589","potions_obtained":[{"floor":6.0,"key":"EssenceOfSteel"},{"floor":8.0,"key":"Dexterity Potion"},{"floor":10.0,"key":"LiquidBronze"},{"floor":11.0,"key":"FairyPotion"},{"floor":14.0,"key":"SneckoOil"}],"is_trial":false,"path_per_floor":["M","?","M","M","M","E","$","E","T","M","M","R","$","E","R","B",null,"M","M","$","M","?","E","M","E","T","M","E","R","M","E","R","B",null,"M","M","?","$","M","E","E","?","T","E","?","?","M","M","R","B",null],"character_chosen":"IRONCLAD","items_purchased":["Reaper","Demon Form","Brimstone"],"campfire_rested":1,"item_purchase_floors":[7,13,20],"current_hp_per_floor":[70,70,70,72,76,45,45,15,15,15,13,37,37,57,57,32,68,64,62,62,54,41,65,43,66,76,81,54,54,90,81,81,90,90,90,90,90,90,90,90,90,90,90,90,79,79,90,90,90,76],"gold":430,"neow_bonus":"TRANSFORM_CARD","is_prod":false,"is_daily":false,"chose_seed":false,"campfire_upgraded":4,"win_rate":0,"timestamp":1561365570,"path_taken":["M","?","M","M","?","E","$","E","T","M","M","R","$","E","R","BOSS","M","M","$","M","?","E","M","E","T","M","E","R","M","E","R","BOSS","M","M","?","$","M","E","E","?","T","E","?","?","M","?","R","BOSS"],"build_version":"2019-01-23","purchased_purges":2,"victory":true,"max_hp_per_floor":[80,80,80,80,80,80,80,80,80,80,80,80,80,80,80,80,80,80,80,80,80,80,80,80,80,90,90,90,90,90,90,90,90,90,90,90,90,90,90,90,90,90,90,90,90,90,90,90,90,90],"card_choices":[{"not_picked":["Body Slam","Thunderclap"],"picked":"Shrug It Off","floor":1.0},{"not_picked":["Armaments","Shrug It Off"],"picked":"True Grit","floor":3.0},{"not_picked":["Clash","Warcry"],"picked":"Whirlwind","floor":4.0},{"not_picked":["Warcry","Armaments"],"picked":"Wild Strike","floor":5.0},{"not_picked":["Heavy Blade","Cleave","Body Slam"],"picked":"SKIP","floor":6.0},{"not_picked":["Fire Breathing","Clash"],"picked":"Limit Break","floor":8.0},{"not_picked":["Clash","Headbutt","Second Wind"],"picked":"SKIP","floor":10.0},{"not_picked":["Sever Soul","Clash"],"picked":"Shrug It Off","floor":11.0},{"not_picked":["Havoc","Twin Strike"],"picked":"Disarm","floor":12.0},{"not_picked":["Cleave","Havoc"],"picked":"Uppercut","floor":14.0},{"not_picked":["Brutality","Demon Form"],"picked":"Reaper","floor":16},{"not_picked":["Wild Strike","Body Slam"],"picked":"Warcry+1","floor":18},{"not_picked":["Havoc","Hemokinesis"],"picked":"Anger+1","floor":19},{"not_picked":["Armaments","Second Wind"],"picked":"Fiend Fire","floor":21},{"not_picked":["Reckless Charge+1","Limit Break"],"picked":"Havoc","floor":23},{"not_picked":["Shrug It Off","Clothesline"],"picked":"Corruption","floor":24},{"not_picked":["Shrug It Off","Body Slam"],"picked":"Brutality","floor":25},{"not_picked":["Twin Strike","Sentinel","Wild Strike"],"picked":"SKIP","floor":27},{"not_picked":["Burning Pact","Sever Soul","Anger"],"picked":"SKIP","floor":28},{"not_picked":["Wild Strike","Headbutt"],"picked":"Shrug It Off","floor":30},{"not_picked":["Heavy Blade","Bludgeon","Uppercut"],"picked":"SKIP","floor":31},{"not_picked":["Immolate","Barricade"],"picked":"Dark Embrace","floor":33},{"not_picked":["Havoc","Clothesline+1","Headbutt"],"picked":"SKIP","floor":35},{"not_picked":["Sword Boomerang+1","Cleave+1","Twin Strike"],"picked":"SKIP","floor":36},{"not_picked":["Transmutation","Discovery"],"picked":"Dark Shackles","floor":37},{"not_picked":["Fire Breathing","Shockwave","Headbutt"],"picked":"SKIP","floor":39},{"not_picked":["Body Slam+1","Thunderclap","Fire Breathing+1"],"picked":"SKIP","floor":40},{"not_picked":["Dropkick+1","Carnage+1","Headbutt"],"picked":"SKIP","floor":41},{"not_picked":["Berserk","Wild Strike","Whirlwind"],"picked":"SKIP","floor":44},{"not_picked":["Searing Blow+1","Shrug It Off"],"picked":"Feel No Pain+1","floor":47},{"not_picked":["Wild Strike","Heavy Blade","Bloodletting"],"picked":"SKIP","floor":48}],"player_experience":205609,"relics_obtained":[{"floor":6.0,"key":"FossilizedHelix"},{"floor":8.0,"key":"Dream Catcher"},{"floor":9.0,"key":"Matryoshka"},{"floor":14.0,"key":"The Courier"},{"floor":22,"key":"Red Mask"},{"floor":23,"key":"Dead Branch"},{"floor":25,"key":"Bag of Preparation"},{"floor":26,"key":"Bronze Scales"},{"floor":26,"key":"Pear"},{"floor":28,"key":"Bottled Tornado"},{"floor":31,"key":"WingedGreaves"},{"floor":40,"key":"Magic Flower"},{"floor":40,"key":"Pen Nib"},{"floor":41,"key":"Champion Belt"},{"floor":41,"key":"StoneCalendar"},{"floor":43,"key":"Anchor"},{"floor":43,"key":"Sundial"},{"floor":44,"key":"Darkstone Periapt"},{"floor":44,"key":"Frozen Egg 2"}],"event_choices":[{"cards_removed":["Shrug It Off"],"damage_healed":0.0,"max_hp_gain":0.0,"max_hp_loss":0.0,"gold_gain":0.0,"event_name":"WeMeetAgain","player_choice":"Gave Card","floor":2.0,"gold_loss":0.0,"damage_taken":0.0,"relics_obtained":["Ginger"]},{"damage_healed":0,"gold_gain":0,"player_choice":"Fought Bandits","damage_taken":0,"max_hp_gain":0,"max_hp_loss":0,"event_name":"Masked Bandits","floor":22,"gold_loss":0},{"damage_healed":0,"gold_gain":0,"player_choice":"Memory 1","damage_taken":0,"max_hp_gain":0,"max_hp_loss":0,"event_name":"SensoryStone","floor":37,"gold_loss":0},{"cards_removed":["Strike_R"],"damage_healed":0,"gold_gain":0,"player_choice":"Removed Attack","damage_taken":0,"max_hp_gain":0,"max_hp_loss":0,"event_name":"Falling","floor":42,"gold_loss":0},{"damage_healed":0,"gold_gain":0,"player_choice":"Embrace Madness","damage_taken":11,"max_hp_gain":0,"max_hp_loss":0,"event_name":"Winding Halls","floor":45,"gold_loss":0,"cards_obtained":["Madness","Madness"]},{"damage_healed":0,"gold_gain":0,"cards_transformed":["Strike_R"],"player_choice":"Transformed","damage_taken":0,"max_hp_gain":0,"max_hp_loss":0,"event_name":"Transmorgrifier","floor":46,"gold_loss":0,"cards_obtained":["Warcry"]}],"is_beta":false,"boss_relics":[{"not_picked":["Black Blood","Lizard Tail"],"picked":"Sozu"},{"not_picked":["Astrolabe","Velvet Choker"],"picked":"Black Star"}],"items_purged_floors":[13,38],"is_endless":false,"potions_floor_spawned":[6,8,10,11,14,18,21,27,28,31,35,36,40,44,48],"ascension_level":6}