{"path_per_floor":["M","M","M","M","$","E","M","M","T","M","R","?","R","?","R","B",null,"M","$","M","M","?","R","?","E","T","R","M","R","$","M","R","B",null,"M","M","?","?","$","R","M","R","T","M","?","$","M","M","R"],"character_chosen":"IRONCLAD","items_purchased":["Whirlwind"],"gold_per_floor":[119,131,142,153,45,72,88,102,102,118,118,118,118,148,148,245,245,255,155,166,177,177,177,177,205,205,205,223,223,98,111,111,207,237,251,261,261,261,111,111,124,124,202,212,212,37,52,67,67],"floor_reached":50,"campfire_rested":3,"playtime":3096,"current_hp_per_floor":[76,78,80,76,76,36,42,42,42,41,41,41,41,41,41,33,80,79,79,80,49,49,49,49,15,15,39,48,48,48,68,68,39,85,75,68,68,85,85,85,46,71,71,63,63,63,72,32,57],"items_purged":["Strike_R","Strike_R","Strike_R","Writhe","Strike_R"],"gold":67,"play_id":"ccfd9a5f-5f74-4e05-aa04-5929f77e23f9","is_prod":false,"is_daily":false,"campfire_rituals":0,"campfire_upgraded":7,"is_hardmode":false,"path_taken":["M","M","M","M","$","E","M","M","T","M","R","?","R","?","R","BOSS","M","$","M","M","?","R","?","E","T","R","M","R","$","M","R","BOSS","M","M","?","?","$","R","M","R","T","M","?","$","M","M","R","BOSS"],"build_version":"2018-01-18-PROD4","purchased_purges":5,"victory":false,"master_deck":["Defend_R","Defend_R","Defend_R","Defend_R","Bash","Shrug It Off","Twin Strike","Cleave","Disarm","Whirlwind","Rampage","Sword Boomerang","Fiend Fire","Thunderclap","Metallicize","Impervious","Offering","Pommel Strike"],"max_hp_per_floor":[80,80,80,80,80,80,80,80,80,80,80,80,80,80,80,80,80,80,80,80,80,80,80,80,80,80,80,80,80,80,80,80,80,85,85,85,85,85,85,85,85,85,85,85,85,85,85,85,85],"relics":["Burning Blood","Vajra","Magic Flower","Black Star","Juzu Bracelet","War Paint","Unceasing Top","Tiny House","Matryoshka"],"campfire_meditates":0,"card_choices":[{"not_picked":["Body Slam","Warcry"],"picked":"Shrug It Off"},{"not_picked":["Intimidate","Headbutt"],"picked":"Twin Strike"},{"not_picked":["Second Wind","Headbutt"],"picked":"Cleave"},{"not_picked":["Rupture","Clothesline"],"picked":"Disarm"},{"not_picked":["Shrug It Off","Brutality"],"picked":"Rampage"},{"not_picked":["Body Slam","Power Through"],"picked":"Sword Boomerang"},{"not_picked":["Limit Break","Barricade"],"picked":"Fiend Fire"},{"not_picked":["Heavy Blade","Clothesline"],"picked":"Thunderclap"},{"not_picked":["Metallicize","Dual Wield"],"picked":"Offering"},{"not_picked":["Power Through","Spot Weakness"],"picked":"Pommel Strike"}],"player_experience":12117,"potions_floor_usage":[25,28,31,35,44,47,50,50],"damage_taken":[{"damage":10,"enemies":"Small Slimes","floor":1,"turns":6},{"damage":4,"enemies":"Blue Slaver","floor":2,"turns":6},{"damage":1,"enemies":"Jaw Worm","floor":3,"turns":3},{"damage":10,"enemies":"3 Louse","floor":4,"turns":4},{"damage":46,"enemies":"Lagavulin","floor":6,"turns":9},{"damage":0,"enemies":"2 Fungi Beasts","floor":7,"turns":2},{"damage":6,"enemies":"Exordium Thugs","floor":8,"turns":4},{"damage":10,"enemies":"Looter","floor":10,"turns":3},{"damage":17,"enemies":"The Guardian","floor":16,"turns":11},{"damage":10,"enemies":"Shell Parasite","floor":18,"turns":6},{"damage":3,"enemies":"3 Byrds","floor":20,"turns":4},{"damage":40,"enemies":"3 Cultists","floor":21,"turns":5},{"damage":43,"enemies":"Slavers","floor":25,"turns":5},{"damage":0,"enemies":"Snecko","floor":28,"turns":5},{"damage":9,"enemies":"Centurion and Healer","floor":31,"turns":5},{"damage":38,"enemies":"Collector","floor":33,"turns":12},{"damage":19,"enemies":"Orb Walker","floor":35,"turns":4},{"damage":16,"enemies":"3 Shapes","floor":36,"turns":3},{"damage":48,"enemies":"3 Darklings","floor":41,"turns":4},{"damage":42,"enemies":"Sphere and 2 Shapes","floor":44,"turns":7},{"damage":25,"enemies":"Maw","floor":47,"turns":8},{"damage":49,"enemies":"4 Shapes","floor":48,"turns":9},{"damage":65,"enemies":"Donu and Deca","floor":50,"turns":5}],"event_choices":[{"event_name":"The Woman in Blue","player_choice":"Bought 0 Potions","floor":12,"damage_taken":0},{"event_name":"Dead Adventurer","player_choice":"Searched \u00271\u0027 times","floor":14,"damage_taken":0},{"event_name":"Match and Keep!","player_choice":"2 cards matched","floor":22,"damage_taken":0},{"event_name":"Match and Keep!","player_choice":"2 cards matched","floor":22,"damage_taken":0},{"event_name":"Match and Keep!","player_choice":"2 cards matched","floor":22,"damage_taken":0},{"event_name":"Vampires","player_choice":"Ignored","floor":24,"damage_taken":0},{"event_name":"Mysterious Sphere","player_choice":"Ignore","floor":37,"damage_taken":0},{"event_name":"Winding Halls","player_choice":"Writhe","floor":38,"damage_taken":0},{"event_name":"Tomb of Lord Red Mask","player_choice":"Ignored","floor":45,"damage_taken":0}],"boss_relics":[{"not_picked":["Runic Cube","Mark of Pain"],"picked":"Black Star"},{"not_picked":["Calling Bell","Eternal Feather"],"picked":"Tiny House"}],"potions_floor_spawned":[3,7,8,25,28,35,44],"seed_played":"2984653854849746050","killed_by":"Donu and Deca","is_trial":false}