{"gold_per_floor":[110,124,48,59,29,61,61,71,71,36,64,64,95,107,107,205,205,223,189,114,18,36,36,36,52,52,77,77,77,92,110,110,213,213,223,223,223,50,69,69,100,100,100,100,100,100,115,127,127,127],"floor_reached":51,"playtime":2331,"items_purged":["Strike_R","Defend_R"],"score":1081,"play_id":"8a85f2ce-930e-4f43-8c2b-3f4d202bdac6","local_time":"20191025214918","is_ascension_mode":true,"campfire_choices":[{"data":"Uppercut","floor":7.0,"key":"SMITH"},{"floor":15.0,"key":"REST"},{"data":"Disarm","floor":23.0,"key":"SMITH"},{"data":"Shrug It Off","floor":29.0,"key":"SMITH"},{"data":"Metallicize","floor":32.0,"key":"SMITH"},{"data":"Inflame","floor":40.0,"key":"SMITH"},{"floor":42.0,"key":"REST"},{"data":"Shrug It Off","floor":45,"key":"SMITH"},{"data":"Pommel Strike","floor":49,"key":"SMITH"}],"neow_cost":"NONE","seed_source_timestamp":99107251292600,"circlet_count":0,"master_deck":["AscendersBane","Strike_R","Strike_R+1","Defend_R+1","Defend_R","Defend_R","Bash","Pommel Strike+1","Ghostly Armor","Metallicize+1","True Grit","Uppercut+1","Cleave","Sentinel","Disarm+1","Reaper","Inflame+1","Battle Trance+1","Shrug It Off+1","Shrug It Off+1","Disarm+1","Power Through","Impervious","Sword Boomerang+1","Inflame+1","Shrug It Off+1","Madness","Madness"],"special_seed":0,"relics":["Burning Blood","Smiling Mask","Blue Candle","White Beast Statue","Peace Pipe","Philosopher\u0027s Stone","Turnip","Akabeko","Cursed Key","Toy Ornithopter"],"potions_floor_usage":[50,50],"damage_taken":[{"damage":20.0,"enemies":"Small Slimes","floor":1.0,"turns":4.0},{"damage":8.0,"enemies":"Jaw Worm","floor":2.0,"turns":4.0},{"damage":8.0,"enemies":"2 Louse","floor":4.0,"turns":3.0},{"damage":1.0,"enemies":"Looter","floor":5.0,"turns":4.0},{"damage":44.0,"enemies":"Lagavulin","floor":6.0,"turns":8.0},{"damage":3.0,"enemies":"Blue Slaver","floor":8.0,"turns":4.0},{"damage":16.0,"enemies":"Gremlin Nob","floor":11.0,"turns":4.0},{"damage":19.0,"enemies":"Lagavulin","floor":13.0,"turns":8.0},{"damage":3.0,"enemies":"3 Louse","floor":14.0,"turns":4.0},{"damage":18.0,"enemies":"The Guardian","floor":16.0,"turns":16.0},{"damage":26.0,"enemies":"Shell Parasite","floor":18.0,"turns":13.0},{"damage":30.0,"enemies":"2 Thieves","floor":19.0,"turns":5.0},{"damage":10.0,"enemies":"Shelled Parasite and Fungi","floor":22.0,"turns":8.0},{"damage":15.0,"enemies":"Centurion and Healer","floor":25.0,"turns":8.0},{"damage":10.0,"enemies":"Book of Stabbing","floor":27.0,"turns":6.0},{"damage":21.0,"enemies":"3 Cultists","floor":30.0,"turns":7.0},{"damage":24.0,"enemies":"Cultist and Chosen","floor":31.0,"turns":8.0},{"damage":55.0,"enemies":"Automaton","floor":33.0,"turns":15.0},{"damage":2.0,"enemies":"Orb Walker","floor":35.0,"turns":7.0},{"damage":12.0,"enemies":"3 Shapes","floor":39.0,"turns":8.0},{"damage":51.0,"enemies":"Reptomancer","floor":41.0,"turns":7.0},{"damage":2,"enemies":"Maw","floor":47,"turns":8},{"damage":24,"enemies":"Sphere and 2 Shapes","floor":48,"turns":8},{"damage":52,"enemies":"Awakened One","floor":50,"turns":16}],"seed_played":"-4167766036540356979","potions_obtained":[{"floor":8.0,"key":"FearPotion"},{"floor":11.0,"key":"Weak Potion"},{"floor":13.0,"key":"SkillPotion"},{"floor":16.0,"key":"Ancient Potion"},{"floor":18.0,"key":"Dexterity Potion"},{"floor":19.0,"key":"Dexterity Potion"},{"floor":22.0,"key":"DistilledChaos"},{"floor":25.0,"key":"AttackPotion"},{"floor":27.0,"key":"AttackPotion"},{"floor":30.0,"key":"ElixirPotion"},{"floor":31.0,"key":"ColorlessPotion"},{"floor":33.0,"key":"EssenceOfSteel"},{"floor":35.0,"key":"HeartOfIron"},{"floor":41.0,"key":"EssenceOfSteel"},{"floor":47,"key":"Strength Potion"}],"is_trial":false,"path_per_floor":["M","M","$","M","M","E","R","M","T","?","E","?","E","M","R","B",null,"M","M","?","$","M","R","?","M","T","E","?","R","M","M","R","B",null,"M","?","?","$","M","R","E","R","T","?","R","?","M","M","R","B",null],"character_chosen":"IRONCLAD","items_purchased":["Metallicize","Shrug It Off","Inflame","Shrug It Off"],"campfire_rested":2,"item_purchase_floors":[3,21,38,38],"current_hp_per_floor":[66,64,64,62,67,29,29,32,32,54,44,26,13,16,42,30,74,54,40,40,40,36,36,65,66,66,69,69,69,68,50,50,13,69,73,73,73,73,67,67,22,48,48,37,37,37,54,60,60,48],"gold":127,"neow_bonus":"TEN_PERCENT_HP_BONUS","is_prod":false,"is_daily":false,"chose_seed":false,"campfire_upgraded":7,"win_rate":0,"timestamp":1572032958,"path_taken":["M","M","$","M","M","E","R","M","T","?","E","?","E","M","R","BOSS","M","M","?","$","M","R","?","M","T","E","?","R","M","M","R","BOSS","M","?","?","$","M","R","E","R","T","?","R","?","?","M","R","BOSS"],"build_version":"2019-10-25-V2","purchased_purges":2,"victory":true,"max_hp_per_floor":[88,88,88,88,88,88,88,88,88,88,88,88,88,88,88,88,88,88,88,88,88,88,88,88,88,88,88,88,88,88,88,88,88,88,88,88,88,88,88,88,88,88,88,88,88,88,88,88,88,88],"card_choices":[{"not_picked":["Sword Boomerang","Warcry"],"picked":"Pommel Strike","floor":1.0},{"not_picked":["Hemokinesis","Pommel Strike"],"picked":"Ghostly Armor","floor":2.0},{"not_picked":["Perfected Strike","Infernal Blade"],"picked":"True Grit","floor":4.0},{"not_picked":["Headbutt","Havoc","Infernal Blade"],"picked":"SKIP","floor":5.0},{"not_picked":["Sword Boomerang","Havoc"],"picked":"Uppercut","floor":6.0},{"not_picked":["Twin Strike","Armaments"],"picked":"Cleave","floor":8.0},{"not_picked":["Dropkick","Battle Trance"],"picked":"Sentinel","floor":11.0},{"not_picked":["Cleave","True Grit"],"picked":"Disarm","floor":13.0},{"not_picked":["Twin Strike","Hemokinesis","Body Slam"],"picked":"SKIP","floor":14.0},{"not_picked":["Exhume","Double Tap"],"picked":"Reaper","floor":16.0},{"not_picked":["Carnage+1","Warcry+1"],"picked":"Inflame+1","floor":18.0},{"not_picked":["Anger","Cleave"],"picked":"Battle Trance+1","floor":19.0},{"not_picked":["Body Slam+1","Warcry","Ghostly Armor"],"picked":"SKIP","floor":22.0},{"not_picked":["Iron Wave","Carnage"],"picked":"Shrug It Off+1","floor":25.0},{"not_picked":["Immolate","Warcry"],"picked":"Disarm+1","floor":27.0},{"not_picked":["Pummel","Havoc+1","Hemokinesis"],"picked":"SKIP","floor":30.0},{"not_picked":["Body Slam","Clash+1"],"picked":"Power Through","floor":31.0},{"not_picked":["Limit Break","Offering"],"picked":"Impervious","floor":33.0},{"not_picked":["Anger","Ghostly Armor"],"picked":"Sword Boomerang+1","floor":35.0},{"not_picked":["Armaments+1","Anger+1","Combust+1"],"picked":"SKIP","floor":39.0},{"not_picked":["Pummel","Intimidate","Entrench"],"picked":"SKIP","floor":41.0},{"not_picked":["Iron Wave","Thunderclap","Battle Trance"],"picked":"SKIP","floor":47},{"not_picked":["Clash+1","Blood for Blood","Armaments+1"],"picked":"SKIP","floor":48}],"player_experience":519006,"relics_obtained":[{"floor":6.0,"key":"Smiling Mask"},{"floor":9.0,"key":"Blue Candle"},{"floor":11.0,"key":"White Beast Statue"},{"floor":13.0,"key":"Peace Pipe"},{"floor":26.0,"key":"Turnip"},{"floor":27.0,"key":"Akabeko"},{"floor":41.0,"key":"Toy Ornithopter"}],"event_choices":[{"damage_healed":22.0,"max_hp_gain":0.0,"max_hp_loss":0.0,"gold_gain":0.0,"event_name":"The Cleric","player_choice":"Healed","floor":10.0,"gold_loss":35.0,"damage_taken":0.0},{"damage_healed":0.0,"max_hp_gain":0.0,"max_hp_loss":0.0,"gold_gain":0.0,"event_name":"Shining Light","player_choice":"Entered Light","floor":12.0,"gold_loss":0.0,"damage_taken":18.0,"cards_upgraded":["Defend_R","Strike_R"]},{"cards_removed":["Strike_R"],"damage_healed":0.0,"max_hp_gain":0.0,"max_hp_loss":0.0,"gold_gain":0.0,"event_name":"Beggar","player_choice":"Gave Gold","floor":20.0,"gold_loss":75.0,"damage_taken":0.0},{"damage_healed":29.0,"max_hp_gain":0.0,"max_hp_loss":0.0,"gold_gain":0.0,"event_name":"The Library","player_choice":"Heal","floor":24.0,"gold_loss":0.0,"damage_taken":0.0},{"damage_healed":0.0,"max_hp_gain":0.0,"max_hp_loss":0.0,"gold_gain":0.0,"event_name":"The Mausoleum","player_choice":"Ignored","floor":28.0,"gold_loss":0.0,"damage_taken":0.0},{"damage_healed":0.0,"max_hp_gain":0.0,"max_hp_loss":0.0,"gold_gain":0.0,"event_name":"Mysterious Sphere","player_choice":"Ignored","floor":36.0,"gold_loss":0.0,"damage_taken":0.0},{"cards_removed":["Strike_R"],"damage_healed":0.0,"max_hp_gain":0.0,"max_hp_loss":0.0,"gold_gain":0.0,"event_name":"Falling","player_choice":"Removed Attack","floor":37.0,"gold_loss":0.0,"damage_taken":0.0},{"damage_healed":0,"gold_gain":0,"player_choice":"Embrace Madness","damage_taken":11,"max_hp_gain":0,"max_hp_loss":0,"event_name":"Winding Halls","floor":44,"gold_loss":0,"cards_obtained":["Madness","Madness"]},{"damage_healed":0,"gold_gain":0,"player_choice":"Ignored","damage_taken":0,"max_hp_gain":0,"max_hp_loss":0,"event_name":"The Moai Head","floor":46,"gold_loss":0}],"is_beta":true,"boss_relics":[{"not_picked":["Ectoplasm","Black Star"],"picked":"Philosopher\u0027s Stone"},{"not_picked":["Pandora\u0027s Box","Runic Dome"],"picked":"Cursed Key"}],"items_purged_floors":[21,38],"is_endless":false,"potions_floor_spawned":[8,11,13,14,16,18,19,22,25,27,30,31,33,35,39,41,47,48],"ascension_level":11}