{"gold_per_floor":[111,123,123,140,140,172,172,199,270,270,270,348,378,390,390,491,491,504,523,538,488,488,514,514,528,528,541,450,450,465,476,476,574,574,593,426,436,72,86,86,121,141,141,153,153,153,167,167,167,167],"floor_reached":51,"playtime":2023,"items_purged":["Strike_R","Strike_R","Strike_R"],"score":1350,"play_id":"168156b4-2fd2-437f-8f9a-0351e36d1e6d","local_time":"20191025223453","is_ascension_mode":true,"campfire_choices":[{"data":"Carnage","floor":7.0,"key":"SMITH"},{"data":"Feed","floor":10.0,"key":"SMITH"},{"floor":15.0,"key":"REST"},{"data":"Shockwave","floor":29.0,"key":"SMITH"},{"data":"Evolve","floor":32.0,"key":"SMITH"},{"data":"Bludgeon","floor":40.0,"key":"SMITH"},{"data":"Disarm","floor":45,"key":"SMITH"},{"floor":49,"key":"REST"}],"neow_cost":"NONE","seed_source_timestamp":102127985182200,"circlet_count":0,"master_deck":["AscendersBane","Strike_R+1","Defend_R","Defend_R","Defend_R+1","Defend_R","Bash","Thunderclap","Ghostly Armor","Power Through","Carnage+1","Disarm+1","Bludgeon+1","Shockwave+1","Berserk","Shrug It Off+1","Evolve+1","Barricade"],"special_seed":0,"relics":["Burning Blood","Smiling Mask","Calipers","Centennial Puzzle","Question Card","Champion Belt","Snecko Eye","MutagenicStrength","The Courier","Toxic Egg 2","Sozu","Red Skull","Medical Kit","Lizard Tail","Ice Cream","Meat on the Bone"],"potions_floor_usage":[50],"damage_taken":[{"damage":7.0,"enemies":"Small Slimes","floor":1.0,"turns":4.0},{"damage":1.0,"enemies":"Cultist","floor":2.0,"turns":3.0},{"damage":4.0,"enemies":"Jaw Worm","floor":4.0,"turns":4.0},{"damage":18.0,"enemies":"Gremlin Nob","floor":6.0,"turns":4.0},{"damage":20.0,"enemies":"Lagavulin","floor":8.0,"turns":7.0},{"damage":19.0,"enemies":"3 Sentries","floor":13.0,"turns":7.0},{"damage":10.0,"enemies":"3 Louse","floor":14.0,"turns":3.0},{"damage":57.0,"enemies":"The Guardian","floor":16.0,"turns":18.0},{"damage":2.0,"enemies":"3 Byrds","floor":18.0,"turns":3.0},{"damage":0.0,"enemies":"Spheric Guardian","floor":19.0,"turns":3.0},{"damage":6.0,"enemies":"3 Cultists","floor":20.0,"turns":4.0},{"damage":4.0,"enemies":"Book of Stabbing","floor":23.0,"turns":3.0},{"damage":16.0,"enemies":"Shelled Parasite and Fungi","floor":25.0,"turns":7.0},{"damage":0.0,"enemies":"Cultist and Chosen","floor":27.0,"turns":4.0},{"damage":7.0,"enemies":"Sentry and Sphere","floor":30.0,"turns":4.0},{"damage":23.0,"enemies":"3 Cultists","floor":31.0,"turns":7.0},{"damage":0.0,"enemies":"Automaton","floor":33.0,"turns":10.0},{"damage":12.0,"enemies":"3 Shapes","floor":35.0,"turns":3.0},{"damage":3.0,"enemies":"Orb Walker","floor":37.0,"turns":3.0},{"damage":20.0,"enemies":"Spire Growth","floor":39.0,"turns":4.0},{"damage":30.0,"enemies":"Nemesis","floor":41.0,"turns":7.0},{"damage":15.0,"enemies":"Transient","floor":42.0,"turns":5.0},{"damage":21,"enemies":"3 Darklings","floor":44,"turns":3},{"damage":36,"enemies":"Sphere and 2 Shapes","floor":47,"turns":9},{"damage":4,"enemies":"Awakened One","floor":50,"turns":18}],"seed_played":"2582005606232362984","potions_obtained":[{"floor":1.0,"key":"BlessingOfTheForge"},{"floor":6.0,"key":"EssenceOfSteel"},{"floor":14.0,"key":"Ancient Potion"},{"floor":16.0,"key":"ColorlessPotion"},{"floor":18.0,"key":"Strength Potion"},{"floor":33.0,"key":"Block Potion"}],"is_trial":false,"path_per_floor":["M","M","?","M","?","E","R","E","T","R","?","?","E","M","R","B",null,"M","M","M","$","?","E","?","M","T","M","$","R","M","M","R","B",null,"M","$","M","$","M","R","E","M","T","M","R","?","M","?","R","B",null],"character_chosen":"IRONCLAD","items_purchased":["PowerPotion","Red Skull","Medical Kit","Lizard Tail"],"campfire_rested":2,"item_purchase_floors":[28,36,38,38],"current_hp_per_floor":[71,76,76,78,83,71,71,57,57,57,40,40,31,31,58,7,72,76,86,90,90,90,92,92,86,86,92,92,92,95,82,82,88,107,105,105,112,112,98,98,74,65,65,62,62,62,44,44,80,82],"gold":167,"neow_bonus":"RANDOM_COMMON_RELIC","is_prod":false,"is_daily":false,"chose_seed":false,"campfire_upgraded":6,"win_rate":0,"timestamp":1572035693,"path_taken":["M","M","?","?","?","E","R","E","T","R","?","?","E","M","R","BOSS","M","M","M","$","?","E","?","?","T","M","$","R","M","M","R","BOSS","M","$","M","$","M","R","E","M","T","M","R","?","M","?","R","BOSS"],"build_version":"2019-10-25-V2","purchased_purges":3,"victory":true,"max_hp_per_floor":[80,80,80,80,85,85,85,85,85,85,85,85,89,93,93,93,93,93,97,101,101,101,101,101,105,105,105,105,105,109,113,113,113,113,117,117,121,121,121,121,121,121,121,121,121,121,121,121,121,121],"card_choices":[{"not_picked":["Dual Wield","Iron Wave"],"picked":"Thunderclap","floor":1.0},{"not_picked":["Clothesline","Rage"],"picked":"Ghostly Armor","floor":2.0},{"not_picked":["Flex","Sentinel"],"picked":"Carnage","floor":4.0},{"not_picked":["Warcry","Searing Blow"],"picked":"Feed","floor":6.0},{"not_picked":["Fiend Fire","Pummel"],"picked":"Disarm","floor":8.0},{"not_picked":["Flame Barrier","Battle Trance","Anger"],"picked":"Bludgeon","floor":13.0},{"not_picked":["Body Slam","Rampage","Iron Wave"],"picked":"Shockwave","floor":14.0},{"not_picked":["Brutality","Barricade","Immolate"],"picked":"Berserk","floor":16.0},{"not_picked":["Iron Wave+1","Hemokinesis","Dual Wield"],"picked":"Shrug It Off+1","floor":18.0},{"not_picked":["Rampage","Perfected Strike","Rupture+1","Clash"],"picked":"SKIP","floor":19.0},{"not_picked":["Carnage","Thunderclap+1","Wild Strike"],"picked":"Evolve","floor":20.0},{"not_picked":["Warcry","Second Wind","Evolve","Heavy Blade"],"picked":"SKIP","floor":23.0},{"not_picked":["Blood for Blood","Metallicize","Seeing Red","Second Wind"],"picked":"SKIP","floor":25.0},{"not_picked":["Anger","Flex+1","Headbutt+1","Havoc+1"],"picked":"SKIP","floor":27.0},{"not_picked":["Heavy Blade","Rupture","Infernal Blade+1"],"picked":"Barricade","floor":30.0},{"not_picked":["Sword Boomerang","Body Slam","True Grit+1","Cleave"],"picked":"SKIP","floor":31.0},{"not_picked":["Thunderclap","Dropkick","Clash","Flex+1"],"picked":"SKIP","floor":35.0},{"not_picked":["Intimidate+1","Heavy Blade","Inflame","Rage+1"],"picked":"SKIP","floor":37.0},{"not_picked":["Headbutt+1","Iron Wave+1","Ghostly Armor+1","Entrench+1"],"picked":"SKIP","floor":39.0},{"not_picked":["Sword Boomerang+1","Cleave","Anger","Armaments+1"],"picked":"SKIP","floor":41.0},{"not_picked":["Havoc+1","Clash","Hemokinesis+1","Sentinel+1"],"picked":"SKIP","floor":42.0},{"not_picked":["True Grit+1","Rage+1","Inflame","Sentinel+1"],"picked":"SKIP","floor":44},{"not_picked":["Twin Strike","Hemokinesis+1","Rage+1","Reaper"],"picked":"SKIP","floor":47}],"player_experience":521858,"relics_obtained":[{"floor":6.0,"key":"Calipers"},{"floor":8.0,"key":"Centennial Puzzle"},{"floor":9.0,"key":"Question Card"},{"floor":13.0,"key":"Champion Belt"},{"floor":23.0,"key":"The Courier"},{"floor":26.0,"key":"Toxic Egg 2"},{"floor":41.0,"key":"Ice Cream"},{"floor":43.0,"key":"Meat on the Bone"}],"event_choices":[{"damage_healed":0.0,"max_hp_gain":0.0,"max_hp_loss":0.0,"gold_gain":0.0,"cards_transformed":["Strike_R"],"event_name":"Transmorgrifier","player_choice":"Transformed","floor":3.0,"gold_loss":0.0,"damage_taken":0.0,"cards_obtained":["Power Through"]},{"damage_healed":0.0,"max_hp_gain":5.0,"max_hp_loss":0.0,"gold_gain":0.0,"event_name":"Big Fish","player_choice":"Donut","floor":5.0,"gold_loss":0.0,"damage_taken":0.0},{"damage_healed":0.0,"max_hp_gain":0.0,"max_hp_loss":0.0,"gold_gain":0.0,"event_name":"Shining Light","player_choice":"Entered Light","floor":11.0,"gold_loss":0.0,"damage_taken":17.0,"cards_upgraded":["Defend_R","Strike_R"]},{"damage_healed":0.0,"max_hp_gain":0.0,"max_hp_loss":0.0,"gold_gain":78.0,"event_name":"Golden Wing","player_choice":"Gained Gold","floor":12.0,"gold_loss":0.0,"damage_taken":0.0},{"damage_healed":0.0,"max_hp_gain":0.0,"max_hp_loss":0.0,"gold_gain":0.0,"event_name":"Drug Dealer","player_choice":"Inject Mutagens","floor":22.0,"gold_loss":0.0,"damage_taken":0.0,"relics_obtained":["MutagenicStrength"]},{"damage_healed":0.0,"max_hp_gain":0.0,"max_hp_loss":0.0,"gold_gain":0.0,"event_name":"Ghosts","player_choice":"Ignored","floor":24.0,"gold_loss":0.0,"damage_taken":0.0},{"cards_removed":["Feed"],"damage_healed":0,"gold_gain":0,"player_choice":"Removed Attack","damage_taken":0,"max_hp_gain":0,"max_hp_loss":0,"event_name":"Falling","floor":46,"gold_loss":0},{"damage_healed":0,"gold_gain":0,"player_choice":"Memory 1","damage_taken":0,"max_hp_gain":0,"max_hp_loss":0,"event_name":"SensoryStone","floor":48,"gold_loss":0}],"is_beta":true,"boss_relics":[{"not_picked":["Mark of Pain","Runic Dome"],"picked":"Snecko Eye"},{"not_picked":["Busted Crown","Black Blood"],"picked":"Sozu"}],"items_purged_floors":[21,28,36],"is_endless":false,"potions_floor_spawned":[1,6,14,16,18,20,30,31,33,37,39,41,42,47],"ascension_level":12}