{"gold_per_floor":[116,15,28,46,46,46,80,80,105,36,36,111,111,131,131,231,231,231,231,279,298,308,308,343,362,362,14,41,41,41,54,54,159,159,178,178,178,78,90,109,129,129,129,164,164,39,39,54,54,54],"floor_reached":51,"playtime":1785,"items_purged":["Strike_G","Strike_G","Defend_G"],"score":1082,"play_id":"3a07fa40-7c98-4521-9100-9471194cd97d","local_time":"20191025205328","is_ascension_mode":true,"campfire_choices":[{"data":"Dash","floor":6.0,"key":"SMITH"},{"data":"Neutralize","floor":8.0,"key":"SMITH"},{"data":"Noxious Fumes","floor":11.0,"key":"SMITH"},{"data":"Noxious Fumes","floor":13.0,"key":"SMITH"},{"data":"Backflip","floor":15.0,"key":"SMITH"},{"floor":23.0,"key":"REST"},{"floor":29.0,"key":"REST"},{"data":"Envenom","floor":32.0,"key":"SMITH"},{"floor":42.0,"key":"REST"},{"floor":45,"key":"REST"},{"data":"Footwork","floor":47,"key":"SMITH"},{"data":"Dodge and Roll","floor":49,"key":"SMITH"}],"neow_cost":"NONE","seed_source_timestamp":96311078564200,"circlet_count":0,"master_deck":["AscendersBane","Strike_G","Strike_G","Strike_G","Defend_G","Defend_G","Defend_G","Defend_G","Survivor","Neutralize+1","Noxious Fumes+1","Dash+1","Masterful Stab","Dodge and Roll+1","Noxious Fumes+1","Backflip+1","Envenom+1","Escape Plan","Footwork+1","Footwork+1","Footwork+1","Tools of the Trade+1","Flying Knee","PiercingWail+1"],"special_seed":0,"relics":["Busted Crown","Tiny Chest","Centennial Puzzle","Black Star","Bag of Marbles","Bottled Lightning","Kunai","Art of War","MealTicket","Snake Skull","Frozen Egg 2","Runic Pyramid","Bottled Flame","Ornamental Fan","Lantern","Oddly Smooth Stone"],"potions_floor_usage":[44,44,50],"damage_taken":[{"damage":2.0,"enemies":"Jaw Worm","floor":1.0,"turns":5.0},{"damage":0.0,"enemies":"Cultist","floor":3.0,"turns":4.0},{"damage":0.0,"enemies":"2 Louse","floor":4.0,"turns":2.0},{"damage":11.0,"enemies":"Lagavulin","floor":7.0,"turns":6.0},{"damage":0.0,"enemies":"2 Fungi Beasts","floor":14.0,"turns":3.0},{"damage":3.0,"enemies":"Hexaghost","floor":16.0,"turns":9.0},{"damage":0.0,"enemies":"2 Thieves","floor":18.0,"turns":1.0},{"damage":21.0,"enemies":"3 Byrds","floor":21.0,"turns":5.0},{"damage":10.0,"enemies":"Centurion and Healer","floor":22.0,"turns":7.0},{"damage":4.0,"enemies":"Book of Stabbing","floor":24.0,"turns":6.0},{"damage":20.0,"enemies":"Snake Plant","floor":25.0,"turns":5.0},{"damage":0.0,"enemies":"Gremlin Leader","floor":28.0,"turns":8.0},{"damage":1.0,"enemies":"3 Cultists","floor":31.0,"turns":6.0},{"damage":42.0,"enemies":"Automaton","floor":33.0,"turns":11.0},{"damage":5.0,"enemies":"3 Darklings","floor":35.0,"turns":6.0},{"damage":0.0,"enemies":"Orb Walker","floor":39.0,"turns":6.0},{"damage":35.0,"enemies":"Transient","floor":40.0,"turns":5.0},{"damage":2.0,"enemies":"3 Darklings","floor":41.0,"turns":7.0},{"damage":19,"enemies":"Reptomancer","floor":44,"turns":7},{"damage":5,"enemies":"Sphere and 2 Shapes","floor":48,"turns":6},{"damage":4,"enemies":"Donu and Deca","floor":50,"turns":11}],"seed_played":"1087527624376522699","potions_obtained":[{"floor":4.0,"key":"Poison Potion"},{"floor":7.0,"key":"GhostInAJar"},{"floor":14.0,"key":"SmokeBomb"},{"floor":16.0,"key":"GamblersBrew"},{"floor":21.0,"key":"EssenceOfSteel"},{"floor":24.0,"key":"Swift Potion"},{"floor":31.0,"key":"Weak Potion"},{"floor":35.0,"key":"Dexterity Potion"},{"floor":39.0,"key":"CultistPotion"},{"floor":41.0,"key":"CunningPotion"}],"is_trial":false,"path_per_floor":["M","$","M","M","$","R","E","R","T","$","R","?","R","M","R","B",null,"M","?","T","M","M","R","E","M","T","$","E","R","$","M","R","B",null,"M","?","T","$","M","M","M","R","T","E","R","$","R","M","R","B",null],"character_chosen":"THE_SILENT","items_purchased":["Noxious Fumes","Dash","Noxious Fumes","Footwork","MealTicket","Energy Potion"],"campfire_rested":4,"item_purchase_floors":[2,2,10,27,27,27],"current_hp_per_floor":[61,61,61,61,61,61,50,50,50,50,50,43,43,43,43,40,63,63,50,50,29,19,41,37,17,17,17,17,39,54,53,53,11,59,54,54,54,69,69,34,32,54,54,35,57,72,72,67,67,63],"gold":54,"neow_bonus":"BOSS_RELIC","is_prod":false,"is_daily":false,"chose_seed":false,"campfire_upgraded":8,"win_rate":0,"timestamp":1572029608,"path_taken":["M","$","M","M","$","R","E","R","T","$","R","?","R","?","R","BOSS","M","?","?","M","M","R","E","?","T","$","E","R","?","M","R","BOSS","M","?","?","$","M","M","M","R","T","E","R","$","R","M","R","BOSS"],"build_version":"2019-10-25-V2","purchased_purges":3,"victory":true,"max_hp_per_floor":[70,70,70,70,70,70,70,70,70,70,70,70,70,70,70,70,70,70,75,75,75,75,75,75,75,75,75,75,75,75,75,75,75,75,75,75,75,75,75,75,75,75,75,75,75,75,75,75,75,75],"card_choices":[{"not_picked":["Outmaneuver"],"picked":"SKIP","floor":1.0},{"not_picked":[],"picked":"Masterful Stab","floor":3.0},{"not_picked":[],"picked":"Dodge and Roll","floor":4.0},{"not_picked":["Prepared"],"picked":"SKIP","floor":7.0},{"not_picked":[],"picked":"Backflip","floor":14.0},{"not_picked":[],"picked":"Envenom","floor":16.0},{"not_picked":[],"picked":"Escape Plan","floor":21.0},{"not_picked":["Calculated Gamble"],"picked":"SKIP","floor":22.0},{"not_picked":["Outmaneuver"],"picked":"SKIP","floor":24.0},{"not_picked":[],"picked":"Footwork+1","floor":25.0},{"not_picked":["Deflect+1"],"picked":"SKIP","floor":28.0},{"not_picked":[],"picked":"Footwork+1","floor":31.0},{"not_picked":[],"picked":"Tools of the Trade+1","floor":33.0},{"not_picked":["Acrobatics+1"],"picked":"SKIP","floor":35.0},{"not_picked":["Deflect"],"picked":"SKIP","floor":39.0},{"not_picked":[],"picked":"Flying Knee","floor":40.0},{"not_picked":["Bouncing Flask"],"picked":"SKIP","floor":41.0},{"not_picked":[],"picked":"PiercingWail+1","floor":44},{"not_picked":["Blade Dance+1"],"picked":"SKIP","floor":48}],"player_experience":516378,"relics_obtained":[{"floor":7.0,"key":"Tiny Chest"},{"floor":9.0,"key":"Centennial Puzzle"},{"floor":20.0,"key":"Bag of Marbles"},{"floor":24.0,"key":"Bottled Lightning"},{"floor":24.0,"key":"Kunai"},{"floor":26.0,"key":"Art of War"},{"floor":28.0,"key":"Snake Skull"},{"floor":28.0,"key":"Frozen Egg 2"},{"floor":37.0,"key":"Bottled Flame"},{"floor":43.0,"key":"Ornamental Fan"},{"floor":44,"key":"Lantern"},{"floor":44,"key":"Oddly Smooth Stone"}],"event_choices":[{"damage_healed":0.0,"max_hp_gain":0.0,"max_hp_loss":0.0,"gold_gain":75.0,"event_name":"FaceTrader","player_choice":"Touch","floor":12.0,"gold_loss":0.0,"damage_taken":7.0},{"damage_healed":0.0,"max_hp_gain":5.0,"max_hp_loss":0.0,"gold_gain":0.0,"event_name":"Forgotten Altar","player_choice":"Shed Blood","floor":19.0,"gold_loss":0.0,"damage_taken":18.0},{"damage_healed":0.0,"max_hp_gain":0.0,"max_hp_loss":0.0,"gold_gain":0.0,"event_name":"Match and Keep!","player_choice":"0 cards matched","floor":36.0,"gold_loss":0.0,"damage_taken":0.0,"cards_obtained":[]}],"is_beta":true,"boss_relics":[{"not_picked":["SlaversCollar","Ectoplasm"],"picked":"Black Star"},{"not_picked":["Coffee Dripper","Empty Cage"],"picked":"Runic Pyramid"}],"items_purged_floors":[27,38,46],"is_endless":false,"potions_floor_spawned":[4,7,14,16,21,24,31,35,39,41],"ascension_level":10}