{"gold_per_floor":[112,130,130,149,159,193,193,205,205,219,237,162,79,106,106,183,183,200,179,229,248,119,146,146],"floor_reached":24,"playtime":1540,"items_purged":["Strike_B"],"score":510,"play_id":"c345bc99-e1d8-4e10-ab18-ab27641b5eac","local_time":"20191007214606","is_ascension_mode":true,"campfire_choices":[{"floor":7.0,"key":"REST"},{"data":"Capacitor","floor":15.0,"key":"SMITH"}],"neow_cost":"NONE","seed_source_timestamp":220810325003100,"circlet_count":0,"master_deck":["AscendersBane","Strike_B+1","Defend_B","Defend_B","Defend_B","Defend_B","Zap","Dualcast","Genetic Algorithm","Coolheaded","Steam+1","Loop","Coolheaded","Compile Driver","Core Surge","Cold Snap","Capacitor+1","Cold Snap","Biased Cognition","Glacier","Chill","Sweeping Beam"],"special_seed":0,"relics":["Cracked Core","DataDisk","Calipers","Bottled Tornado","Black Star","WingedGreaves","Art of War"],"potions_floor_usage":[21,23],"damage_taken":[{"damage":0.0,"enemies":"2 Louse","floor":1.0,"turns":3.0},{"damage":3.0,"enemies":"Small Slimes","floor":2.0,"turns":5.0},{"damage":0.0,"enemies":"Cultist","floor":4.0,"turns":3.0},{"damage":0.0,"enemies":"Looter","floor":5.0,"turns":4.0},{"damage":24.0,"enemies":"3 Sentries","floor":6.0,"turns":10.0},{"damage":12.0,"enemies":"Gremlin Gang","floor":8.0,"turns":8.0},{"damage":0.0,"enemies":"Blue Slaver","floor":10.0,"turns":3.0},{"damage":0.0,"enemies":"3 Louse","floor":11.0,"turns":3.0},{"damage":0.0,"enemies":"Lagavulin","floor":14.0,"turns":9.0},{"damage":35.0,"enemies":"Hexaghost","floor":16.0,"turns":15.0},{"damage":0.0,"enemies":"Chosen","floor":18.0,"turns":5.0},{"damage":36.0,"enemies":"2 Thieves","floor":19.0,"turns":4.0},{"damage":17,"enemies":"Centurion and Healer","floor":21,"turns":23},{"damage":8,"enemies":"Gremlin Leader","floor":23,"turns":12},{"damage":41,"enemies":"Slavers","floor":24,"turns":5}],"seed_played":"-7746991222936480191","potions_obtained":[{"floor":1.0,"key":"Weak Potion"},{"floor":4.0,"key":"LiquidBronze"},{"floor":6.0,"key":"Swift Potion"},{"floor":8.0,"key":"Regen Potion"},{"floor":14.0,"key":"Energy Potion"},{"floor":18.0,"key":"Regen Potion"},{"floor":21,"key":"Regen Potion"}],"is_trial":false,"path_per_floor":["M","M","?","M","M","E","R","M","T","M","M","?","$","E","R","B",null,"M","M","?","M","$","E","E"],"character_chosen":"DEFECT","items_purchased":["Capacitor","Sweeping Beam"],"campfire_rested":1,"item_purchase_floors":[13,22],"current_hp_per_floor":[64,61,40,40,40,16,37,25,25,25,25,25,25,40,40,5,55,55,19,19,17,17,24,0],"gold":146,"neow_bonus":"TRANSFORM_CARD","is_prod":false,"is_daily":false,"chose_seed":false,"campfire_upgraded":1,"win_rate":0,"timestamp":1570452366,"path_taken":["M","M","?","M","M","E","R","M","T","M","M","?","$","E","R","BOSS","M","M","?","M","$","E","E"],"build_version":"2019-07-17","purchased_purges":1,"victory":false,"max_hp_per_floor":[71,71,71,71,71,71,71,71,71,71,71,71,71,71,71,71,71,71,71,71,71,71,71,71],"card_choices":[{"not_picked":["Force Field","Ball Lightning"],"picked":"Coolheaded","floor":1.0},{"not_picked":["Coolheaded","Barrage"],"picked":"Steam","floor":2.0},{"not_picked":["FTL","White Noise"],"picked":"Loop","floor":4.0},{"not_picked":["Redo","Beam Cell"],"picked":"Coolheaded","floor":5.0},{"not_picked":["Lockon","Scrape"],"picked":"Compile Driver","floor":6.0},{"not_picked":["Barrage","Heatsinks"],"picked":"Core Surge","floor":8.0},{"not_picked":["Stack","Darkness"],"picked":"Cold Snap","floor":10.0},{"not_picked":["Double Energy","Genetic Algorithm","Storm"],"picked":"SKIP","floor":11.0},{"not_picked":["Leap","Static Discharge"],"picked":"Cold Snap","floor":14.0},{"not_picked":["Amplify","Core Surge"],"picked":"Biased Cognition","floor":16.0},{"not_picked":["Scrape","Turbo","Leap"],"picked":"SKIP","floor":18.0},{"not_picked":["Streamline","Reprogram"],"picked":"Glacier","floor":19.0},{"not_picked":["Gash","Coolheaded"],"picked":"Chill","floor":21},{"not_picked":["Beam Cell","Heatsinks","Turbo"],"picked":"SKIP","floor":23}],"player_experience":590804,"relics_obtained":[{"floor":6.0,"key":"DataDisk"},{"floor":9.0,"key":"Calipers"},{"floor":14.0,"key":"Bottled Tornado"},{"floor":23,"key":"WingedGreaves"},{"floor":23,"key":"Art of War"}],"event_choices":[{"damage_healed":0.0,"max_hp_gain":0.0,"max_hp_loss":0.0,"gold_gain":0.0,"event_name":"Shining Light","player_choice":"Entered Light","floor":3.0,"gold_loss":0.0,"damage_taken":21.0,"cards_upgraded":["Strike_B","Steam"]},{"cards_removed":["Strike_B"],"damage_healed":0.0,"max_hp_gain":0.0,"max_hp_loss":0.0,"gold_gain":0.0,"event_name":"The Cleric","player_choice":"Card Removal","floor":12.0,"gold_loss":75.0,"damage_taken":0.0},{"damage_healed":0,"gold_gain":100,"player_choice":"Bet on Murderer","damage_taken":0,"max_hp_gain":0,"max_hp_loss":0,"event_name":"The Joust","floor":20,"gold_loss":50}],"is_beta":false,"boss_relics":[{"not_picked":["FrozenCore","Ectoplasm"],"picked":"Black Star"}],"items_purged_floors":[22],"is_endless":false,"potions_floor_spawned":[1,4,6,8,14,18,21],"killed_by":"Slavers","ascension_level":20}