{"gold_per_floor":[115,215,234,251,270,270,303,303,378,378,169,185,200,228,228,333,333,333,347,363,383,403,403,403],"floor_reached":24,"playtime":1251,"items_purged":[],"score":223,"play_id":"3de0b98c-52b9-47e0-be82-626e78082c8f","local_time":"20190924122846","is_ascension_mode":true,"campfire_choices":[{"data":"True Grit","floor":6,"key":"SMITH"},{"data":"Shrug It Off","floor":8,"key":"SMITH"},{"data":"Power Through","floor":10,"key":"SMITH"},{"data":"Blade Dance","floor":15,"key":"SMITH"},{"data":"True Grit","floor":23,"key":"SMITH"}],"neow_cost":"NONE","seed_source_timestamp":154911611126800,"circlet_count":0,"master_deck":["Strike_R","Strike_R","Strike_R","Strike_R","Strike_R","Defend_R","Defend_R","Defend_R","Defend_R","Bash","Shrug It Off+1","Intimidate","True Grit+1","Iron Wave","Power Through+1","Beam Cell","Blade Dance+1","Reboot","Caltrops","Purity","Buffer","Pommel Strike","True Grit+1"],"relics":["Burning Blood","NeowsBlessing","StoneCalendar","Shuriken","PrismaticShard","Oddly Smooth Stone","Orrery"],"potions_floor_usage":[7,22,24,24],"damage_taken":[{"damage":0,"enemies":"Jaw Worm","floor":1,"turns":1},{"damage":0,"enemies":"Cultist","floor":3,"turns":1},{"damage":0,"enemies":"Small Slimes","floor":4,"turns":1},{"damage":10,"enemies":"Exordium Thugs","floor":5,"turns":10},{"damage":41,"enemies":"Lagavulin","floor":7,"turns":10},{"damage":2,"enemies":"3 Louse","floor":12,"turns":5},{"damage":9,"enemies":"Large Slime","floor":13,"turns":6},{"damage":6,"enemies":"3 Sentries","floor":14,"turns":7},{"damage":10,"enemies":"Hexaghost","floor":16,"turns":11},{"damage":10,"enemies":"Spheric Guardian","floor":18,"turns":6},{"damage":4,"enemies":"Chosen","floor":19,"turns":4},{"damage":22,"enemies":"Snake Plant","floor":20,"turns":6},{"damage":36,"enemies":"3 Cultists","floor":21,"turns":7},{"damage":15,"enemies":"Snecko","floor":22,"turns":5},{"damage":25,"enemies":"Snake Plant","floor":24,"turns":2}],"seed_played":"-6141495087994012600","potions_obtained":[{"floor":1,"key":"FearPotion"},{"floor":4,"key":"Fire Potion"},{"floor":14,"key":"Explosive Potion"},{"floor":16,"key":"Energy Potion"},{"floor":21,"key":"Fire Potion"}],"is_trial":false,"path_per_floor":["M","?","M","M","M","R","E","R","T","R","$","M","M","E","R","B",null,"M","M","M","M","M","R","M"],"character_chosen":"IRONCLAD","items_purchased":["PrismaticShard"],"campfire_rested":0,"item_purchase_floors":[11],"current_hp_per_floor":[80,80,80,80,76,76,41,41,41,41,41,45,42,42,42,38,80,76,78,62,32,23,23,0],"gold":403,"neow_bonus":"THREE_ENEMY_KILL","is_prod":false,"is_daily":false,"chose_seed":false,"campfire_upgraded":5,"win_rate":0,"timestamp":1569295726,"path_taken":["M","?","M","M","M","R","E","R","T","R","$","M","M","E","R","BOSS","M","M","M","M","M","R","M"],"build_version":"2019-07-17","purchased_purges":0,"victory":false,"max_hp_per_floor":[80,80,80,80,80,80,80,80,80,80,80,80,80,80,80,80,80,80,80,80,80,80,80,80],"card_choices":[{"not_picked":["Uppercut","Twin Strike"],"picked":"Shrug It Off","floor":1},{"not_picked":["Sever Soul","Rupture"],"picked":"Intimidate","floor":3},{"not_picked":["Pommel Strike","Clothesline"],"picked":"True Grit","floor":4},{"not_picked":["Wild Strike","Cleave"],"picked":"Iron Wave","floor":5},{"not_picked":["Infernal Blade","Warcry"],"picked":"Power Through","floor":7},{"not_picked":["Dash","Corruption"],"picked":"Beam Cell","floor":12},{"not_picked":["Go for the Eyes","Uppercut"],"picked":"Blade Dance","floor":13},{"not_picked":["Poisoned Stab","Thunderclap","Iron Wave"],"picked":"SKIP","floor":14},{"not_picked":["Immolate","Meteor Strike"],"picked":"Reboot","floor":16},{"not_picked":["Redo","Headbutt"],"picked":"Caltrops","floor":17},{"not_picked":["Turbo","Masterful Stab"],"picked":"Purity","floor":17},{"not_picked":["Ball Lightning","Flying Knee"],"picked":"Buffer","floor":17},{"not_picked":["Blind+1","FTL","True Grit+1"],"picked":"SKIP","floor":18},{"not_picked":["Concentrate","Wild Strike+1","Reinforced Body+1"],"picked":"SKIP","floor":19},{"not_picked":["Choke","Dark Shackles","Armaments"],"picked":"SKIP","floor":20},{"not_picked":["Backflip","Scrape+1"],"picked":"Pommel Strike","floor":21},{"not_picked":["Feel No Pain","Brutality"],"picked":"True Grit","floor":22}],"player_experience":449757,"relics_obtained":[{"floor":7,"key":"StoneCalendar"},{"floor":9,"key":"Shuriken"},{"floor":14,"key":"Oddly Smooth Stone"}],"event_choices":[{"damage_healed":0,"gold_gain":100,"player_choice":"Pray","damage_taken":0,"max_hp_gain":0,"max_hp_loss":0,"event_name":"Golden Shrine","floor":2,"gold_loss":0}],"is_beta":false,"boss_relics":[{"not_picked":["Eternal Feather","Tiny House"],"picked":"Orrery"}],"items_purged_floors":[],"is_endless":false,"potions_floor_spawned":[1,4,14,16,21],"killed_by":"Snake Plant","ascension_level":1}