{"gold_per_floor":[115,129,140,154,173,173,187,217,217,279,308,308,16,36,36,141,141,157,173,173,191,201,233,233,243,243,243,260,260,277,295,295,397,397,408,419,439,451,451,451,451,451,499,499,173,184,184,36,36,36],"floor_reached":51,"playtime":3619,"items_purged":["Strike_G"],"score":910,"play_id":"b593b701-034d-4197-9b48-fca60b315309","local_time":"20191011141036","is_ascension_mode":true,"campfire_choices":[{"data":"Footwork","floor":6.0,"key":"SMITH"},{"floor":12.0,"key":"REST"},{"data":"Deadly Poison","floor":15.0,"key":"SMITH"},{"floor":24.0,"key":"REST"},{"data":"Dodge and Roll","floor":29.0,"key":"SMITH"},{"data":"Footwork","floor":32.0,"key":"SMITH"},{"floor":40.0,"key":"REST"},{"data":"Backflip","floor":42,"key":"SMITH"},{"data":"Backflip","floor":44,"key":"SMITH"},{"data":"Well Laid Plans","floor":47,"key":"SMITH"},{"floor":49,"key":"REST"}],"neow_cost":"NONE","seed_source_timestamp":47880504928600,"circlet_count":0,"master_deck":["Strike_G","Strike_G","Strike_G","Defend_G","Defend_G","Defend_G","Defend_G","Defend_G","Survivor","Neutralize","Well Laid Plans+1","Footwork+1","Backstab","Dodge and Roll+1","Dash","Catalyst","Dagger Throw","Deadly Poison+1","Dash","Die Die Die","Backflip+1","Deadly Poison+1","Bouncing Flask","Noxious Fumes","Dodge and Roll+1","Footwork+1","Backflip+1","Burst","Backflip+1","Madness","Madness","Leg Sweep","Acrobatics","Bullet Time"],"special_seed":0,"relics":["Velvet Choker","Letter Opener","Bird Faced Urn","Odd Mushroom","Question Card","Gambling Chip","Gremlin Horn","Pear","SlaversCollar","Oddly Smooth Stone","Art of War"],"potions_floor_usage":[50,50],"damage_taken":[{"damage":0.0,"enemies":"Cultist","floor":1.0,"turns":4.0},{"damage":0.0,"enemies":"Jaw Worm","floor":2.0,"turns":6.0},{"damage":5.0,"enemies":"Small Slimes","floor":3.0,"turns":5.0},{"damage":4.0,"enemies":"Looter","floor":4.0,"turns":4.0},{"damage":0.0,"enemies":"Blue Slaver","floor":5.0,"turns":4.0},{"damage":6.0,"enemies":"Red Slaver","floor":7.0,"turns":4.0},{"damage":27.0,"enemies":"Gremlin Nob","floor":8.0,"turns":6.0},{"damage":7.0,"enemies":"The Mushroom Lair","floor":11.0,"turns":6.0},{"damage":0.0,"enemies":"Exordium Wildlife","floor":14.0,"turns":4.0},{"damage":1.0,"enemies":"The Guardian","floor":16.0,"turns":12.0},{"damage":5.0,"enemies":"Shell Parasite","floor":18.0,"turns":6.0},{"damage":21.0,"enemies":"2 Thieves","floor":19.0,"turns":4.0},{"damage":14.0,"enemies":"Shelled Parasite and Fungi","floor":21.0,"turns":6.0},{"damage":0.0,"enemies":"3 Cultists","floor":22.0,"turns":5.0},{"damage":23.0,"enemies":"Book of Stabbing","floor":23.0,"turns":7.0},{"damage":11.0,"enemies":"Cultist and Chosen","floor":25.0,"turns":6.0},{"damage":0.0,"enemies":"Shelled Parasite and Fungi","floor":28.0,"turns":7.0},{"damage":3.0,"enemies":"Snecko","floor":30.0,"turns":4.0},{"damage":19.0,"enemies":"Cultist and Chosen","floor":31.0,"turns":7.0},{"damage":36.0,"enemies":"Automaton","floor":33.0,"turns":13.0},{"damage":12.0,"enemies":"Orb Walker","floor":35.0,"turns":5.0},{"damage":0.0,"enemies":"3 Shapes","floor":36.0,"turns":4.0},{"damage":24.0,"enemies":"3 Darklings","floor":37.0,"turns":5.0},{"damage":0.0,"enemies":"Spire Growth","floor":38.0,"turns":5.0},{"damage":11,"enemies":"Sphere and 2 Shapes","floor":46,"turns":7},{"damage":28,"enemies":"Time Eater","floor":50,"turns":14}],"seed_played":"-3271429321507175038","potions_obtained":[{"floor":3.0,"key":"Dexterity Potion"},{"floor":8.0,"key":"DuplicationPotion"},{"floor":16.0,"key":"Strength Potion"},{"floor":18.0,"key":"DuplicationPotion"},{"floor":33.0,"key":"LiquidBronze"},{"floor":38.0,"key":"SpeedPotion"}],"is_trial":false,"path_per_floor":["M","M","M","M","M","R","M","E","T","?","?","R","$","M","R","B",null,"M","M","?","M","M","E","R","M","T","T","M","R","M","M","R","B",null,"M","M","M","M","?","R","?","R","T","R","$","M","R","$","R","B",null],"character_chosen":"THE_SILENT","items_purchased":["Deadly Poison","Question Card","Art of War","Leg Sweep","Acrobatics","Bullet Time"],"campfire_rested":4,"item_purchase_floors":[13,13,45,45,45,48],"current_hp_per_floor":[63,63,58,54,54,54,48,21,21,21,18,39,39,41,41,44,64,63,44,44,34,38,21,42,37,37,47,53,53,56,45,45,17,64,60,62,46,54,44,68,68,68,68,68,68,65,65,65,80,60],"gold":36,"neow_bonus":"BOSS_RELIC","is_prod":false,"is_daily":false,"chose_seed":false,"campfire_upgraded":7,"win_rate":0,"timestamp":1570770636,"path_taken":["M","M","?","M","M","R","M","E","T","?","?","R","$","M","R","BOSS","M","M","?","M","?","E","R","M","T","?","M","R","M","M","R","BOSS","M","M","M","M","?","R","?","R","T","R","$","M","R","$","R","BOSS"],"build_version":"2019-10-10","purchased_purges":1,"victory":true,"max_hp_per_floor":[70,70,70,70,70,70,70,70,70,70,70,70,70,70,70,70,70,70,70,70,70,70,70,70,70,70,80,80,80,80,80,80,80,80,80,80,80,80,80,80,80,80,80,80,80,80,80,80,80,80],"card_choices":[{"not_picked":["Cloak And Dagger","Poisoned Stab"],"picked":"Well Laid Plans","floor":1.0},{"not_picked":["Caltrops","Deadly Poison"],"picked":"Footwork","floor":2.0},{"not_picked":["Acrobatics","Sucker Punch"],"picked":"Backstab","floor":3.0},{"not_picked":["Underhanded Strike","Sucker Punch"],"picked":"Dodge and Roll","floor":4.0},{"not_picked":["Slice","Tactician"],"picked":"Dash","floor":5.0},{"not_picked":["Dash","Setup","Dagger Throw"],"picked":"SKIP","floor":7.0},{"not_picked":["Caltrops","Endless Agony"],"picked":"Catalyst","floor":8.0},{"not_picked":["A Thousand Cuts","Outmaneuver"],"picked":"Dagger Throw","floor":11.0},{"not_picked":["Blade Dance","Tactician","Terror"],"picked":"Dash","floor":14.0},{"not_picked":["Storm of Steel","Malaise","Night Terror"],"picked":"Die Die Die","floor":16.0},{"not_picked":["Underhanded Strike","Dagger Spray","PiercingWail"],"picked":"Backflip","floor":18.0},{"not_picked":["Dodge and Roll","Accuracy","All Out Attack"],"picked":"Deadly Poison+1","floor":19.0},{"not_picked":["Flying Knee","Underhanded Strike","Quick Slash"],"picked":"Bouncing Flask","floor":21.0},{"not_picked":["Envenom","Sucker Punch","Distraction"],"picked":"Noxious Fumes","floor":22.0},{"not_picked":["Distraction+1","Poisoned Stab","Quick Slash+1"],"picked":"Dodge and Roll+1","floor":23.0},{"not_picked":["Dagger Throw","Blade Dance","Backflip","Sucker Punch"],"picked":"SKIP","floor":25.0},{"not_picked":["Expertise+1","Cloak And Dagger","After Image","Noxious Fumes"],"picked":"SKIP","floor":28.0},{"not_picked":["Infinite Blades","Backflip","Well Laid Plans"],"picked":"Footwork","floor":30.0},{"not_picked":["Setup+1","Dagger Throw+1","Bane"],"picked":"Backflip","floor":31.0},{"not_picked":["Night Terror","Venomology","Phantasmal Killer"],"picked":"Burst","floor":33.0},{"not_picked":["Heel Hook+1","Quick Slash+1","Distraction","Reflex+1"],"picked":"SKIP","floor":35.0},{"not_picked":["Deadly Poison","Bouncing Flask","Flying Knee+1"],"picked":"Backflip+1","floor":36.0},{"not_picked":["Skewer","Eviscerate","Dodge and Roll","Dash+1"],"picked":"SKIP","floor":37.0},{"not_picked":["Flying Knee","Terror","Choke+1","PiercingWail"],"picked":"SKIP","floor":38.0},{"not_picked":["Dagger Throw","Terror+1","Eviscerate+1","Bane+1"],"picked":"SKIP","floor":46}],"player_experience":641618,"relics_obtained":[{"floor":8.0,"key":"Letter Opener"},{"floor":9.0,"key":"Bird Faced Urn"},{"floor":11.0,"key":"Odd Mushroom"},{"floor":23.0,"key":"Gambling Chip"},{"floor":26.0,"key":"Gremlin Horn"},{"floor":27.0,"key":"Pear"},{"floor":43,"key":"Oddly Smooth Stone"}],"event_choices":[{"damage_healed":0.0,"max_hp_gain":0.0,"max_hp_loss":0.0,"gold_gain":62.0,"event_name":"Golden Wing","player_choice":"Gained Gold","floor":10.0,"gold_loss":0.0,"damage_taken":0.0},{"damage_healed":0.0,"max_hp_gain":0.0,"max_hp_loss":0.0,"gold_gain":0.0,"event_name":"Mushrooms","player_choice":"Fought Mushrooms","floor":11.0,"gold_loss":0.0,"damage_taken":0.0},{"cards_removed":["Strike_G"],"damage_healed":0.0,"max_hp_gain":0.0,"max_hp_loss":0.0,"gold_gain":0.0,"event_name":"Purifier","player_choice":"Purged","floor":20.0,"gold_loss":0.0,"damage_taken":0.0},{"damage_healed":0.0,"max_hp_gain":0.0,"max_hp_loss":0.0,"gold_gain":0.0,"event_name":"Winding Halls","player_choice":"Embrace Madness","floor":39.0,"gold_loss":0.0,"damage_taken":10.0,"cards_obtained":["Madness","Madness"]},{"damage_healed":0,"gold_gain":0,"player_choice":"Ignored","damage_taken":0,"max_hp_gain":0,"max_hp_loss":0,"event_name":"Mysterious Sphere","floor":41,"gold_loss":0}],"is_beta":true,"boss_relics":[{"not_picked":["Busted Crown","Coffee Dripper","Cursed Key"]},{"not_picked":["HoveringKite","Pandora\u0027s Box"],"picked":"SlaversCollar"}],"items_purged_floors":[45],"is_endless":false,"potions_floor_spawned":[3,8,16,18,19,33,35,38],"ascension_level":8}