{"gold_per_floor":[114,126,139,126,146,179,196,196,222,253,263,263,188,188,188,284,347,332,332,151,167,42,77,77,108,135,135,158,182,182,198,198,289,289,310,331,65,65,65,65,65],"floor_reached":41,"playtime":2358,"items_purged":["Strike_G","Strike_G","Strike_G","Strike_G"],"score":772,"play_id":"23c961a0-53d3-49c9-ac27-870354020b7d","local_time":"20191020212602","is_ascension_mode":true,"campfire_choices":[{"data":"Cloak And Dagger","floor":8.0,"key":"SMITH"},{"data":"Blade Dance","floor":12.0,"key":"SMITH"},{"data":"Neutralize","floor":15.0,"key":"SMITH"},{"data":"Night Terror","floor":24.0,"key":"SMITH"},{"floor":27.0,"key":"REST"},{"floor":32.0,"key":"REST"},{"data":"Burst","floor":40.0,"key":"SMITH"}],"neow_cost":"NONE","seed_source_timestamp":110850094544100,"circlet_count":0,"master_deck":["AscendersBane","Defend_G","Defend_G","Defend_G","Defend_G+1","Defend_G","Survivor","Neutralize+1","Quick Slash","Dash","Footwork","Well Laid Plans","Envenom","Noxious Fumes","Cloak And Dagger+1","Blade Dance+1","Burst+1","Cloak And Dagger","Cloak And Dagger+1","Backstab","Night Terror+1","CurseOfTheBell","Dodge and Roll+1","PiercingWail+1","Footwork","Outmaneuver","Panache","Madness","Madness"],"special_seed":0,"relics":["Ring of the Snake","Bronze Scales","Strawberry","Oddly Smooth Stone","PreservedInsect","Golden Idol","Tiny House","Centennial Puzzle","Anchor","MealTicket","Ice Cream","Calling Bell","Lantern","InkBottle","Turnip"],"potions_floor_usage":[41],"damage_taken":[{"damage":2.0,"enemies":"Jaw Worm","floor":1.0,"turns":5.0},{"damage":0.0,"enemies":"2 Louse","floor":2.0,"turns":3.0},{"damage":0.0,"enemies":"Cultist","floor":3.0,"turns":4.0},{"damage":3.0,"enemies":"Exordium Thugs","floor":4.0,"turns":4.0},{"damage":4.0,"enemies":"Large Slime","floor":5.0,"turns":6.0},{"damage":9.0,"enemies":"3 Sentries","floor":6.0,"turns":9.0},{"damage":8.0,"enemies":"Looter","floor":7.0,"turns":4.0},{"damage":0.0,"enemies":"Lagavulin","floor":10.0,"turns":7.0},{"damage":6.0,"enemies":"2 Fungi Beasts","floor":11.0,"turns":4.0},{"damage":7.0,"enemies":"Hexaghost","floor":16.0,"turns":10.0},{"damage":9.0,"enemies":"2 Thieves","floor":18.0,"turns":4.0},{"damage":2.0,"enemies":"Shell Parasite","floor":21.0,"turns":6.0},{"damage":24.0,"enemies":"Slavers","floor":23.0,"turns":7.0},{"damage":6.0,"enemies":"Book of Stabbing","floor":25.0,"turns":6.0},{"damage":0.0,"enemies":"Centurion and Healer","floor":28.0,"turns":7.0},{"damage":14.0,"enemies":"3 Cultists","floor":29.0,"turns":8.0},{"damage":7.0,"enemies":"Cultist and Chosen","floor":31.0,"turns":7.0},{"damage":41.0,"enemies":"Collector","floor":33.0,"turns":16.0},{"damage":1.0,"enemies":"3 Shapes","floor":35.0,"turns":6.0},{"damage":13.0,"enemies":"Orb Walker","floor":36.0,"turns":5.0},{"damage":58,"enemies":"Transient","floor":41,"turns":5}],"seed_played":"-4181198981394664352","potions_obtained":[{"floor":1.0,"key":"Weak Potion"},{"floor":2.0,"key":"EssenceOfSteel"},{"floor":4.0,"key":"FearPotion"},{"floor":10.0,"key":"Strength Potion"},{"floor":11.0,"key":"GhostInAJar"},{"floor":29.0,"key":"Weak Potion"}],"is_trial":false,"path_per_floor":["M","M","M","M","M","E","M","R","T","E","M","R","$","?","R","B",null,"M","?","$","M","$","E","R","E","T","R","M","M","T","M","R","B",null,"M","M","$","?","?","R","M"],"character_chosen":"THE_SILENT","items_purchased":["Night Terror","Footwork","Outmaneuver"],"campfire_rested":2,"item_purchase_floors":[20,37,37],"current_hp_per_floor":[61,61,61,58,54,52,44,44,44,44,38,38,38,38,38,31,66,57,57,57,55,55,31,31,25,25,47,47,33,33,26,48,7,59,58,45,60,60,50,50,0],"gold":65,"neow_bonus":"RANDOM_COMMON_RELIC","is_prod":false,"is_daily":false,"chose_seed":false,"campfire_upgraded":5,"win_rate":0,"timestamp":1571574362,"path_taken":["M","M","M","M","M","E","M","R","T","E","M","R","$","?","R","BOSS","M","?","$","M","$","E","R","E","T","R","?","M","?","M","R","BOSS","M","M","$","?","?","R","M"],"build_version":"2019-10-18","purchased_purges":4,"victory":false,"max_hp_per_floor":[70,70,70,70,70,77,77,77,77,77,77,77,77,71,71,71,76,76,76,76,76,76,76,76,76,76,76,76,76,76,76,76,76,76,76,76,76,76,76,76,76],"card_choices":[{"not_picked":["Catalyst","Acrobatics"],"picked":"Quick Slash","floor":1.0},{"not_picked":["Dagger Throw","Sucker Punch"],"picked":"Dash","floor":2.0},{"not_picked":["Quick Slash","Flying Knee"],"picked":"Footwork","floor":3.0},{"not_picked":["Dagger Throw","Blade Dance"],"picked":"Well Laid Plans","floor":4.0},{"not_picked":["Flechettes","Sucker Punch"],"picked":"Envenom","floor":5.0},{"not_picked":["PiercingWail","Dodge and Roll"],"picked":"Noxious Fumes","floor":6.0},{"not_picked":["Dash","Deflect"],"picked":"Cloak And Dagger","floor":7.0},{"not_picked":["All Out Attack","Dagger Throw"],"picked":"Blade Dance","floor":10.0},{"not_picked":["Sucker Punch","Poisoned Stab","Dagger Throw"],"picked":"SKIP","floor":11.0},{"not_picked":["Die Die Die","A Thousand Cuts"],"picked":"Burst","floor":16.0},{"not_picked":["Quick Slash","Dagger Spray"],"picked":"Cloak And Dagger","floor":17.0},{"not_picked":["Tactician","PiercingWail"],"picked":"Cloak And Dagger+1","floor":18.0},{"not_picked":["A Thousand Cuts","Backstab","Reflex"],"picked":"SKIP","floor":21.0},{"not_picked":["Underhanded Strike","Sucker Punch","Setup"],"picked":"SKIP","floor":23.0},{"not_picked":["Accuracy","Deadly Poison","Dagger Spray"],"picked":"SKIP","floor":25.0},{"not_picked":["Escape Plan","Flying Knee","PiercingWail"],"picked":"SKIP","floor":28.0},{"not_picked":["Flechettes","Unload","Outmaneuver"],"picked":"SKIP","floor":29.0},{"not_picked":["Bane","Deadly Poison+1","Blade Dance"],"picked":"SKIP","floor":31.0},{"not_picked":["Deflect","Dagger Throw"],"picked":"Dodge and Roll+1","floor":35.0},{"not_picked":["Slice","Bouncing Flask+1"],"picked":"PiercingWail+1","floor":36.0},{"not_picked":["Transmutation","Panacea"],"picked":"Panache","floor":38.0}],"player_experience":704679,"relics_obtained":[{"floor":6.0,"key":"Strawberry"},{"floor":9.0,"key":"Oddly Smooth Stone"},{"floor":10.0,"key":"PreservedInsect"},{"floor":23.0,"key":"Centennial Puzzle"},{"floor":25.0,"key":"Anchor"},{"floor":26.0,"key":"MealTicket"},{"floor":30.0,"key":"Ice Cream"},{"floor":34.0,"key":"Lantern"},{"floor":34.0,"key":"InkBottle"},{"floor":34.0,"key":"Turnip"}],"event_choices":[{"damage_healed":0.0,"max_hp_gain":0.0,"max_hp_loss":6.0,"gold_gain":0.0,"event_name":"Golden Idol","player_choice":"Lose Max HP","floor":14.0,"gold_loss":0.0,"damage_taken":0.0,"relics_obtained":["Golden Idol"]},{"damage_healed":0.0,"max_hp_gain":0.0,"max_hp_loss":0.0,"gold_gain":0.0,"cards_transformed":["Strike_G"],"event_name":"Transmorgrifier","player_choice":"Transformed","floor":19.0,"gold_loss":0.0,"damage_taken":0.0,"cards_obtained":["Backstab"]},{"damage_healed":0.0,"max_hp_gain":0.0,"max_hp_loss":0.0,"gold_gain":0.0,"event_name":"SensoryStone","player_choice":"Memory 1","floor":38.0,"gold_loss":0.0,"damage_taken":0.0},{"damage_healed":0.0,"max_hp_gain":0.0,"max_hp_loss":0.0,"gold_gain":0.0,"event_name":"Winding Halls","player_choice":"Embrace Madness","floor":39.0,"gold_loss":0.0,"damage_taken":10.0,"cards_obtained":["Madness","Madness"]}],"is_beta":true,"boss_relics":[{"not_picked":["Velvet Choker","HoveringKite"],"picked":"Tiny House"},{"not_picked":["SacredBark","WristBlade"],"picked":"Calling Bell"}],"items_purged_floors":[13,20,22,37],"is_endless":false,"potions_floor_spawned":[1,2,4,10,11,23,29,31],"killed_by":"Transient","ascension_level":13}