{"gold_per_floor":[116,46,146,163,174,199,199,212,236,236,271,17,17,42,42,172,172,192,118,136,136,149,149,162,0,0,0,23,41,41,41,41,172,172,186,186,202,215,340,340,359,382,382,382,382],"floor_reached":46,"playtime":2028,"items_purged":[],"score":960,"play_id":"7c2f1c9a-6321-4f82-be5f-f2fe89ec856a","local_time":"20191018093202","is_ascension_mode":true,"campfire_choices":[{"floor":7.0,"key":"REST"},{"data":"Wallop","floor":10.0,"key":"SMITH"},{"floor":15.0,"key":"REST"},{"floor":23.0,"key":"REST"},{"floor":27.0,"key":"DIG"},{"floor":32.0,"key":"REST"},{"floor":40,"key":"DIG"}],"neow_cost":"NONE","seed_source_timestamp":2984351466264600,"circlet_count":0,"master_deck":["Strike_P","Strike_P+1","Strike_P+1","Strike_P","Defend_P","Defend_P","Defend_P+1","Defend_P","Eruption","Vigilance","Tantrum","LessonLearned","FlyingSleeves+1","LikeWater+1","DeusExMachina+1","Wallop+1","WheelKick","LikeWater","DeceiveReality","Protect","Ragnarok","Parasite","Wireheading"],"special_seed":0,"relics":["PureWater","Dream Catcher","Akabeko","Vajra","StrikeDummy","Golden Idol","Philosopher\u0027s Stone","Shovel","Mercury Hourglass","Snecko Eye","Lizard Tail","Pear","Boot"],"potions_floor_usage":[45,45,45],"damage_taken":[{"damage":7.0,"enemies":"Small Slimes","floor":1.0,"turns":5.0},{"damage":0.0,"enemies":"Cultist","floor":4.0,"turns":2.0},{"damage":7.0,"enemies":"2 Louse","floor":5.0,"turns":2.0},{"damage":42.0,"enemies":"Gremlin Nob","floor":6.0,"turns":4.0},{"damage":3.0,"enemies":"Exordium Wildlife","floor":8.0,"turns":3.0},{"damage":5.0,"enemies":"3 Sentries","floor":11.0,"turns":8.0},{"damage":0.0,"enemies":"Looter","floor":14.0,"turns":1.0},{"damage":0.0,"enemies":"Slime Boss","floor":16.0,"turns":4.0},{"damage":0.0,"enemies":"Spheric Guardian","floor":18.0,"turns":2.0},{"damage":39.0,"enemies":"2 Thieves","floor":20.0,"turns":4.0},{"damage":6.0,"enemies":"Snake Plant","floor":22.0,"turns":3.0},{"damage":8.0,"enemies":"Centurion and Healer","floor":24.0,"turns":5.0},{"damage":4.0,"enemies":"Cultist and Chosen","floor":28.0,"turns":3.0},{"damage":0.0,"enemies":"Snake Plant","floor":29.0,"turns":3.0},{"damage":28.0,"enemies":"Champ","floor":33.0,"turns":12.0},{"damage":0,"enemies":"3 Darklings","floor":35,"turns":2},{"damage":11,"enemies":"3 Shapes","floor":37,"turns":3},{"damage":6,"enemies":"Writhing Mass","floor":38,"turns":6},{"damage":0,"enemies":"Mind Bloom Boss Battle","floor":39,"turns":4},{"damage":0,"enemies":"Transient","floor":41,"turns":5},{"damage":0,"enemies":"Maw","floor":42,"turns":5},{"damage":74,"enemies":"Donu and Deca","floor":45,"turns":12}],"seed_played":"-2124081093324541486","potions_obtained":[{"floor":1.0,"key":"PowerPotion"},{"floor":5.0,"key":"SteroidPotion"},{"floor":8.0,"key":"Energy Potion"},{"floor":11.0,"key":"Ancient Potion"},{"floor":24.0,"key":"Energy Potion"},{"floor":29.0,"key":"FearPotion"},{"floor":35,"key":"DuplicationPotion"},{"floor":42,"key":"SkillPotion"}],"is_trial":false,"path_per_floor":["M","$","?","M","M","E","R","M","T","R","E","$","?","M","R","B",null,"M","$","M","$","M","R","M","?","T","R","M","M","?","?","R","B",null,"M","$","M","M","?","R","M","M","T","?","B",null],"character_chosen":"WATCHER","items_purchased":["LessonLearned","StrikeDummy","DuplicationPotion"],"campfire_rested":4,"item_purchase_floors":[2,12,19],"current_hp_per_floor":[65,65,65,65,58,16,39,36,36,36,31,31,12,12,35,35,68,68,68,29,29,23,46,38,38,38,38,34,34,34,34,57,29,67,67,67,56,50,50,60,60,60,60,60,44],"gold":382,"neow_bonus":"TEN_PERCENT_HP_BONUS","is_prod":false,"is_daily":false,"chose_seed":false,"campfire_upgraded":1,"win_rate":0,"timestamp":1571383922,"path_taken":["M","$","?","M","M","E","R","M","T","R","E","?","?","?","R","BOSS","BOSS","M","$","M","$","M","R","M","?","T","R","M","M","?","?","R","BOSS","M","$","M","M","?","R","M","M","T","?","BOSS"],"build_version":"2019-10-17","purchased_purges":0,"victory":true,"max_hp_per_floor":[79,79,79,79,79,79,79,79,79,79,79,79,79,79,79,79,79,79,79,79,79,79,79,79,79,79,79,79,79,79,79,79,79,79,79,79,79,79,79,89,89,89,89,89,89],"card_choices":[{"not_picked":["Meditate","FearNoEvil"],"picked":"Tantrum","floor":1.0},{"not_picked":["Evaluate","Fasting2"],"picked":"FlyingSleeves","floor":4.0},{"not_picked":["Pray","Prostrate"],"picked":"LikeWater","floor":5.0},{"not_picked":["BattleHymn","EmptyFist"],"picked":"DeusExMachina","floor":6.0},{"not_picked":["EmptyFist","CrushJoints"],"picked":"Wallop","floor":7.0},{"not_picked":["SignatureMove","ThirdEye"],"picked":"WheelKick","floor":8.0},{"not_picked":["WindmillStrike","Fasting2","FollowUp"],"picked":"SKIP","floor":11.0},{"not_picked":["Consecrate","CrushJoints","ClearTheMind"],"picked":"SKIP","floor":14.0},{"not_picked":["Prostrate","FlurryOfBlows"],"picked":"LikeWater","floor":18.0},{"not_picked":["BowlingBash","Prostrate","FlyingSleeves"],"picked":"SKIP","floor":20.0},{"not_picked":["FlurryOfBlows+1","Crescendo+1","JustLucky+1"],"picked":"SKIP","floor":22.0},{"not_picked":["CarveReality","Halt","FollowUp"],"picked":"SKIP","floor":24.0},{"not_picked":["Prostrate","BowlingBash+1"],"picked":"DeceiveReality","floor":28.0},{"not_picked":["Tantrum","Scrawl+1","Crescendo"],"picked":"SKIP","floor":29.0},{"not_picked":["Wireheading","MentalFortress"],"picked":"Protect","floor":32.0},{"not_picked":["Alpha","Wish"],"picked":"Ragnarok","floor":33.0},{"not_picked":["FlyingSleeves","ClearTheMind+1","Crescendo"],"picked":"SKIP","floor":35},{"not_picked":["Evaluate","FlurryOfBlows","PathToVictory+1"],"picked":"SKIP","floor":37},{"not_picked":["Prostrate","Indignation+1","CutThroughFate"],"picked":"SKIP","floor":38},{"not_picked":["Scrawl","JustLucky+1"],"picked":"Wireheading","floor":39},{"not_picked":["Swivel","FlyingSleeves+1","JustLucky+1"],"picked":"SKIP","floor":41},{"not_picked":["EmptyBody+1","JustLucky+1","Study+1"],"picked":"SKIP","floor":42}],"player_experience":488866,"relics_obtained":[{"floor":6.0,"key":"Dream Catcher"},{"floor":9.0,"key":"Akabeko"},{"floor":11.0,"key":"Vajra"},{"floor":26.0,"key":"Shovel"},{"floor":27.0,"key":"Mercury Hourglass"},{"floor":39,"key":"Lizard Tail"},{"floor":40,"key":"Pear"},{"floor":43,"key":"Boot"}],"event_choices":[{"damage_healed":0.0,"max_hp_gain":0.0,"max_hp_loss":0.0,"gold_gain":100.0,"event_name":"Golden Shrine","player_choice":"Pray","floor":3.0,"gold_loss":0.0,"damage_taken":0.0},{"damage_healed":0.0,"max_hp_gain":0.0,"max_hp_loss":0.0,"gold_gain":0.0,"event_name":"Golden Idol","player_choice":"Take Damage","floor":13.0,"gold_loss":0.0,"damage_taken":19.0,"relics_obtained":["Golden Idol"]},{"damage_healed":0.0,"max_hp_gain":0.0,"max_hp_loss":0.0,"gold_gain":0.0,"event_name":"Masked Bandits","player_choice":"Paid Fearfully","floor":25.0,"gold_loss":162.0,"damage_taken":0.0},{"damage_healed":0.0,"max_hp_gain":0.0,"max_hp_loss":0.0,"gold_gain":0.0,"event_name":"The Mausoleum","player_choice":"Ignored","floor":31.0,"gold_loss":0.0,"damage_taken":0.0},{"damage_healed":0,"gold_gain":0,"player_choice":"Fight","damage_taken":0,"max_hp_gain":0,"max_hp_loss":0,"event_name":"MindBloom","floor":39,"gold_loss":0},{"damage_healed":0,"gold_gain":0,"player_choice":"Took Portal","damage_taken":0,"max_hp_gain":0,"max_hp_loss":0,"event_name":"SecretPortal","floor":44,"gold_loss":0}],"is_beta":true,"boss_relics":[{"not_picked":["Pandora\u0027s Box","Velvet Choker"],"picked":"Philosopher\u0027s Stone"},{"not_picked":["Calling Bell","Runic Pyramid"],"picked":"Snecko Eye"}],"items_purged_floors":[],"is_endless":false,"potions_floor_spawned":[1,5,8,11,24,29,35,42],"ascension_level":8}