{"path_per_floor":["M","$","?","M","M","R","?","R","T","E","M","M","R","M","R","B",null,"M","?","?","M","?","R","M","R","T","$","M","M","$","M","R","B",null],"character_chosen":"IRONCLAD","items_purchased":[],"gold_per_floor":[113,38,38,48,61,61,61,61,86,111,128,147,147,157,157,261,261,261,261,261,261,261,261,261,261,261,261,261,261,261,261,261,261,261],"floor_reached":35,"campfire_rested":0,"playtime":1308,"current_hp_per_floor":[80,80,80,80,77,77,70,70,70,64,66,49,49,55,55,48,80,72,72,64,61,61,61,59,59,59,59,64,56,56,54,54,31,80],"items_purged":["Bash"],"gold":261,"score":309,"play_id":"d831dfdc-a831-4374-8795-5be6cc5848eb","is_prod":false,"is_daily":false,"is_ascension_mode":false,"campfire_upgraded":7,"path_taken":["M","$","?","M","M","R","?","R","T","E","M","M","R","?","R","BOSS","M","?","?","M","?","R","M","R","T","?","M","M","$","M","R","BOSS","M"],"build_version":"2018-02-22-PROD2","purchased_purges":1,"victory":false,"master_deck":["Strike_R","Strike_R","Defend_R","Defend_R","Defend_R","Defend_R","Flex+1","Offering","Perfected Strike+1","Twin Strike","Fiend Fire+1","Cleave+1","Perfected Strike+1","Flame Barrier+1","Offering","Pommel Strike","Spot Weakness+1","Pommel Strike","Limit Break"],"max_hp_per_floor":[80,80,80,80,80,80,80,80,80,80,80,80,80,80,80,80,80,80,80,80,80,80,80,80,80,80,80,80,80,80,80,80,80,80],"relics":["Burning Blood","Regal Pillow","Ornamental Fan","Ectoplasm","Frozen Eye","Lizard Tail"],"card_choices":[{"not_picked":["Heavy Blade","Shockwave"],"picked":"Flex"},{"not_picked":["Demon Form","Wild Strike"],"picked":"Perfected Strike"},{"not_picked":["Evolve","Cleave"],"picked":"Twin Strike"},{"not_picked":["Clothesline","Demon Form"],"picked":"Fiend Fire"},{"not_picked":["Searing Blow","Thunderclap"],"picked":"Cleave"},{"not_picked":["Thunderclap","True Grit"],"picked":"Perfected Strike"},{"not_picked":["Clash","Second Wind"],"picked":"Flame Barrier"},{"not_picked":["Reaper","Bludgeon"],"picked":"Offering"},{"not_picked":["Thunderclap","Bludgeon"],"picked":"Pommel Strike"},{"not_picked":["Body Slam","Cleave"],"picked":"Spot Weakness"},{"not_picked":["Clash","Iron Wave"],"picked":"Pommel Strike"},{"not_picked":["Offering","Impervious"],"picked":"Limit Break"}],"player_experience":47992,"potions_floor_usage":[28,33,33,33],"damage_taken":[{"damage":6,"enemies":"2 Louse","floor":1,"turns":2},{"damage":5,"enemies":"Cultist","floor":4,"turns":3},{"damage":9,"enemies":"Small Slimes","floor":5,"turns":2},{"damage":12,"enemies":"Gremlin Nob","floor":10,"turns":3},{"damage":4,"enemies":"Looter","floor":11,"turns":1},{"damage":23,"enemies":"Exordium Wildlife","floor":12,"turns":2},{"damage":0,"enemies":"2 Fungi Beasts","floor":14,"turns":2},{"damage":13,"enemies":"Slime Boss","floor":16,"turns":8},{"damage":14,"enemies":"Spheric Guardian","floor":18,"turns":3},{"damage":9,"enemies":"3 Byrds","floor":21,"turns":4},{"damage":8,"enemies":"Snake Plant","floor":24,"turns":2},{"damage":13,"enemies":"Chosen and Byrds","floor":28,"turns":6},{"damage":14,"enemies":"Snecko","floor":29,"turns":4},{"damage":8,"enemies":"Centurion and Healer","floor":31,"turns":4},{"damage":29,"enemies":"Collector","floor":33,"turns":6},{"damage":9,"enemies":"3 Darklings","floor":35,"turns":2}],"event_choices":[{"event_name":"Transmorgrifier","player_choice":"Transform","floor":3,"damage_taken":0},{"event_name":"Golden Wing","player_choice":"Card Removal","floor":7,"damage_taken":0},{"event_name":"Purifier","player_choice":"One Purge","floor":19,"damage_taken":0},{"event_name":"Knowing Skull","player_choice":"","floor":20,"damage_taken":0},{"event_name":"The Lab","player_choice":"Got Potions","floor":22,"damage_taken":0}],"boss_relics":[{"not_picked":["Calling Bell","Orrery"],"picked":"Ectoplasm"},{"not_picked":["Tiny House","Black Blood"],"picked":"Lizard Tail"}],"potions_floor_spawned":[4,5,14,16,21,28],"seed_played":"71841710987680029","killed_by":"3 Darklings","ascension_level":0,"is_trial":false}