{"gold_per_floor":[219,219,235,255,102,130,130,142,142,177,193,193,224,240,240,345,345,270],"floor_reached":18,"playtime":687,"items_purged":[],"score":273,"play_id":"834ac6ca-c695-4bd8-a953-4ffc7e674744","local_time":"20190628092815","is_ascension_mode":true,"campfire_choices":[{"floor":7,"key":"REST"},{"floor":12,"key":"REST"},{"floor":15,"key":"REST"}],"neow_cost":"NONE","seed_source_timestamp":177262367715243,"circlet_count":0,"master_deck":["AscendersBane","Strike_R","Strike_R","Strike_R","Defend_R","Defend_R","Defend_R","Defend_R","Bash","Spot Weakness","Metallicize","Sword Boomerang","Infernal Blade","Reaper","Armaments","True Grit","Iron Wave","Ghostly Armor","Rupture","Limit Break","Demon Form+1","True Grit+1","Clash+1"],"relics":["Burning Blood","Dodecahedron","Darkstone Periapt","Blue Candle","Regal Pillow","Pen Nib","Astrolabe"],"potions_floor_usage":[6,14],"damage_taken":[{"damage":25,"enemies":"Jaw Worm","floor":1,"turns":5},{"damage":6,"enemies":"Cultist","floor":3,"turns":4},{"damage":13,"enemies":"Small Slimes","floor":4,"turns":5},{"damage":41,"enemies":"Lagavulin","floor":6,"turns":8},{"damage":16,"enemies":"2 Fungi Beasts","floor":8,"turns":3},{"damage":18,"enemies":"Gremlin Nob","floor":10,"turns":4},{"damage":9,"enemies":"Blue Slaver","floor":11,"turns":3},{"damage":23,"enemies":"Lagavulin","floor":13,"turns":5},{"damage":16,"enemies":"Exordium Thugs","floor":14,"turns":3},{"damage":74,"enemies":"Hexaghost","floor":16,"turns":10},{"damage":38,"enemies":"2 Thieves","floor":18,"turns":4}],"seed_played":"8531282628063906071","potions_obtained":[{"floor":3,"key":"AttackPotion"},{"floor":8,"key":"Explosive Potion"},{"floor":11,"key":"FearPotion"},{"floor":13,"key":"AttackPotion"},{"floor":14,"key":"Explosive Potion"}],"is_trial":false,"path_per_floor":["M","?","M","M","$","E","R","M","T","E","M","R","E","M","R","B",null,"M"],"character_chosen":"IRONCLAD","items_purchased":["Metallicize","Sword Boomerang","Infernal Blade"],"campfire_rested":3,"item_purchase_floors":[5,5,5],"current_hp_per_floor":[53,53,53,46,46,11,35,39,39,27,24,63,46,36,75,23,66,42],"gold":270,"neow_bonus":"HUNDRED_GOLD","is_prod":false,"is_daily":false,"chose_seed":false,"campfire_upgraded":0,"win_rate":0,"timestamp":1561706895,"path_taken":["M","?","M","M","$","E","R","M","T","E","?","R","E","?","R","BOSS","M"],"build_version":"2019-01-23","purchased_purges":0,"victory":false,"max_hp_per_floor":[80,80,80,80,80,80,80,80,80,80,80,80,80,80,80,80,80,80],"card_choices":[{"not_picked":["Thunderclap","Dropkick"],"picked":"Pummel","floor":1},{"not_picked":["Pommel Strike","Wild Strike"],"picked":"Perfected Strike","floor":3},{"not_picked":["Dual Wield","Headbutt"],"picked":"Spot Weakness","floor":4},{"not_picked":["Corruption","Flame Barrier"],"picked":"Reaper","floor":6},{"not_picked":["Searing Blow","Clothesline"],"picked":"Armaments","floor":8},{"not_picked":["Carnage","Bludgeon"],"picked":"True Grit","floor":10},{"not_picked":["Sever Soul","Blood for Blood"],"picked":"Iron Wave","floor":11},{"not_picked":["Warcry","Havoc"],"picked":"Ghostly Armor","floor":13},{"not_picked":["Shockwave","Shrug It Off"],"picked":"Rupture","floor":14},{"not_picked":["Reaper","Juggernaut"],"picked":"Limit Break","floor":16}],"player_experience":232423,"relics_obtained":[{"floor":6,"key":"Darkstone Periapt"},{"floor":9,"key":"Blue Candle"},{"floor":10,"key":"Regal Pillow"},{"floor":13,"key":"Pen Nib"}],"event_choices":[{"cards_removed":["Pummel"],"damage_healed":0,"gold_gain":0,"player_choice":"Gave Card","damage_taken":0,"relics_obtained":["Dodecahedron"],"max_hp_gain":0,"max_hp_loss":0,"event_name":"WeMeetAgain","floor":2,"gold_loss":0}],"is_beta":false,"boss_relics":[{"not_picked":["Coffee Dripper","Runic Pyramid"],"picked":"Astrolabe"}],"items_purged_floors":[],"is_endless":false,"potions_floor_spawned":[3,8,11,13,14],"killed_by":"2 Thieves","ascension_level":10}