{"gold_per_floor":[117,128,147,68,68,93,93,105,130,130,144,160,160,178,178,178],"floor_reached":16,"playtime":509,"items_purged":[],"score":156,"play_id":"85e18e73-3f5d-4f2b-9572-6890bd1c2b6d","local_time":"20191021181526","is_ascension_mode":true,"campfire_choices":[{"data":"WheelKick","floor":7.0,"key":"SMITH"},{"data":"BowlingBash","floor":10,"key":"SMITH"},{"floor":15,"key":"REST"}],"neow_cost":"NONE","seed_source_timestamp":3276588417184600,"circlet_count":0,"master_deck":["AscendersBane","Strike_P","Strike_P","Strike_P","Strike_P","Defend_P","Defend_P","Defend_P","Defend_P","Eruption+1","Vigilance+1","BowlingBash+1","Sanctity","CutThroughFate","WheelKick+1"],"special_seed":0,"relics":["PureWater","Oddly Smooth Stone","Orichalcum"],"potions_floor_usage":[16],"damage_taken":[{"damage":1.0,"enemies":"2 Louse","floor":1.0,"turns":3.0},{"damage":0.0,"enemies":"Small Slimes","floor":2.0,"turns":2.0},{"damage":0.0,"enemies":"Cultist","floor":3.0,"turns":3.0},{"damage":7.0,"enemies":"Lagavulin","floor":6.0,"turns":4.0},{"damage":10,"enemies":"Exordium Thugs","floor":8,"turns":3},{"damage":0,"enemies":"Looter","floor":11,"turns":2},{"damage":12,"enemies":"Exordium Wildlife","floor":12,"turns":3},{"damage":0,"enemies":"2 Fungi Beasts","floor":14,"turns":2},{"damage":56,"enemies":"Hexaghost","floor":16,"turns":10}],"seed_played":"5603720893641752388","potions_obtained":[{"floor":2.0,"key":"DistilledChaos"},{"floor":14,"key":"Dexterity Potion"}],"is_trial":false,"path_per_floor":["M","M","M","$","?","E","R","M","T","R","M","M","?","M","R","B"],"character_chosen":"WATCHER","items_purchased":["WheelKick"],"campfire_rested":1,"item_purchase_floors":[4],"current_hp_per_floor":[64,64,64,64,64,57,57,47,47,47,47,35,35,35,56,0],"gold":178,"neow_bonus":"UPGRADE_CARD","is_prod":false,"is_daily":false,"chose_seed":false,"campfire_upgraded":2,"win_rate":0,"timestamp":1571674526,"path_taken":["M","M","M","$","?","E","R","M","T","R","M","M","?","?","R","BOSS"],"build_version":"2019-10-18","purchased_purges":0,"victory":false,"max_hp_per_floor":[72,72,72,72,72,72,72,72,72,72,72,72,72,72,72,72],"card_choices":[{"not_picked":["ThirdEye","FollowUp"],"picked":"BowlingBash","floor":1.0},{"not_picked":["Evaluate","EmptyFist"],"picked":"Sanctity","floor":2.0},{"not_picked":["CrushJoints","Consecrate"],"picked":"CutThroughFate","floor":3.0},{"not_picked":["Sanctity","Wireheading","Indignation"],"picked":"SKIP","floor":6.0},{"not_picked":["SandsOfTime","CrushJoints","Indignation"],"picked":"SKIP","floor":8},{"not_picked":["Sanctity","Worship","Collect"],"picked":"SKIP","floor":11},{"not_picked":["Alpha","Consecrate","EmptyMind"],"picked":"SKIP","floor":12},{"not_picked":["Crescendo","PathToVictory","Prostrate"],"picked":"SKIP","floor":14}],"player_experience":494105,"relics_obtained":[{"floor":6.0,"key":"Oddly Smooth Stone"},{"floor":9,"key":"Orichalcum"}],"event_choices":[{"damage_healed":0.0,"max_hp_gain":0.0,"max_hp_loss":0.0,"gold_gain":0.0,"event_name":"Golden Idol","player_choice":"Ignored","floor":5.0,"gold_loss":0.0,"damage_taken":0.0},{"damage_healed":0,"gold_gain":0,"player_choice":"Upgraded","damage_taken":0,"max_hp_gain":0,"max_hp_loss":0,"event_name":"Upgrade Shrine","floor":13,"gold_loss":0,"cards_upgraded":["Vigilance"]}],"is_beta":true,"boss_relics":[],"items_purged_floors":[],"is_endless":false,"potions_floor_spawned":[2,14],"killed_by":"Hexaghost","ascension_level":10}