{"gold_per_floor":[118,133,58,72,87,87,151,151,199,25,25,35,67,67,67,139,139,149,149,168,5,17,17,50,50,74,107,107,18,33,61,61,137,137,147,147,161,216,229,229,263,275,275,60,70,84,99,125,125,125],"floor_reached":50,"playtime":8098,"items_purged":["Strike_B","Defend_B","Writhe"],"score":1149,"play_id":"840791ed-9962-4a75-9c2e-acf007d94a8c","local_time":"20191002200103","is_ascension_mode":true,"campfire_choices":[{"floor":6.0,"key":"REST"},{"data":"Streamline","floor":8.0,"key":"SMITH"},{"data":"FTL","floor":11.0,"key":"SMITH"},{"floor":15.0,"key":"REST"},{"data":"Rebound","floor":23.0,"key":"SMITH"},{"floor":25.0,"key":"REST"},{"floor":32.0,"key":"REST"},{"floor":40.0,"key":"REST"},{"floor":49.0,"key":"REST"}],"neow_cost":"PERCENT_DAMAGE","seed_source_timestamp":865654093761300,"circlet_count":0,"master_deck":["AscendersBane","Defend_B","Defend_B","Defend_B","Zap","Streamline+1","Cold Snap","Rebound+1","FTL+1","Steam","Genetic Algorithm","Seek+1","Chill+1","Hologram+1","Streamline+1","Conserve Battery+1","Hologram+1","Blind+1","Hologram+1","Beam Cell","Biased Cognition","Gash","Madness+1","Madness+1","Glacier+1","Electrodynamics","Glacier+1","Beam Cell+1","Skim+1","Self Repair","Steam+1","Hologram+1","Sweeping Beam+1"],"special_seed":0,"relics":["Cracked Core","Strawberry","Blood Vial","Toxic Egg 2","Empty Cage","PreservedInsect","Thread and Needle","Dream Catcher","DataDisk","Bag of Preparation","Anchor","Potion Belt","Question Card"],"potions_floor_usage":[50],"damage_taken":[{"damage":11.0,"enemies":"Small Slimes","floor":1.0,"turns":4.0},{"damage":1.0,"enemies":"Cultist","floor":2.0,"turns":3.0},{"damage":2.0,"enemies":"2 Louse","floor":4.0,"turns":3.0},{"damage":18.0,"enemies":"Exordium Thugs","floor":5.0,"turns":5.0},{"damage":2.0,"enemies":"Blue Slaver","floor":12.0,"turns":3.0},{"damage":12.0,"enemies":"Gremlin Nob","floor":13.0,"turns":4.0},{"damage":42.0,"enemies":"Slime Boss","floor":16.0,"turns":11.0},{"damage":5.0,"enemies":"Chosen","floor":18.0,"turns":5.0},{"damage":10.0,"enemies":"Spheric Guardian","floor":20.0,"turns":4.0},{"damage":0.0,"enemies":"Centurion and Healer","floor":22.0,"turns":6.0},{"damage":38.0,"enemies":"Book of Stabbing","floor":24.0,"turns":4.0},{"damage":5.0,"enemies":"Slavers","floor":27.0,"turns":6.0},{"damage":7.0,"enemies":"Cultist and Chosen","floor":30.0,"turns":7.0},{"damage":2.0,"enemies":"Book of Stabbing","floor":31.0,"turns":5.0},{"damage":51.0,"enemies":"Automaton","floor":33.0,"turns":14.0},{"damage":2.0,"enemies":"3 Shapes","floor":35.0,"turns":7.0},{"damage":0.0,"enemies":"3 Darklings","floor":37.0,"turns":8.0},{"damage":3.0,"enemies":"2 Orb Walkers","floor":38.0,"turns":6.0},{"damage":9.0,"enemies":"Spire Growth","floor":39.0,"turns":5.0},{"damage":40.0,"enemies":"Nemesis","floor":41.0,"turns":11.0},{"damage":8.0,"enemies":"Writhing Mass","floor":42.0,"turns":8.0},{"damage":0.0,"enemies":"4 Shapes","floor":45.0,"turns":5.0},{"damage":1.0,"enemies":"Jaw Worm Horde","floor":46.0,"turns":6.0},{"damage":0.0,"enemies":"Transient","floor":47.0,"turns":6.0},{"damage":19.0,"enemies":"Reptomancer","floor":48.0,"turns":6.0},{"damage":55,"enemies":"Donu and Deca","floor":50,"turns":11}],"seed_played":"-1003178962040711918","potions_obtained":[{"floor":2.0,"key":"LiquidBronze"},{"floor":5.0,"key":"Block Potion"},{"floor":13.0,"key":"GamblersBrew"},{"floor":24.0,"key":"PowerPotion"},{"floor":30.0,"key":"Dexterity Potion"},{"floor":33.0,"key":"Swift Potion"},{"floor":35.0,"key":"Swift Potion"},{"floor":37.0,"key":"FearPotion"},{"floor":39.0,"key":"Swift Potion"},{"floor":42.0,"key":"Explosive Potion"},{"floor":48.0,"key":"PowerPotion"}],"is_trial":false,"path_per_floor":["M","M","$","M","M","R","?","R","T","$","R","M","E","?","R","B",null,"M","?","M","$","M","R","E","R","T","E","?","$","M","E","R","B",null,"M","?","M","?","M","R","E","M","T","$","M","M","M","E","R","B"],"character_chosen":"DEFECT","items_purchased":["FTL","PreservedInsect","Blind+1","Skim+1"],"campfire_rested":6,"item_purchase_floors":[10,21,29,44],"current_hp_per_floor":[35,34,34,32,14,35,35,35,42,42,42,40,28,28,51,11,61,58,58,50,50,52,52,16,39,39,36,36,36,31,31,54,5,60,60,46,48,47,40,63,25,19,19,19,21,22,31,21,44,0],"gold":125,"neow_bonus":"REMOVE_TWO","is_prod":false,"is_daily":false,"chose_seed":false,"campfire_upgraded":3,"win_rate":0,"timestamp":1570014063,"path_taken":["M","M","$","M","M","R","?","R","T","$","R","M","E","?","R","BOSS","M","?","M","$","M","R","E","R","T","E","?","$","M","E","R","BOSS","M","?","M","?","M","R","E","M","T","$","M","?","M","E","R","BOSS"],"build_version":"2019-07-17","purchased_purges":3,"victory":false,"max_hp_per_floor":[71,71,71,71,71,71,71,71,78,78,78,78,78,78,78,78,78,78,78,78,78,78,78,78,78,78,78,78,78,78,78,78,78,78,78,78,78,78,78,78,78,78,78,78,78,78,78,78,78,78],"card_choices":[{"not_picked":["Turbo","Compile Driver"],"picked":"Streamline","floor":1.0},{"not_picked":["Steam Power","Loop"],"picked":"Cold Snap","floor":2.0},{"not_picked":["Go for the Eyes","Undo"],"picked":"Rebound","floor":4.0},{"not_picked":["Loop","Streamline","Ball Lightning"],"picked":"SKIP","floor":5.0},{"not_picked":["Darkness","Loop"],"picked":"Steam","floor":12.0},{"not_picked":["Barrage","Rebound"],"picked":"Genetic Algorithm","floor":13.0},{"not_picked":["Core Surge","Echo Form"],"picked":"Seek+1","floor":16.0},{"not_picked":["Stack+1","Static Discharge"],"picked":"Chill+1","floor":18.0},{"not_picked":["Doom and Gloom+1","Aggregate+1"],"picked":"Streamline+1","floor":20.0},{"not_picked":["Redo+1","Consume+1","Streamline"],"picked":"SKIP","floor":22.0},{"not_picked":["Chill+1","Storm"],"picked":"Conserve Battery+1","floor":24.0},{"not_picked":["Go for the Eyes","Conserve Battery+1"],"picked":"Hologram+1","floor":27.0},{"not_picked":["Hello World","Force Field+1","Chaos+1"],"picked":"SKIP","floor":30.0},{"not_picked":["Buffer","Ball Lightning"],"picked":"Hologram+1","floor":31.0},{"not_picked":["Reinforced Body+1","Leap+1"],"picked":"Beam Cell","floor":32.0},{"not_picked":["Reboot+1","Fission+1"],"picked":"Biased Cognition","floor":33.0},{"not_picked":["Doom and Gloom","Sweeping Beam+1"],"picked":"Gash","floor":35.0},{"not_picked":["Compile Driver","Leap+1"],"picked":"Glacier+1","floor":37.0},{"not_picked":["Redo+1","Compile Driver","Sweeping Beam"],"picked":"SKIP","floor":39.0},{"not_picked":["Steam+1","Melter"],"picked":"Electrodynamics","floor":40.0},{"not_picked":["Compile Driver","Storm+1"],"picked":"Glacier+1","floor":41.0},{"not_picked":["Compile Driver","Consume+1"],"picked":"Beam Cell+1","floor":42.0},{"not_picked":["Coolheaded+1","Skim+1"],"picked":"Self Repair","floor":45.0},{"not_picked":["Force Field+1","Recycle+1"],"picked":"Steam+1","floor":46.0},{"not_picked":["Leap+1","Auto Shields+1","Compile Driver"],"picked":"SKIP","floor":47.0},{"not_picked":["Chaos+1","Steam+1"],"picked":"Hologram+1","floor":48.0},{"not_picked":["Gash","Tempest+1","Reprogram+1"],"picked":"Sweeping Beam+1","floor":49.0}],"player_experience":561713,"relics_obtained":[{"floor":9.0,"key":"Strawberry"},{"floor":13.0,"key":"Blood Vial"},{"floor":24.0,"key":"Thread and Needle"},{"floor":26.0,"key":"Dream Catcher"},{"floor":27.0,"key":"DataDisk"},{"floor":31.0,"key":"Anchor"},{"floor":43.0,"key":"Potion Belt"},{"floor":48.0,"key":"Question Card"}],"event_choices":[{"damage_healed":0.0,"max_hp_gain":0.0,"max_hp_loss":0.0,"gold_gain":64.0,"event_name":"Golden Wing","player_choice":"Gained Gold","floor":7.0,"gold_loss":0.0,"damage_taken":0.0},{"damage_healed":0.0,"max_hp_gain":0.0,"max_hp_loss":0.0,"gold_gain":0.0,"event_name":"WeMeetAgain","player_choice":"Gave Potion","floor":14.0,"gold_loss":0.0,"damage_taken":0.0,"relics_obtained":["Toxic Egg 2"]},{"damage_healed":0.0,"max_hp_gain":0.0,"max_hp_loss":0.0,"gold_gain":0.0,"event_name":"The Library","player_choice":"Read","floor":19.0,"gold_loss":0.0,"damage_taken":0.0,"cards_obtained":["Hologram"]},{"damage_healed":0.0,"max_hp_gain":0.0,"max_hp_loss":0.0,"gold_gain":0.0,"event_name":"The Mausoleum","player_choice":"Opened","floor":28.0,"gold_loss":0.0,"damage_taken":0.0,"relics_obtained":["Bag of Preparation"],"cards_obtained":["Writhe"]},{"damage_healed":0.0,"max_hp_gain":0.0,"max_hp_loss":0.0,"gold_gain":0.0,"event_name":"Winding Halls","player_choice":"Embrace Madness","floor":36.0,"gold_loss":0.0,"damage_taken":14.0,"cards_obtained":["Madness","Madness"]},{"damage_healed":0.0,"max_hp_gain":0.0,"max_hp_loss":0.0,"gold_gain":0.0,"event_name":"Mysterious Sphere","player_choice":"Fight","floor":38.0,"gold_loss":0.0,"damage_taken":0.0}],"is_beta":false,"boss_relics":[{"not_picked":["Velvet Choker","Nuclear Battery"],"picked":"Empty Cage"},{"not_picked":["Philosopher\u0027s Stone","Calling Bell","Astrolabe"]}],"items_purged_floors":[3,10,44],"is_endless":false,"potions_floor_spawned":[2,5,12,13,24,30,33,35,37,39,42,48],"killed_by":"Donu and Deca","ascension_level":20}