{"gold_per_floor":[118,33,44,58,70,70,83,98,98,98,98,125,125,150,150,227,227,237,254,274,274,293,293,293,293,293,293,322,322,202,202,202,279,279,289,289,54,68,68,68,68,68,68,68],"floor_reached":44,"playtime":2596,"items_purged":["Strike_B"],"score":972,"play_id":"53c0e8bf-3484-485e-b0c0-031cc7592fa5","local_time":"20191012000134","is_ascension_mode":true,"campfire_choices":[{"floor":6.0,"key":"REST"},{"floor":13.0,"key":"REST"},{"floor":15.0,"key":"REST"},{"floor":23.0,"key":"REST"},{"data":"Consume","floor":25.0,"key":"SMITH"},{"floor":27.0,"key":"REST"},{"data":"Capacitor","floor":29.0,"key":"SMITH"},{"floor":32.0,"key":"REST"},{"data":"Capacitor","floor":40.0,"key":"SMITH"}],"neow_cost":"NONE","seed_source_timestamp":7770114681544,"circlet_count":0,"master_deck":["AscendersBane","Strike_B+1","Defend_B","Defend_B","Defend_B","Zap","Dualcast+1","Ball Lightning","Capacitor+1","Coolheaded","Consume+1","Cold Snap","Compile Driver+1","Chill","Auto Shields","Coolheaded","Electrodynamics","Leap+1","Capacitor+1","Darkness+1","White Noise","Seek","BootSequence","Apotheosis","Loop","PanicButton"],"special_seed":0,"relics":["Cracked Core","Symbiotic Virus","Whetstone","The Courier","Sozu","StoneCalendar","Orichalcum","Dodecahedron","Empty Cage","Unceasing Top"],"potions_floor_usage":[],"damage_taken":[{"damage":1.0,"enemies":"Cultist","floor":1.0,"turns":4.0},{"damage":4.0,"enemies":"Jaw Worm","floor":3.0,"turns":3.0},{"damage":8.0,"enemies":"2 Louse","floor":4.0,"turns":2.0},{"damage":28.0,"enemies":"Gremlin Gang","floor":5.0,"turns":5.0},{"damage":9.0,"enemies":"Looter","floor":7.0,"turns":3.0},{"damage":11.0,"enemies":"Blue Slaver","floor":8.0,"turns":3.0},{"damage":13.0,"enemies":"Lagavulin","floor":12.0,"turns":8.0},{"damage":0.0,"enemies":"Gremlin Nob","floor":14.0,"turns":3.0},{"damage":31.0,"enemies":"Slime Boss","floor":16.0,"turns":9.0},{"damage":19.0,"enemies":"2 Thieves","floor":18.0,"turns":4.0},{"damage":22.0,"enemies":"3 Byrds","floor":19.0,"turns":4.0},{"damage":21.0,"enemies":"Shelled Parasite and Fungi","floor":20.0,"turns":10.0},{"damage":3.0,"enemies":"Centurion and Healer","floor":22.0,"turns":9.0},{"damage":0.0,"enemies":"Chosen and Byrds","floor":24.0,"turns":1.0},{"damage":24.0,"enemies":"Slavers","floor":28.0,"turns":7.0},{"damage":7.0,"enemies":"Champ","floor":33.0,"turns":11.0},{"damage":25.0,"enemies":"Orb Walker","floor":35.0,"turns":5.0},{"damage":6.0,"enemies":"3 Shapes","floor":38.0,"turns":5.0},{"damage":62,"enemies":"Reptomancer","floor":44,"turns":2}],"seed_played":"-8680048272717932754","potions_obtained":[{"floor":1.0,"key":"SkillPotion"},{"floor":7.0,"key":"SmokeBomb"},{"floor":12.0,"key":"AttackPotion"},{"floor":16.0,"key":"Regen Potion"}],"is_trial":false,"path_per_floor":["M","$","M","M","M","R","M","M","T","?","?","E","R","E","R","B",null,"M","M","M","?","M","R","M","R","T","R","E","R","$","T","R","B",null,"M","?","$","M","?","R","?","$","T","E"],"character_chosen":"DEFECT","items_purchased":["Capacitor","White Noise","Apotheosis","Loop"],"campfire_rested":6,"item_purchase_floors":[2,30,37,37],"current_hp_per_floor":[63,63,59,51,23,44,35,24,24,17,17,4,25,25,46,15,57,38,28,7,7,4,25,25,25,25,46,22,22,22,22,43,36,62,37,37,37,31,58,58,58,58,58,0],"gold":68,"neow_bonus":"UPGRADE_CARD","is_prod":false,"is_daily":false,"chose_seed":false,"campfire_upgraded":3,"win_rate":0,"timestamp":1570856494,"path_taken":["M","$","M","M","M","R","M","M","T","?","?","E","R","E","R","BOSS","M","M","M","?","M","R","M","R","T","R","E","R","$","?","R","BOSS","M","?","$","?","?","R","?","?","T","E"],"build_version":"2019-07-17","purchased_purges":1,"victory":false,"max_hp_per_floor":[71,71,71,71,71,71,71,71,71,71,71,71,71,71,71,71,71,71,71,71,71,71,71,71,71,71,71,71,71,71,71,71,71,71,71,71,71,71,58,58,58,58,58,58],"card_choices":[{"not_picked":["Melter","Blizzard"],"picked":"Ball Lightning","floor":1.0},{"not_picked":["Conserve Battery","Stack"],"picked":"Coolheaded","floor":3.0},{"not_picked":["Reboot","Blizzard"],"picked":"Consume","floor":4.0},{"not_picked":["Melter","Storm"],"picked":"Cold Snap","floor":5.0},{"not_picked":["Turbo","Storm"],"picked":"Compile Driver","floor":7.0},{"not_picked":["Darkness","Go for the Eyes"],"picked":"Chill","floor":8.0},{"not_picked":["Sunder","Conserve Battery"],"picked":"Auto Shields","floor":12.0},{"not_picked":["Rebound","Aggregate"],"picked":"Coolheaded","floor":14.0},{"not_picked":["Hyperbeam","Meteor Strike"],"picked":"Electrodynamics","floor":16.0},{"not_picked":["Barrage","Cold Snap"],"picked":"Leap+1","floor":18.0},{"not_picked":["Storm","Beam Cell","Turbo"],"picked":"SKIP","floor":19.0},{"not_picked":["Double Energy","Sunder"],"picked":"Capacitor","floor":20.0},{"not_picked":["Leap","Steam+1","Beam Cell"],"picked":"SKIP","floor":22.0},{"not_picked":["Go for the Eyes","Hyperbeam"],"picked":"Darkness+1","floor":28.0},{"not_picked":["Reboot","Thunder Strike"],"picked":"Seek","floor":33.0},{"not_picked":["Steam Power","Cold Snap"],"picked":"BootSequence","floor":35.0},{"not_picked":["Stack","Cold Snap","Ball Lightning"],"picked":"SKIP","floor":38.0},{"not_picked":["Jack Of All Trades","Mind Blast"],"picked":"PanicButton","floor":41.0}],"player_experience":322460,"relics_obtained":[{"floor":9.0,"key":"Symbiotic Virus"},{"floor":12.0,"key":"Whetstone"},{"floor":14.0,"key":"The Courier"},{"floor":26.0,"key":"StoneCalendar"},{"floor":28.0,"key":"Orichalcum"},{"floor":31.0,"key":"Dodecahedron"},{"floor":43.0,"key":"Unceasing Top"}],"event_choices":[{"cards_removed":["Strike_B"],"damage_healed":0.0,"max_hp_gain":0.0,"max_hp_loss":0.0,"gold_gain":0.0,"event_name":"Golden Wing","player_choice":"Card Removal","floor":10.0,"gold_loss":0.0,"damage_taken":7.0},{"damage_healed":0.0,"max_hp_gain":0.0,"max_hp_loss":0.0,"gold_gain":0.0,"event_name":"Shining Light","player_choice":"Ignored","floor":11.0,"gold_loss":0.0,"damage_taken":0.0},{"damage_healed":0.0,"max_hp_gain":0.0,"max_hp_loss":0.0,"gold_gain":0.0,"event_name":"N\u0027loth","player_choice":"Ignored","floor":21.0,"gold_loss":0.0,"damage_taken":0.0},{"damage_healed":0.0,"max_hp_gain":0.0,"max_hp_loss":0.0,"gold_gain":0.0,"event_name":"SecretPortal","player_choice":"Ignored","floor":36.0,"gold_loss":0.0,"damage_taken":0.0},{"damage_healed":58.0,"max_hp_gain":0.0,"max_hp_loss":13.0,"gold_gain":0.0,"event_name":"The Moai Head","player_choice":"Heal","floor":39.0,"gold_loss":0.0,"damage_taken":0.0},{"damage_healed":0.0,"max_hp_gain":0.0,"max_hp_loss":0.0,"gold_gain":0.0,"event_name":"SensoryStone","player_choice":"Memory 1","floor":41.0,"gold_loss":0.0,"damage_taken":0.0}],"is_beta":false,"boss_relics":[{"not_picked":["Busted Crown","Fusion Hammer"],"picked":"Sozu"},{"not_picked":["Runic Dome","Snecko Eye"],"picked":"Empty Cage"}],"items_purged_floors":[30],"is_endless":false,"potions_floor_spawned":[1,7,12,16,18,20,35,38],"killed_by":"Reptomancer","ascension_level":20}