{"gold_per_floor":[117,133,153,168,187,187,217,233,233,233,182,211,229,239,239,335,335,351,371,382,393,393,393,425,425,425,16,16],"floor_reached":28,"playtime":715,"items_purged":[],"score":254,"play_id":"8dd0d07e-1471-4a50-826a-180f5e888cca","local_time":"20191023123247","is_ascension_mode":false,"campfire_choices":[{"data":"Twin Strike","floor":6.0,"key":"SMITH"},{"data":"Perfected Strike","floor":15.0,"key":"SMITH"},{"data":"Armaments","floor":23.0,"key":"SMITH"}],"neow_cost":"NONE","seed_source_timestamp":340110473853100,"circlet_count":0,"master_deck":["Strike_R","Strike_R+1","Strike_R+1","Strike_R","Strike_R","Defend_R+1","Defend_R","Defend_R","Defend_R","Bash+1","Twin Strike+1","Thunderclap","Perfected Strike+1","Twin Strike","Twin Strike+1","Armaments+1","Trip"],"special_seed":0,"relics":["Burning Blood","Whetstone","Dodecahedron","Art of War","StrikeDummy","Runic Pyramid","MealTicket","HornCleat","Centennial Puzzle","Pantograph"],"potions_floor_usage":[],"damage_taken":[{"damage":0.0,"enemies":"2 Louse","floor":1.0,"turns":2.0},{"damage":0.0,"enemies":"Small Slimes","floor":2.0,"turns":2.0},{"damage":3.0,"enemies":"Jaw Worm","floor":3.0,"turns":3.0},{"damage":10.0,"enemies":"Gremlin Gang","floor":4.0,"turns":5.0},{"damage":10.0,"enemies":"2 Fungi Beasts","floor":5.0,"turns":3.0},{"damage":31.0,"enemies":"Lagavulin","floor":7.0,"turns":6.0},{"damage":9.0,"enemies":"3 Louse","floor":8.0,"turns":4.0},{"damage":6.0,"enemies":"Gremlin Nob","floor":12.0,"turns":3.0},{"damage":0.0,"enemies":"Exordium Wildlife","floor":13.0,"turns":2.0},{"damage":2.0,"enemies":"Looter","floor":14.0,"turns":2.0},{"damage":32.0,"enemies":"The Guardian","floor":16.0,"turns":8.0},{"damage":15.0,"enemies":"Shell Parasite","floor":18.0,"turns":4.0},{"damage":20.0,"enemies":"2 Thieves","floor":19.0,"turns":3.0},{"damage":0.0,"enemies":"Snecko","floor":20.0,"turns":3.0},{"damage":13.0,"enemies":"3 Cultists","floor":21.0,"turns":4.0},{"damage":33.0,"enemies":"Book of Stabbing","floor":24.0,"turns":4.0},{"damage":0,"enemies":"Shelled Parasite and Fungi","floor":28,"turns":1}],"seed_played":"-6452865624024478224","potions_obtained":[{"floor":7.0,"key":"Dexterity Potion"},{"floor":8.0,"key":"Ancient Potion"},{"floor":12.0,"key":"Ancient Potion"},{"floor":13.0,"key":"PowerPotion"},{"floor":16.0,"key":"DistilledChaos"},{"floor":19.0,"key":"BloodPotion"},{"floor":20.0,"key":"GamblersBrew"}],"is_trial":false,"path_per_floor":["M","M","M","M","M","R","E","M","T","?","$","E","M","M","R","B",null,"M","M","M","M","?","R","E","?","T","$","M"],"character_chosen":"IRONCLAD","items_purchased":["Perfected Strike","Pantograph","DuplicationPotion","Trip"],"campfire_rested":0,"item_purchase_floors":[11,27,27,27],"current_hp_per_floor":[80,80,80,76,72,72,47,44,44,28,28,28,34,38,38,12,80,71,73,79,72,57,57,30,30,30,45,45],"gold":16,"neow_bonus":"RANDOM_COMMON_RELIC","is_prod":false,"is_daily":false,"chose_seed":false,"campfire_upgraded":3,"win_rate":0,"timestamp":1571801567,"path_taken":["M","M","M","M","M","R","E","M","T","?","$","E","M","M","R","BOSS","M","M","M","M","?","R","E","?","T","?","?"],"build_version":"2019-10-22","purchased_purges":0,"victory":false,"max_hp_per_floor":[80,80,80,80,80,80,80,80,80,80,80,80,80,80,80,80,80,80,80,80,80,85,85,85,85,85,85,85],"card_choices":[{"not_picked":["Heavy Blade","Thunderclap"],"picked":"Twin Strike","floor":1.0},{"not_picked":["Heavy Blade","Burning Pact","Searing Blow"],"picked":"SKIP","floor":2.0},{"not_picked":["Warcry","Second Wind","Evolve"],"picked":"SKIP","floor":3.0},{"not_picked":["Warcry","Dark Embrace","Dual Wield"],"picked":"SKIP","floor":4.0},{"not_picked":["Hemokinesis","Whirlwind","Warcry"],"picked":"SKIP","floor":5.0},{"not_picked":["Dark Embrace","Power Through","Combust"],"picked":"SKIP","floor":7.0},{"not_picked":["Wild Strike","Body Slam"],"picked":"Thunderclap","floor":8.0},{"not_picked":["Sword Boomerang","True Grit","Pummel"],"picked":"SKIP","floor":12.0},{"not_picked":["Thunderclap","Blood for Blood","Rage"],"picked":"SKIP","floor":13.0},{"not_picked":["Burning Pact","Headbutt"],"picked":"Twin Strike","floor":14.0},{"not_picked":["Second Wind","Pummel"],"picked":"Twin Strike+1","floor":18.0},{"not_picked":["Dual Wield+1","Iron Wave","Thunderclap"],"picked":"SKIP","floor":19.0},{"not_picked":["Battle Trance+1","Blood for Blood"],"picked":"Armaments","floor":20.0},{"not_picked":["Second Wind","Corruption","Flex"],"picked":"SKIP","floor":21.0},{"not_picked":["Wild Strike+1","Clothesline","Dropkick"],"picked":"SKIP","floor":24.0}],"player_experience":739399,"relics_obtained":[{"floor":7.0,"key":"Dodecahedron"},{"floor":9.0,"key":"Art of War"},{"floor":12.0,"key":"StrikeDummy"},{"floor":24.0,"key":"MealTicket"},{"floor":26.0,"key":"Centennial Puzzle"}],"event_choices":[{"damage_healed":0.0,"max_hp_gain":0.0,"max_hp_loss":0.0,"gold_gain":0.0,"event_name":"Shining Light","player_choice":"Entered Light","floor":10.0,"gold_loss":0.0,"damage_taken":16.0,"cards_upgraded":["Defend_R","Strike_R"]},{"damage_healed":0.0,"max_hp_gain":5.0,"max_hp_loss":0.0,"gold_gain":0.0,"event_name":"Forgotten Altar","player_choice":"Shed Blood","floor":22.0,"gold_loss":0.0,"damage_taken":20.0},{"damage_healed":0.0,"max_hp_gain":0.0,"max_hp_loss":0.0,"gold_gain":0.0,"event_name":"The Mausoleum","player_choice":"Opened","floor":25.0,"gold_loss":0.0,"damage_taken":0.0,"relics_obtained":["HornCleat"]}],"is_beta":true,"boss_relics":[{"not_picked":["Philosopher\u0027s Stone","Astrolabe"],"picked":"Runic Pyramid"}],"items_purged_floors":[],"is_endless":false,"potions_floor_spawned":[7,8,12,13,16,19,20],"killed_by":"Shelled Parasite and Fungi","ascension_level":0}