{"gold_per_floor":[15,25,37,37,57,57,86,86,86,100,130,55,74,88,88,88],"floor_reached":16,"playtime":485,"items_purged":["Strike_R"],"score":104,"play_id":"d49b16a7-60ca-48e7-a8a6-06fe594c3b7a","local_time":"20191022231917","is_ascension_mode":false,"campfire_choices":[{"data":"Bash","floor":6,"key":"SMITH"},{"data":"Whirlwind","floor":8,"key":"SMITH"},{"data":"Pommel Strike","floor":15,"key":"SMITH"}],"neow_cost":"NO_GOLD","seed_source_timestamp":292743389286200,"circlet_count":0,"master_deck":["Strike_R+1","Strike_R+1","Defend_R","Defend_R","Defend_R","Defend_R","Bash+1","Body Slam","Spot Weakness","True Grit","Second Wind","Pommel Strike+1","Whirlwind+1","Shrug It Off"],"relics":["Burning Blood","Whetstone","Eternal Feather"],"potions_floor_usage":[],"damage_taken":[{"damage":8,"enemies":"Jaw Worm","floor":1,"turns":4},{"damage":4,"enemies":"Cultist","floor":2,"turns":4},{"damage":5,"enemies":"2 Louse","floor":3,"turns":3},{"damage":14,"enemies":"Blue Slaver","floor":5,"turns":5},{"damage":27,"enemies":"3 Sentries","floor":7,"turns":9},{"damage":0,"enemies":"2 Fungi Beasts","floor":10,"turns":2},{"damage":7,"enemies":"Exordium Thugs","floor":13,"turns":3},{"damage":0,"enemies":"Gremlin Gang","floor":14,"turns":1},{"damage":68,"enemies":"Hexaghost","floor":16,"turns":11}],"seed_played":"6652729932373557086","potions_obtained":[{"floor":3,"key":"GamblersBrew"},{"floor":7,"key":"DistilledChaos"},{"floor":13,"key":"SpeedPotion"}],"is_trial":false,"path_per_floor":["M","M","M","$","M","R","E","R","T","M","?","$","M","M","R","B"],"character_chosen":"IRONCLAD","items_purchased":[],"campfire_rested":0,"item_purchase_floors":[],"current_hp_per_floor":[78,80,80,80,72,72,51,51,51,57,57,57,56,62,68,0],"gold":88,"neow_bonus":"TRANSFORM_TWO_CARDS","is_prod":false,"is_daily":false,"chose_seed":false,"campfire_upgraded":3,"win_rate":0,"timestamp":1571753957,"path_taken":["M","M","M","$","M","R","E","R","T","M","?","$","M","M","R","BOSS"],"build_version":"2019-10-21","purchased_purges":1,"victory":false,"max_hp_per_floor":[80,80,80,80,80,80,80,80,80,80,80,80,80,80,80,80],"card_choices":[{"not_picked":["Twin Strike","Cleave"],"picked":"True Grit","floor":1},{"not_picked":["Sever Soul","Body Slam"],"picked":"Second Wind","floor":2},{"not_picked":["True Grit","Pommel Strike","Rampage"],"picked":"SKIP","floor":3},{"not_picked":["Flex","Burning Pact"],"picked":"Pommel Strike","floor":5},{"not_picked":["Juggernaut","Iron Wave"],"picked":"Whirlwind","floor":7},{"not_picked":["Dark Embrace","Rampage","Body Slam"],"picked":"SKIP","floor":10},{"not_picked":["Havoc","Metallicize"],"picked":"Shrug It Off","floor":13},{"not_picked":["Uppercut","Havoc","Warcry"],"picked":"SKIP","floor":14}],"player_experience":729142,"relics_obtained":[{"floor":7,"key":"Whetstone"},{"floor":9,"key":"Eternal Feather"}],"event_choices":[{"damage_healed":0,"gold_gain":30,"player_choice":"Searched \u00272\u0027 times","damage_taken":0,"max_hp_gain":0,"max_hp_loss":0,"event_name":"Dead Adventurer","floor":11,"gold_loss":0}],"is_beta":true,"boss_relics":[],"items_purged_floors":[12],"is_endless":false,"potions_floor_spawned":[3,7,13],"killed_by":"Hexaghost","ascension_level":0}