{"gold_per_floor":[112,132,144,159,159,159,178,188,188,42,61,61,76,102,102,200,200,210,210,228,240,240,270,288,306,306,339,88,104,104,124,124,223,223,236,136,136,190,190,190,219,234,234,250,262,137,156,170,170,170],"floor_reached":51,"playtime":1697,"items_purged":["Strike_R","Strike_R","Strike_R"],"score":802,"play_id":"15368a33-e458-4d3c-ace2-7f8535b3fb7f","local_time":"20191023153223","is_ascension_mode":false,"campfire_choices":[{"data":"Bash","floor":6.0,"key":"SMITH"},{"data":"True Grit","floor":12.0,"key":"SMITH"},{"floor":15.0,"key":"REST"},{"floor":30.0,"key":"REST"},{"data":"Offering","floor":32.0,"key":"SMITH"},{"data":"Corruption","floor":40.0,"key":"SMITH"},{"data":"Apotheosis","floor":49,"key":"SMITH"}],"neow_cost":"PERCENT_DAMAGE","seed_source_timestamp":349854074221900,"circlet_count":0,"master_deck":["Strike_R","Strike_R","Defend_R","Defend_R","Defend_R","Defend_R","Bash+1","Reaper","True Grit+1","Thunderclap","Twin Strike","Headbutt","Bludgeon","Feed","Bludgeon","Offering+1","Apotheosis+1","Corruption+1","Clothesline+1","Battle Trance+1"],"special_seed":0,"relics":["Burning Blood","Mummified Hand","Omamori","Blood Vial","Snecko Eye","Sundial","InkBottle","Anchor","Dream Catcher","Coffee Dripper","Tiny Chest","Molten Egg 2","Paper Frog"],"potions_floor_usage":[41,50,50],"damage_taken":[{"damage":5.0,"enemies":"Cultist","floor":1.0,"turns":4.0},{"damage":4.0,"enemies":"Jaw Worm","floor":2.0,"turns":5.0},{"damage":5.0,"enemies":"Small Slimes","floor":3.0,"turns":4.0},{"damage":15.0,"enemies":"Looter","floor":4.0,"turns":5.0},{"damage":35.0,"enemies":"Large Slime","floor":7.0,"turns":5.0},{"damage":9.0,"enemies":"Red Slaver","floor":8.0,"turns":5.0},{"damage":9.0,"enemies":"Blue Slaver","floor":11.0,"turns":4.0},{"damage":6.0,"enemies":"Looter","floor":13.0,"turns":3.0},{"damage":27.0,"enemies":"Gremlin Nob","floor":14.0,"turns":4.0},{"damage":35.0,"enemies":"Slime Boss","floor":16.0,"turns":6.0},{"damage":1.0,"enemies":"3 Byrds","floor":18.0,"turns":5.0},{"damage":7.0,"enemies":"Shell Parasite","floor":20.0,"turns":2.0},{"damage":24.0,"enemies":"Cultist and Chosen","floor":21.0,"turns":5.0},{"damage":55.0,"enemies":"Slavers","floor":23.0,"turns":5.0},{"damage":21.0,"enemies":"Snake Plant","floor":24.0,"turns":3.0},{"damage":1.0,"enemies":"Centurion and Healer","floor":25.0,"turns":3.0},{"damage":19.0,"enemies":"Book of Stabbing","floor":27.0,"turns":4.0},{"damage":0.0,"enemies":"Sentry and Sphere","floor":29.0,"turns":3.0},{"damage":12.0,"enemies":"Snecko","floor":31.0,"turns":4.0},{"damage":24.0,"enemies":"Champ","floor":33.0,"turns":6.0},{"damage":6.0,"enemies":"Orb Walker","floor":35.0,"turns":2.0},{"damage":6,"enemies":"Reptomancer","floor":41,"turns":2},{"damage":6,"enemies":"3 Shapes","floor":42,"turns":2},{"damage":11,"enemies":"Jaw Worm Horde","floor":44,"turns":4},{"damage":6,"enemies":"3 Darklings","floor":45,"turns":2},{"damage":6,"enemies":"Sphere and 2 Shapes","floor":47,"turns":3},{"damage":6,"enemies":"Writhing Mass","floor":48,"turns":2},{"damage":51,"enemies":"Time Eater","floor":50,"turns":6}],"seed_played":"-536935035206248699","potions_obtained":[{"floor":3.0,"key":"DistilledChaos"},{"floor":7.0,"key":"SneckoOil"},{"floor":11.0,"key":"AttackPotion"},{"floor":16.0,"key":"Weak Potion"},{"floor":20.0,"key":"Weak Potion"},{"floor":23.0,"key":"Block Potion"},{"floor":24.0,"key":"Fire Potion"},{"floor":41,"key":"PowerPotion"}],"is_trial":false,"path_per_floor":["M","M","M","M","$","R","M","M","T","$","M","R","M","E","R","B",null,"M","?","M","M","?","E","M","M","T","E","$","M","R","M","R","B",null,"M","$","?","T","?","R","E","M","T","M","M","$","M","M","R","B",null],"character_chosen":"IRONCLAD","items_purchased":["Omamori","Apotheosis"],"campfire_rested":2,"item_purchase_floors":[10,28],"current_hp_per_floor":[57,59,68,59,59,59,42,45,45,45,42,42,42,21,45,26,80,83,83,85,68,68,36,27,37,37,32,32,47,75,82,82,77,103,107,107,102,102,92,92,106,110,110,114,114,114,114,118,118,73],"gold":170,"neow_bonus":"THREE_RARE_CARDS","is_prod":false,"is_daily":false,"chose_seed":false,"campfire_upgraded":5,"win_rate":0,"timestamp":1571812343,"path_taken":["M","?","M","M","$","R","M","M","T","?","M","R","M","E","R","BOSS","M","?","M","M","?","E","M","?","T","E","$","M","R","M","R","BOSS","M","$","?","?","?","R","E","M","T","M","M","?","M","M","R","BOSS"],"build_version":"2019-10-22","purchased_purges":3,"victory":true,"max_hp_per_floor":[80,80,80,80,80,80,80,80,80,80,80,80,80,80,80,80,80,83,83,86,86,86,89,89,92,92,92,92,95,95,99,99,103,103,107,107,102,102,102,102,106,110,110,114,114,114,114,118,118,118],"card_choices":[{"not_picked":["Berserk","Double Tap"],"picked":"Reaper","floor":0.0},{"not_picked":["Headbutt","Sword Boomerang"],"picked":"True Grit","floor":1.0},{"not_picked":["Sword Boomerang","Havoc"],"picked":"Thunderclap","floor":2.0},{"not_picked":["Warcry","Clash","Fire Breathing"],"picked":"SKIP","floor":3.0},{"not_picked":["Second Wind","Warcry"],"picked":"Twin Strike","floor":4.0},{"not_picked":["Intimidate","Evolve","Shockwave"],"picked":"SKIP","floor":7.0},{"not_picked":["Havoc","Warcry","Rupture"],"picked":"SKIP","floor":8.0},{"not_picked":["True Grit","Body Slam"],"picked":"Headbutt","floor":11.0},{"not_picked":["Heavy Blade","Headbutt","Sword Boomerang"],"picked":"SKIP","floor":13.0},{"not_picked":["Sentinel","Entrench"],"picked":"Bludgeon","floor":14.0},{"not_picked":["Double Tap","Impervious"],"picked":"Feed","floor":16.0},{"not_picked":["Clash","Warcry","Thunderclap"],"picked":"SKIP","floor":18.0},{"not_picked":["Headbutt","Wild Strike","Body Slam+1"],"picked":"SKIP","floor":20.0},{"not_picked":["Clash","Exhume","True Grit"],"picked":"SKIP","floor":21.0},{"not_picked":["Blood for Blood","Cleave","Disarm"],"picked":"SKIP","floor":23.0},{"not_picked":["Iron Wave","Clash","Twin Strike"],"picked":"SKIP","floor":24.0},{"not_picked":["Twin Strike","Body Slam+1","Flex"],"picked":"SKIP","floor":25.0},{"not_picked":["Iron Wave","Clash"],"picked":"Offering","floor":27.0},{"not_picked":["Infernal Blade","Second Wind","Combust"],"picked":"SKIP","floor":29.0},{"not_picked":["Clash","Thunderclap","Warcry"],"picked":"SKIP","floor":31.0},{"not_picked":["Reaper","Brutality"],"picked":"Corruption","floor":33.0},{"not_picked":["Combust","Dropkick","Body Slam+1"],"picked":"SKIP","floor":35.0},{"not_picked":["Bloodletting","Metallicize+1","Clash+1"],"picked":"SKIP","floor":41},{"not_picked":["Disarm+1","Body Slam+1","Pummel+1"],"picked":"SKIP","floor":42},{"not_picked":["Fire Breathing+1","Second Wind+1","Iron Wave+1"],"picked":"SKIP","floor":44},{"not_picked":["Blood for Blood+1","Hemokinesis+1","Searing Blow+1"],"picked":"SKIP","floor":45},{"not_picked":["Body Slam+1","Havoc"],"picked":"Clothesline+1","floor":47},{"not_picked":["Infernal Blade","Wild Strike+1"],"picked":"Battle Trance+1","floor":48}],"player_experience":748715,"relics_obtained":[{"floor":9.0,"key":"Mummified Hand"},{"floor":14.0,"key":"Blood Vial"},{"floor":23.0,"key":"InkBottle"},{"floor":26.0,"key":"Anchor"},{"floor":27.0,"key":"Dream Catcher"},{"floor":38.0,"key":"Tiny Chest"},{"floor":41,"key":"Molten Egg 2"},{"floor":43,"key":"Paper Frog"}],"event_choices":[{"damage_healed":0.0,"max_hp_gain":0.0,"max_hp_loss":0.0,"gold_gain":0.0,"event_name":"The Mausoleum","player_choice":"Opened","floor":19.0,"gold_loss":0.0,"damage_taken":0.0,"relics_obtained":["Sundial"],"cards_obtained":["Writhe"]},{"damage_healed":0.0,"max_hp_gain":0.0,"max_hp_loss":0.0,"gold_gain":0.0,"event_name":"Duplicator","player_choice":"Copied","floor":22.0,"gold_loss":0.0,"damage_taken":0.0,"cards_obtained":["Bludgeon"]},{"damage_healed":0.0,"max_hp_gain":0.0,"max_hp_loss":5.0,"gold_gain":0.0,"event_name":"Winding Halls","player_choice":"Max HP","floor":37.0,"gold_loss":0.0,"damage_taken":0.0},{"damage_healed":0.0,"max_hp_gain":0.0,"max_hp_loss":0.0,"gold_gain":0.0,"event_name":"SensoryStone","player_choice":"Memory 3","floor":39.0,"gold_loss":0.0,"damage_taken":10.0}],"is_beta":true,"boss_relics":[{"not_picked":["Runic Cube","Fusion Hammer"],"picked":"Snecko Eye"},{"not_picked":["Tiny House","Black Blood"],"picked":"Coffee Dripper"}],"items_purged_floors":[28,36,46],"is_endless":false,"potions_floor_spawned":[3,7,11,16,20,23,24,31,41,44,45],"ascension_level":0}