{"gold_per_floor":[119,135,151,165,179,179,195,225,306,356,367,7,7,7,7,128,128,152,177,18,36,51,95,20,40,40,40,59,59,59,59,59,187,187,206,206,539,557,557,582,582,233,533,533,550,550,569,584,584,584],"floor_reached":51,"playtime":2274,"items_purged":["Strike_G","Strike_G","Concentrate+1"],"score":1177,"play_id":"f2cf8cb6-ef96-413d-8b63-91ef5941e880","local_time":"20191012210421","is_ascension_mode":true,"campfire_choices":[{"data":"Bane","floor":6.0,"key":"SMITH"},{"floor":13.0,"key":"REST"},{"floor":15.0,"key":"REST"},{"floor":27.0,"key":"REST"},{"floor":29.0,"key":"REST"},{"data":"Deflect","floor":32.0,"key":"SMITH"},{"floor":41.0,"key":"REST"},{"data":"Noxious Fumes","floor":44.0,"key":"SMITH"},{"data":"Survivor","floor":46.0,"key":"SMITH"},{"data":"Well Laid Plans","floor":49,"key":"SMITH"}],"neow_cost":"NONE","seed_source_timestamp":160641074664400,"circlet_count":0,"master_deck":["AscendersBane","Defend_G","Defend_G","Defend_G","Defend_G","Defend_G","Survivor+1","Neutralize","Deadly Poison","Deflect+1","Poisoned Stab","Noxious Fumes+1","Bane+1","Crippling Poison+1","Wraith Form v2","Bouncing Flask+1","Apotheosis+1","Sucker Punch","Prepared+1","Backflip+1","Blur+1","Phantasmal Killer+1","Adrenaline+1","Chrysalis+1","Finesse+1","Well Laid Plans+1"],"special_seed":0,"relics":["Ring of the Snake","Torii","Toxic Egg 2","Membership Card","Pear","Sozu","Molten Egg 2","Letter Opener","Velvet Choker","Bird Faced Urn","Bag of Marbles","Lee\u0027s Waffle","Old Coin"],"potions_floor_usage":[],"damage_taken":[{"damage":2.0,"enemies":"Cultist","floor":1.0,"turns":4.0},{"damage":0.0,"enemies":"2 Louse","floor":2.0,"turns":4.0},{"damage":0.0,"enemies":"Small Slimes","floor":3.0,"turns":4.0},{"damage":14.0,"enemies":"Exordium Wildlife","floor":4.0,"turns":5.0},{"damage":0.0,"enemies":"Looter","floor":5.0,"turns":4.0},{"damage":26.0,"enemies":"3 Louse","floor":7.0,"turns":4.0},{"damage":28.0,"enemies":"3 Sentries","floor":8.0,"turns":8.0},{"damage":0.0,"enemies":"2 Fungi Beasts","floor":11.0,"turns":4.0},{"damage":17.0,"enemies":"The Guardian","floor":16.0,"turns":10.0},{"damage":4.0,"enemies":"Shell Parasite","floor":18.0,"turns":5.0},{"damage":0.0,"enemies":"3 Byrds","floor":19.0,"turns":4.0},{"damage":1.0,"enemies":"Shelled Parasite and Fungi","floor":21.0,"turns":5.0},{"damage":13.0,"enemies":"Snake Plant","floor":22.0,"turns":4.0},{"damage":26.0,"enemies":"Slavers","floor":23.0,"turns":4.0},{"damage":10.0,"enemies":"Cultist and Chosen","floor":25.0,"turns":5.0},{"damage":1.0,"enemies":"Sentry and Sphere","floor":28.0,"turns":4.0},{"damage":71.0,"enemies":"Champ","floor":33.0,"turns":9.0},{"damage":16.0,"enemies":"3 Darklings","floor":35.0,"turns":5.0},{"damage":2.0,"enemies":"Orb Walker","floor":38.0,"turns":4.0},{"damage":25.0,"enemies":"Nemesis","floor":40.0,"turns":9.0},{"damage":0.0,"enemies":"4 Shapes","floor":45.0,"turns":5.0},{"damage":0.0,"enemies":"Spire Growth","floor":47.0,"turns":5.0},{"damage":0,"enemies":"Transient","floor":48,"turns":5},{"damage":60,"enemies":"Time Eater","floor":50,"turns":15}],"seed_played":"788081638978308151","potions_obtained":[{"floor":1.0,"key":"Regen Potion"},{"floor":7.0,"key":"SmokeBomb"},{"floor":11.0,"key":"LiquidBronze"}],"is_trial":false,"path_per_floor":["M","M","M","M","M","R","M","E","T","?","M","$","R","?","R","B",null,"M","M","$","M","M","E","?","M","T","R","M","R","?","?","R","B",null,"M","?","?","M","?","E","R","$","T","R","M","R","M","M","R","B",null],"character_chosen":"THE_SILENT","items_purchased":["Membership Card","Pear","Crippling Poison+1","Apotheosis+1","Sucker Punch","Chrysalis+1","Bag of Marbles","Lee\u0027s Waffle","Finesse+1"],"campfire_rested":5,"item_purchase_floors":[12,12,12,20,20,42,42,42,42],"current_hp_per_floor":[68,68,68,54,54,54,42,14,14,14,14,24,50,29,55,38,75,71,71,71,70,57,31,31,21,21,47,46,72,72,72,72,1,66,50,50,50,48,48,23,49,94,94,94,94,94,94,94,94,46],"gold":584,"neow_bonus":"TEN_PERCENT_HP_BONUS","is_prod":false,"is_daily":false,"chose_seed":false,"campfire_upgraded":5,"win_rate":0,"timestamp":1570881861,"path_taken":["M","M","M","?","?","R","M","E","T","?","M","$","R","?","R","BOSS","M","M","$","M","M","E","?","M","T","R","M","R","?","?","R","BOSS","M","?","?","M","?","E","R","$","T","R","?","R","M","M","R","BOSS"],"build_version":"2019-10-11","purchased_purges":3,"victory":true,"max_hp_per_floor":[77,77,77,77,77,77,77,77,77,77,77,87,87,87,87,87,87,87,87,87,87,87,87,87,87,87,87,87,87,87,87,87,87,87,87,87,87,87,87,87,87,94,94,94,94,94,94,94,94,94],"card_choices":[{"not_picked":["Caltrops","Dodge and Roll"],"picked":"Deadly Poison","floor":1.0},{"not_picked":["Bane","Dodge and Roll"],"picked":"Deflect","floor":2.0},{"not_picked":["Blade Dance","Dodge and Roll"],"picked":"Poisoned Stab","floor":3.0},{"not_picked":["Endless Agony","Crippling Poison"],"picked":"Noxious Fumes","floor":4.0},{"not_picked":["PiercingWail","All Out Attack"],"picked":"Bane","floor":5.0},{"not_picked":["Dash","Dagger Throw","Slice"],"picked":"SKIP","floor":7.0},{"not_picked":["Poisoned Stab","Acrobatics","Bane"],"picked":"SKIP","floor":8.0},{"not_picked":["Dagger Throw","Acrobatics+1","Dagger Spray"],"picked":"SKIP","floor":11.0},{"not_picked":["Storm of Steel+1","After Image"],"picked":"Wraith Form v2","floor":16.0},{"not_picked":["Flying Knee+1","Underhanded Strike","Concentrate+1"],"picked":"SKIP","floor":18.0},{"not_picked":["Dagger Throw","Heel Hook"],"picked":"Bouncing Flask+1","floor":19.0},{"not_picked":["Cloak And Dagger+1","Quick Slash+1","Bane"],"picked":"SKIP","floor":21.0},{"not_picked":["Cloak And Dagger+1","Blade Dance+1"],"picked":"Prepared+1","floor":22.0},{"not_picked":["Malaise+1","Dagger Throw"],"picked":"Backflip+1","floor":23.0},{"not_picked":["Deadly Poison+1","Prepared+1","Outmaneuver+1"],"picked":"SKIP","floor":25.0},{"not_picked":["Finisher+1","Die Die Die+1"],"picked":"Blur+1","floor":28.0},{"not_picked":["Glass Knife+1","Bullet Time+1"],"picked":"Adrenaline+1","floor":33.0},{"not_picked":["Prepared+1","Heel Hook+1","Choke+1"],"picked":"SKIP","floor":35.0},{"not_picked":["Deadly Poison+1","Blade Dance+1","Concentrate+1"],"picked":"SKIP","floor":38.0},{"not_picked":["Sucker Punch+1","Grand Finale+1","Heel Hook+1"],"picked":"SKIP","floor":40.0},{"not_picked":["Flying Knee+1","Masterful Stab+1","Dagger Throw+1"],"picked":"SKIP","floor":45.0},{"not_picked":["PiercingWail+1","Outmaneuver+1"],"picked":"Well Laid Plans","floor":47.0},{"not_picked":["Cloak And Dagger+1","Sucker Punch+1","Poisoned Stab+1"],"picked":"SKIP","floor":48}],"player_experience":667234,"relics_obtained":[{"floor":8.0,"key":"Torii"},{"floor":9.0,"key":"Toxic Egg 2"},{"floor":23.0,"key":"Molten Egg 2"},{"floor":26.0,"key":"Letter Opener"},{"floor":40.0,"key":"Bird Faced Urn"},{"floor":43.0,"key":"Old Coin"}],"event_choices":[{"damage_healed":0.0,"max_hp_gain":0.0,"max_hp_loss":0.0,"gold_gain":50.0,"event_name":"Golden Wing","player_choice":"Gained Gold","floor":10.0,"gold_loss":0.0,"damage_taken":0.0},{"damage_healed":0.0,"max_hp_gain":0.0,"max_hp_loss":0.0,"gold_gain":0.0,"event_name":"Golden Idol","player_choice":"Take Damage","floor":14.0,"gold_loss":0.0,"damage_taken":21.0,"relics_obtained":["Golden Idol"]},{"cards_removed":["Strike_G"],"damage_healed":0.0,"max_hp_gain":0.0,"max_hp_loss":0.0,"gold_gain":0.0,"event_name":"Beggar","player_choice":"Gave Gold","floor":24.0,"gold_loss":75.0,"damage_taken":0.0},{"damage_healed":0.0,"max_hp_gain":0.0,"max_hp_loss":0.0,"gold_gain":0.0,"cards_transformed":["Strike_G","Strike_G"],"event_name":"Drug Dealer","player_choice":"Became Test Subject","floor":31.0,"gold_loss":0.0,"damage_taken":0.0,"cards_obtained":["Phantasmal Killer","Concentrate"]},{"damage_healed":0.0,"max_hp_gain":0.0,"max_hp_loss":0.0,"gold_gain":0.0,"event_name":"Mysterious Sphere","player_choice":"Ignored","floor":36.0,"gold_loss":0.0,"damage_taken":0.0},{"damage_healed":0.0,"max_hp_gain":0.0,"max_hp_loss":0.0,"gold_gain":333.0,"event_name":"The Moai Head","player_choice":"Gave Idol","floor":37.0,"relics_lost":["Golden Idol"],"gold_loss":0.0,"damage_taken":0.0},{"damage_healed":0.0,"max_hp_gain":0.0,"max_hp_loss":0.0,"gold_gain":0.0,"event_name":"Tomb of Lord Red Mask","player_choice":"Ignored","floor":39.0,"gold_loss":0.0,"damage_taken":0.0}],"is_beta":true,"boss_relics":[{"not_picked":["Ectoplasm","SacredBark"],"picked":"Sozu"},{"not_picked":["Pandora\u0027s Box","Coffee Dripper"],"picked":"Velvet Choker"}],"items_purged_floors":[12,20,42],"is_endless":false,"potions_floor_spawned":[1,7,11,18,22,25,28,35,40,47,48],"ascension_level":10}