{"gold_per_floor":[110,110,121,132,148,148,158,158,181,206,27,27,44,64,64,138,138,158,208,219,6,6,6,6,6,6,16,16,16,16,34,34,109,109,119,197,11,21,21,50,50,50,76,76,87,87,102,13,13,13,13],"floor_reached":52,"playtime":3917,"items_purged":["Strike_G","Strike_G"],"score":1910,"play_id":"37e53a05-7868-4c8b-9125-b7b4659b715f","local_time":"20191025161533","is_ascension_mode":true,"campfire_choices":[{"data":"Dash","floor":6.0,"key":"SMITH"},{"data":"Poisoned Stab","floor":8.0,"key":"SMITH"},{"data":"Crippling Poison","floor":15.0,"key":"SMITH"},{"data":"Neutralize","floor":23.0,"key":"SMITH"},{"data":"Footwork","floor":25.0,"key":"SMITH"},{"floor":30.0,"key":"REST"},{"floor":32.0,"key":"REST"},{"data":"A Thousand Cuts","floor":41.0,"key":"SMITH"},{"data":"Footwork","floor":44.0,"key":"SMITH"},{"data":"Backflip","floor":46.0,"key":"SMITH"},{"floor":49.0,"key":"REST"}],"neow_cost":"NONE","seed_source_timestamp":0,"circlet_count":0,"master_deck":["AscendersBane","Strike_G","Strike_G","Defend_G","Defend_G","Defend_G","Defend_G+1","Defend_G+1","Survivor","Neutralize+1","Flying Knee","Backflip+1","Dash+1","Backstab","Poisoned Stab+1","Well Laid Plans","Deflect","Crippling Poison+1","Footwork+1","Doppelganger","Footwork+1","Neutralize","Deflect","A Thousand Cuts+1","Leg Sweep+1","Prepared+1","Flechettes+1","Footwork","Backflip+1"],"special_seed":0,"relics":["Ring of the Snake","NeowsBlessing","War Paint","Bag of Marbles","Du-Vu Doll","Snecko Eye","OrangePellets","Calipers","Enchiridion","Mercury Hourglass","Busted Crown","Toxic Egg 2","Dead Branch","Regal Pillow"],"potions_floor_usage":[50,50,51],"damage_taken":[{"damage":0.0,"enemies":"Cultist","floor":1.0,"turns":1.0},{"damage":0.0,"enemies":"Jaw Worm","floor":3.0,"turns":1.0},{"damage":0.0,"enemies":"Small Slimes","floor":4.0,"turns":1.0},{"damage":1.0,"enemies":"Red Slaver","floor":5.0,"turns":4.0},{"damage":2.0,"enemies":"3 Louse","floor":7.0,"turns":5.0},{"damage":0.0,"enemies":"Gremlin Nob","floor":10.0,"turns":2.0},{"damage":0.0,"enemies":"Exordium Thugs","floor":13.0,"turns":3.0},{"damage":8.0,"enemies":"Large Slime","floor":14.0,"turns":4.0},{"damage":14.0,"enemies":"The Guardian","floor":16.0,"turns":11.0},{"damage":13.0,"enemies":"Chosen","floor":18.0,"turns":6.0},{"damage":0.0,"enemies":"Shell Parasite","floor":20.0,"turns":4.0},{"damage":11.0,"enemies":"3 Cultists","floor":27.0,"turns":7.0},{"damage":0.0,"enemies":"Snecko","floor":31.0,"turns":4.0},{"damage":0.0,"enemies":"Collector","floor":33.0,"turns":9.0},{"damage":7.0,"enemies":"3 Darklings","floor":35.0,"turns":5.0},{"damage":0.0,"enemies":"3 Shapes","floor":38.0,"turns":4.0},{"damage":0.0,"enemies":"Reptomancer","floor":40.0,"turns":6.0},{"damage":7.0,"enemies":"Maw","floor":45.0,"turns":7.0},{"damage":9.0,"enemies":"Sphere and 2 Shapes","floor":47.0,"turns":5.0},{"damage":15,"enemies":"Awakened One","floor":50,"turns":23},{"damage":42,"enemies":"Donu and Deca","floor":51,"turns":20}],"seed_played":"-1649912655159817507","potions_obtained":[{"floor":1.0,"key":"Block Potion"},{"floor":7.0,"key":"Strength Potion"},{"floor":10.0,"key":"Dexterity Potion"},{"floor":16.0,"key":"SneckoOil"},{"floor":27.0,"key":"Swift Potion"},{"floor":33.0,"key":"Explosive Potion"},{"floor":40.0,"key":"EntropicBrew"}],"is_trial":false,"path_per_floor":["M","T","M","M","M","R","M","R","T","E","$","$","M","M","R","B",null,"M","?","M","$","?","R","$","R","T","M","?","T","R","M","R","B",null,"M","T","$","M","?","E","R","$","T","R","M","R","M","$","R","B","B",null],"character_chosen":"THE_SILENT","items_purchased":["Well Laid Plans","Deflect","OrangePellets","Leg Sweep+1","Footwork","Backflip+1"],"campfire_rested":3,"item_purchase_floors":[11,11,21,37,48,48],"current_hp_per_floor":[59,59,59,59,58,58,56,56,56,56,56,56,56,48,48,34,58,45,45,45,45,45,45,45,45,45,34,13,13,32,32,51,51,62,55,55,55,55,55,55,55,55,55,55,48,48,39,39,66,51,9],"gold":13,"neow_bonus":"THREE_ENEMY_KILL","is_prod":false,"is_daily":false,"chose_seed":false,"campfire_upgraded":8,"win_rate":0,"timestamp":1572038133,"path_taken":["M","?","?","M","M","R","M","R","T","E","?","$","M","?","R","BOSS","M","?","M","$","?","R","$","R","T","?","?","?","R","M","R","BOSS","M","?","$","?","?","E","R","$","T","R","?","R","M","?","R","BOSS","BOSS"],"build_version":"2019-07-17","purchased_purges":2,"victory":true,"max_hp_per_floor":[66,66,66,66,66,66,66,66,66,66,66,66,66,66,66,66,66,66,66,66,66,66,66,66,66,66,66,66,66,66,66,66,66,66,66,66,66,66,66,66,66,66,66,66,66,66,66,66,66,66,66],"card_choices":[{"not_picked":["Accuracy","Blade Dance"],"picked":"Flying Knee","floor":1.0},{"not_picked":["Predator","Dodge and Roll"],"picked":"Backflip","floor":3.0},{"not_picked":["Deflect","Cloak And Dagger"],"picked":"Dash","floor":4.0},{"not_picked":["Accuracy","PiercingWail"],"picked":"Backstab","floor":5.0},{"not_picked":["Deflect","Quick Slash"],"picked":"Poisoned Stab","floor":7.0},{"not_picked":["Prepared","Outmaneuver","Acrobatics"],"picked":"SKIP","floor":10.0},{"not_picked":["Tools of the Trade","Underhanded Strike"],"picked":"Crippling Poison","floor":13.0},{"not_picked":["Prepared","Caltrops"],"picked":"Footwork","floor":14.0},{"not_picked":["Storm of Steel","Grand Finale"],"picked":"Doppelganger","floor":16.0},{"not_picked":["Heel Hook","Dagger Spray"],"picked":"Footwork","floor":18.0},{"not_picked":["Deflect+1","Blade Dance","Eviscerate"],"picked":"SKIP","floor":20.0},{"not_picked":["Quick Slash","Dash","Riddle With Holes"],"picked":"SKIP","floor":27.0},{"not_picked":["Dash","Flying Knee"],"picked":"Deflect","floor":31.0},{"not_picked":["Venomology","Tools of the Trade"],"picked":"A Thousand Cuts","floor":33.0},{"not_picked":["Flying Knee"],"picked":"SKIP","floor":35.0},{"not_picked":[],"picked":"Prepared+1","floor":38.0},{"not_picked":[],"picked":"Flechettes+1","floor":40.0},{"not_picked":["Masterful Stab"],"picked":"SKIP","floor":45.0},{"not_picked":["Bane+1"],"picked":"SKIP","floor":47.0}],"player_experience":354589,"relics_obtained":[{"floor":2.0,"key":"War Paint"},{"floor":9.0,"key":"Bag of Marbles"},{"floor":10.0,"key":"Du-Vu Doll"},{"floor":26.0,"key":"Calipers"},{"floor":28.0,"key":"Enchiridion"},{"floor":29.0,"key":"Mercury Hourglass"},{"floor":36.0,"key":"Toxic Egg 2"},{"floor":40.0,"key":"Dead Branch"},{"floor":43.0,"key":"Regal Pillow"}],"event_choices":[{"damage_healed":0.0,"max_hp_gain":0.0,"max_hp_loss":0.0,"gold_gain":50.0,"event_name":"Nest","player_choice":"Stole From Cult","floor":19.0,"gold_loss":0.0,"damage_taken":0.0},{"damage_healed":0.0,"max_hp_gain":0.0,"max_hp_loss":0.0,"gold_gain":0.0,"event_name":"Match and Keep!","player_choice":"1 cards matched","floor":22.0,"gold_loss":0.0,"damage_taken":0.0,"cards_obtained":["Neutralize"]},{"damage_healed":0.0,"max_hp_gain":0.0,"max_hp_loss":0.0,"gold_gain":0.0,"event_name":"Cursed Tome","player_choice":"Obtained Book","floor":28.0,"gold_loss":0.0,"damage_taken":21.0},{"cards_removed":["Strike_G"],"damage_healed":0.0,"max_hp_gain":0.0,"max_hp_loss":0.0,"gold_gain":0.0,"event_name":"Bonfire Elementals","player_choice":"Offered Basic","floor":39.0,"gold_loss":0.0,"damage_taken":0.0}],"is_beta":false,"boss_relics":[{"not_picked":["Black Star","Eternal Feather"],"picked":"Snecko Eye"},{"not_picked":["Pandora\u0027s Box","Lizard Tail"],"picked":"Busted Crown"}],"items_purged_floors":[11,37],"is_endless":false,"potions_floor_spawned":[1,7,10,16,27,33,38,40,47],"ascension_level":20}