{"gold_per_floor":[114,114,114,114,139,139,177,177,257,282,282,207,238,263,263,391,391,406,431,59,79,79,79,113,28,28,28,28,42,55,78,78,202,202,225,225,162,182,203,203,328,368,368,368,368,180,200,215,215,215],"floor_reached":51,"playtime":6775,"items_purged":["Decay","Strike_R","Strike_R","Strike_R"],"score":952,"play_id":"0dd400b9-a243-4a05-ad13-bc7c2668aab0","local_time":"20190929210731","is_ascension_mode":true,"campfire_choices":[{"data":"True Grit","floor":6,"key":"SMITH"},{"data":"True Grit","floor":8,"key":"SMITH"},{"data":"Uppercut","floor":11,"key":"SMITH"},{"floor":15,"key":"REST"},{"data":"Berserk","floor":23,"key":"SMITH"},{"floor":27,"key":"REST"},{"data":"Pommel Strike","floor":32,"key":"SMITH"},{"floor":40,"key":"REST"},{"floor":45,"key":"REST"},{"floor":49,"key":"REST"}],"neow_cost":"NONE","seed_source_timestamp":612503670305300,"circlet_count":0,"master_deck":["Strike_R","Strike_R","Defend_R","Defend_R+1","Defend_R+1","Defend_R+1","Bash+1","True Grit+1","True Grit+1","Battle Trance","Uppercut+1","Pommel Strike+1","Warcry","Barricade","Carnage+1","Metallicize","Berserk+1","Shrug It Off","Wild Strike","Juggernaut","Flame Barrier+1","Body Slam+1","Madness","Madness","Dropkick","Armaments+1"],"relics":["Burning Blood","NeowsBlessing","Golden Idol","Happy Flower","Tiny Chest","Strawberry","Sozu","Membership Card","Oddly Smooth Stone","Blood Vial","Omamori","Letter Opener","Darkstone Periapt","Fusion Hammer","Du-Vu Doll","Gambling Chip","Bronze Scales","War Paint"],"potions_floor_usage":[13,33,33],"damage_taken":[{"damage":0,"enemies":"Cultist","floor":1,"turns":1},{"damage":0,"enemies":"2 Louse","floor":5,"turns":1},{"damage":0,"enemies":"Lagavulin","floor":7,"turns":1},{"damage":18,"enemies":"Small Slimes","floor":10,"turns":5},{"damage":28,"enemies":"3 Sentries","floor":13,"turns":10},{"damage":5,"enemies":"Gremlin Gang","floor":14,"turns":7},{"damage":16,"enemies":"The Guardian","floor":16,"turns":13},{"damage":19,"enemies":"3 Byrds","floor":18,"turns":9},{"damage":8,"enemies":"Shell Parasite","floor":19,"turns":5},{"damage":15,"enemies":"Sentry and Sphere","floor":21,"turns":8},{"damage":39,"enemies":"Gremlin Leader","floor":24,"turns":9},{"damage":2,"enemies":"Snecko","floor":29,"turns":5},{"damage":1,"enemies":"Shelled Parasite and Fungi","floor":30,"turns":6},{"damage":0,"enemies":"Centurion and Healer","floor":31,"turns":7},{"damage":34,"enemies":"Collector","floor":33,"turns":13},{"damage":9,"enemies":"3 Shapes","floor":35,"turns":5},{"damage":22,"enemies":"3 Darklings","floor":38,"turns":6},{"damage":15,"enemies":"Sphere and 2 Shapes","floor":39,"turns":7},{"damage":18,"enemies":"Mind Bloom Boss Battle","floor":41,"turns":6},{"damage":33,"enemies":"Nemesis","floor":42,"turns":5},{"damage":0,"enemies":"Maw","floor":47,"turns":7},{"damage":0,"enemies":"4 Shapes","floor":48,"turns":7},{"damage":46,"enemies":"Time Eater","floor":50,"turns":11}],"seed_played":"3880755930526942257","potions_obtained":[{"floor":5,"key":"Swift Potion"},{"floor":7,"key":"Energy Potion"},{"floor":10,"key":"Strength Potion"},{"floor":14,"key":"Energy Potion"}],"is_trial":false,"path_per_floor":["M","?","?","?","M","R","E","R","T","M","R","$","E","M","R","B",null,"M","M","$","M","?","R","E","?","T","R","T","M","M","M","R","B",null,"M","?","$","M","M","R","?","E","T","?","R","$","M","M","R","B",null],"character_chosen":"IRONCLAD","items_purchased":["Membership Card","Oddly Smooth Stone","Metallicize","War Paint","Dropkick"],"campfire_rested":5,"item_purchase_floors":[20,20,20,46,46],"current_hp_per_floor":[78,58,42,42,48,48,54,54,54,42,42,42,27,28,54,44,76,63,61,61,52,52,52,19,19,19,45,45,51,58,66,66,40,75,74,74,74,60,53,79,69,44,44,33,59,59,67,75,87,47],"gold":215,"neow_bonus":"THREE_ENEMY_KILL","is_prod":false,"is_daily":false,"chose_seed":false,"campfire_upgraded":5,"win_rate":0,"timestamp":1569758851,"path_taken":["M","?","?","?","M","R","E","R","T","M","R","$","E","M","R","BOSS","M","?","$","M","?","R","E","?","T","R","?","M","M","M","R","BOSS","M","?","$","M","M","R","?","E","T","?","R","$","M","M","R","BOSS"],"build_version":"2019-07-17","purchased_purges":4,"victory":true,"max_hp_per_floor":[80,80,80,80,80,80,80,80,80,80,80,80,87,87,87,87,87,87,87,87,87,87,87,87,87,87,87,87,87,87,87,87,87,87,87,87,87,87,87,87,87,87,87,87,87,87,87,87,87,87],"card_choices":[{"not_picked":["Flex","Burning Pact"],"picked":"True Grit","floor":1},{"not_picked":["Blood for Blood","Sword Boomerang"],"picked":"True Grit","floor":5},{"not_picked":["Dual Wield","Clash"],"picked":"Battle Trance","floor":7},{"not_picked":["Sword Boomerang","Entrench"],"picked":"Uppercut","floor":10},{"not_picked":["Clothesline","Perfected Strike"],"picked":"Pommel Strike","floor":13},{"not_picked":["Iron Wave","Clash"],"picked":"Warcry","floor":14},{"not_picked":["Berserk","Feed"],"picked":"Barricade","floor":16},{"not_picked":["Warcry","Thunderclap"],"picked":"Carnage+1","floor":18},{"not_picked":["Burning Pact","Headbutt"],"picked":"Clothesline","floor":19},{"not_picked":["Blood for Blood","Cleave"],"picked":"Berserk","floor":21},{"not_picked":["Iron Wave","Armaments+1"],"picked":"Shrug It Off","floor":24},{"not_picked":["Second Wind","Anger","Ghostly Armor"],"picked":"SKIP","floor":29},{"not_picked":["Headbutt","True Grit","Rupture+1"],"picked":"SKIP","floor":30},{"not_picked":["Flex","Reckless Charge"],"picked":"Wild Strike","floor":31},{"not_picked":["Barricade","Exhume"],"picked":"Juggernaut","floor":33},{"not_picked":["Flex","Fire Breathing+1"],"picked":"Flame Barrier+1","floor":35},{"not_picked":["Wild Strike","Pummel+1","Sword Boomerang+1"],"picked":"SKIP","floor":38},{"not_picked":["Corruption+1","Wild Strike+1","Iron Wave+1"],"picked":"SKIP","floor":39},{"not_picked":["Pommel Strike+1","Infernal Blade+1"],"picked":"Body Slam+1","floor":41},{"not_picked":["Warcry","Barricade","Clash"],"picked":"SKIP","floor":42},{"not_picked":["Clash+1","Thunderclap","Hemokinesis"],"picked":"SKIP","floor":47},{"not_picked":["Iron Wave+1","Offering"],"picked":"Armaments+1","floor":48}],"player_experience":536777,"relics_obtained":[{"floor":7,"key":"Happy Flower"},{"floor":9,"key":"Tiny Chest"},{"floor":13,"key":"Strawberry"},{"floor":24,"key":"Blood Vial"},{"floor":26,"key":"Letter Opener"},{"floor":28,"key":"Darkstone Periapt"},{"floor":41,"key":"Du-Vu Doll"},{"floor":42,"key":"Gambling Chip"},{"floor":43,"key":"Bronze Scales"}],"event_choices":[{"damage_healed":0,"gold_gain":0,"player_choice":"Take Damage","damage_taken":20,"relics_obtained":["Golden Idol"],"max_hp_gain":0,"max_hp_loss":0,"event_name":"Golden Idol","floor":2,"gold_loss":0},{"damage_healed":0,"gold_gain":0,"player_choice":"Entered Light","damage_taken":16,"max_hp_gain":0,"max_hp_loss":0,"event_name":"Shining Light","floor":3,"gold_loss":0,"cards_upgraded":["Defend_R","Bash"]},{"damage_healed":0,"gold_gain":0,"player_choice":"Cursed","damage_taken":0,"max_hp_gain":0,"max_hp_loss":0,"event_name":"Wheel of Change","floor":4,"gold_loss":0,"cards_obtained":["Decay"]},{"damage_healed":0,"gold_gain":0,"player_choice":"Ignored","damage_taken":0,"max_hp_gain":0,"max_hp_loss":0,"event_name":"Vampires","floor":22,"gold_loss":0},{"damage_healed":0,"gold_gain":0,"player_choice":"Obtained Relic","damage_taken":0,"relics_obtained":["Omamori"],"max_hp_gain":0,"max_hp_loss":0,"event_name":"Addict","floor":25,"gold_loss":85},{"cards_removed":["Clothesline"],"damage_healed":0,"gold_gain":0,"player_choice":"Removed Attack","damage_taken":0,"max_hp_gain":0,"max_hp_loss":0,"event_name":"Falling","floor":36,"gold_loss":0},{"damage_healed":0,"gold_gain":0,"player_choice":"Fight","damage_taken":0,"max_hp_gain":0,"max_hp_loss":0,"event_name":"MindBloom","floor":41,"gold_loss":0},{"damage_healed":0,"gold_gain":0,"player_choice":"Embrace Madness","damage_taken":11,"max_hp_gain":0,"max_hp_loss":0,"event_name":"Winding Halls","floor":44,"gold_loss":0,"cards_obtained":["Madness","Madness"]}],"is_beta":false,"boss_relics":[{"not_picked":["Philosopher\u0027s Stone","Black Blood"],"picked":"Sozu"},{"not_picked":["Lizard Tail","Eternal Feather"],"picked":"Fusion Hammer"}],"items_purged_floors":[12,20,37,46],"is_endless":false,"potions_floor_spawned":[5,7,10,14,19,21,30,31,38,41,47,48],"ascension_level":7}