{"gold_per_floor":[114,127,140,157,169,203,203,223,293,293,293,307,307,69,69,189,189,205,226,226,326,342,342,355,355,379,379],"floor_reached":27,"playtime":1413,"items_purged":[],"score":293,"play_id":"6dc187f9-5fbb-4844-9fcd-23a1a2d181cb","local_time":"20191011110550","is_ascension_mode":true,"campfire_choices":[{"floor":10.0,"key":"REST"},{"floor":13.0,"key":"REST"},{"data":"Cloak And Dagger","floor":15.0,"key":"SMITH"},{"floor":23,"key":"REST"},{"floor":25,"key":"REST"}],"neow_cost":"NONE","seed_source_timestamp":39377389953500,"circlet_count":0,"master_deck":["Strike_G","Strike_G","Strike_G","Strike_G","Strike_G","Defend_G","Defend_G","Defend_G","Defend_G","Defend_G","Survivor","Neutralize+1","Dagger Spray","Crippling Poison","Distraction","Tools of the Trade","Underhanded Strike","Underhanded Strike","Reflex","Cloak And Dagger+1","Cloak And Dagger","Adrenaline","Predator+1","Dodge and Roll+1","Escape Plan+1","Tactician+1","Cloak And Dagger"],"special_seed":0,"relics":["Ring of the Snake","NeowsBlessing","Prayer Wheel","Golden Idol","Dodecahedron","Shuriken","SlaversCollar","Anchor"],"potions_floor_usage":[22,27],"damage_taken":[{"damage":0.0,"enemies":"2 Louse","floor":1.0,"turns":1.0},{"damage":0.0,"enemies":"Small Slimes","floor":2.0,"turns":1.0},{"damage":0.0,"enemies":"Jaw Worm","floor":3.0,"turns":1.0},{"damage":4.0,"enemies":"Gremlin Gang","floor":4.0,"turns":5.0},{"damage":7.0,"enemies":"Blue Slaver","floor":5.0,"turns":7.0},{"damage":28.0,"enemies":"Lagavulin","floor":6.0,"turns":9.0},{"damage":17.0,"enemies":"Large Slime","floor":8.0,"turns":8.0},{"damage":17.0,"enemies":"Gremlin Gang","floor":12.0,"turns":5.0},{"damage":9.0,"enemies":"Hexaghost","floor":16.0,"turns":9.0},{"damage":12.0,"enemies":"Spheric Guardian","floor":18.0,"turns":4.0},{"damage":16.0,"enemies":"Shell Parasite","floor":19.0,"turns":6.0},{"damage":14,"enemies":"Snecko","floor":22,"turns":7},{"damage":13,"enemies":"Centurion and Healer","floor":24,"turns":8},{"damage":39,"enemies":"Sentry and Sphere","floor":27,"turns":7}],"seed_played":"-2428280973255881717","potions_obtained":[{"floor":8.0,"key":"GhostInAJar"},{"floor":12.0,"key":"Ancient Potion"},{"floor":16.0,"key":"LiquidBronze"},{"floor":18.0,"key":"Explosive Potion"},{"floor":24,"key":"Explosive Potion"}],"is_trial":false,"path_per_floor":["M","M","M","M","M","E","?","M","T","R","?","M","R","$","R","B",null,"M","M","?","?","M","R","M","R","T","M"],"character_chosen":"THE_SILENT","items_purchased":["Shuriken"],"campfire_rested":4,"item_purchase_floors":[14],"current_hp_per_floor":[63,63,63,59,52,24,24,7,7,26,26,9,28,28,28,19,54,42,26,26,26,12,31,18,37,37,0],"gold":379,"neow_bonus":"THREE_ENEMY_KILL","is_prod":false,"is_daily":false,"chose_seed":false,"campfire_upgraded":1,"win_rate":0,"timestamp":1570759550,"path_taken":["M","M","M","M","M","E","?","M","T","R","?","M","R","?","R","BOSS","M","?","?","?","M","R","M","R","T","M"],"build_version":"2019-10-10","purchased_purges":0,"victory":false,"max_hp_per_floor":[70,70,70,70,70,70,65,65,65,65,65,65,65,65,65,65,65,65,65,65,65,65,65,65,65,65,65],"card_choices":[{"not_picked":["Deflect","Deadly Poison"],"picked":"Dagger Spray","floor":1.0},{"not_picked":["Blade Dance","Prepared"],"picked":"Crippling Poison","floor":2.0},{"not_picked":["Accuracy","Blade Dance"],"picked":"Distraction","floor":3.0},{"not_picked":["Outmaneuver","Prepared"],"picked":"Tools of the Trade","floor":4.0},{"not_picked":["Concentrate","Sucker Punch"],"picked":"Underhanded Strike","floor":5.0},{"not_picked":["Blade Dance","Choke"],"picked":"Underhanded Strike","floor":6.0},{"not_picked":["Acrobatics","PiercingWail"],"picked":"Reflex","floor":8.0},{"not_picked":["Infinite Blades","Quick Slash"],"picked":"Cloak And Dagger","floor":8.0},{"not_picked":["Outmaneuver","Bouncing Flask"],"picked":"Cloak And Dagger","floor":12.0},{"not_picked":["Quick Slash","Deflect","Catalyst"],"picked":"SKIP","floor":12.0},{"not_picked":["Phantasmal Killer","Doppelganger"],"picked":"Adrenaline","floor":16.0},{"not_picked":["Dagger Spray+1","Slice"],"picked":"Predator+1","floor":18.0},{"not_picked":["Catalyst","Dodge and Roll","Reflex"],"picked":"SKIP","floor":18.0},{"not_picked":["Cloak And Dagger","Outmaneuver"],"picked":"Dodge and Roll+1","floor":19.0},{"not_picked":["Predator","Poisoned Stab","Quick Slash"],"picked":"SKIP","floor":19.0},{"not_picked":["Underhanded Strike","Sucker Punch"],"picked":"Escape Plan+1","floor":22},{"not_picked":["Expertise","Dagger Spray"],"picked":"Tactician+1","floor":22},{"not_picked":["Doppelganger","Bane"],"picked":"Cloak And Dagger","floor":24},{"not_picked":["Skewer","Predator","Bouncing Flask"],"picked":"SKIP","floor":24}],"player_experience":635838,"relics_obtained":[{"floor":6.0,"key":"Prayer Wheel"},{"floor":9.0,"key":"Dodecahedron"},{"floor":26,"key":"Anchor"}],"event_choices":[{"damage_healed":0.0,"max_hp_gain":0.0,"max_hp_loss":5.0,"gold_gain":0.0,"event_name":"Golden Idol","player_choice":"Lose Max HP","floor":7.0,"gold_loss":0.0,"damage_taken":0.0,"relics_obtained":["Golden Idol"]},{"damage_healed":0.0,"max_hp_gain":0.0,"max_hp_loss":0.0,"gold_gain":0.0,"event_name":"Living Wall","player_choice":"Grow","floor":11.0,"gold_loss":0.0,"damage_taken":0.0,"cards_upgraded":["Neutralize"]},{"damage_healed":0,"gold_gain":0,"player_choice":"Ignored","damage_taken":0,"max_hp_gain":0,"max_hp_loss":0,"event_name":"Cursed Tome","floor":20,"gold_loss":0},{"damage_healed":0,"gold_gain":100,"player_choice":"Pray","damage_taken":0,"max_hp_gain":0,"max_hp_loss":0,"event_name":"Golden Shrine","floor":21,"gold_loss":0}],"is_beta":true,"boss_relics":[{"not_picked":["Snecko Eye","Philosopher\u0027s Stone"],"picked":"SlaversCollar"}],"items_purged_floors":[],"is_endless":false,"potions_floor_spawned":[8,12,16,18,24],"killed_by":"Sentry and Sphere","ascension_level":7}