{"gold_per_floor":[109,124,142,97,197,197,225,241,241,275,285,317,329,349,349,444,444,458,8,8,25,25,57,57,75,101,101,117,117,0,13,13,13],"floor_reached":33,"playtime":1620,"items_purged":[],"score":459,"play_id":"d9fc5a64-ad4f-4318-a048-b272c631fd57","local_time":"20191024181811","is_ascension_mode":true,"campfire_choices":[{"data":"Dagger Spray","floor":6.0,"key":"SMITH"},{"floor":15.0,"key":"REST"},{"data":"Wraith Form v2","floor":24.0,"key":"SMITH"},{"data":"A Thousand Cuts","floor":29.0,"key":"SMITH"},{"floor":32.0,"key":"REST"}],"neow_cost":"NONE","seed_source_timestamp":666272121100,"circlet_count":0,"master_deck":["AscendersBane","Strike_G+1","Strike_G+1","Strike_G+1","Strike_G+1","Strike_G+1","Defend_G+1","Defend_G+1","Defend_G+1","Defend_G+1","Defend_G+1","Survivor","Neutralize","Poisoned Stab","Footwork","Dagger Throw","Dagger Spray+1","Dagger Throw","Poisoned Stab","Dash","Cloak And Dagger","Well Laid Plans","Blade Dance","Dash+1","Bullet Time","Wraith Form v2+1","A Thousand Cuts+1","Accuracy","Footwork"],"special_seed":0,"relics":["Ring of the Snake","Letter Opener","White Beast Statue","Pear","Molten Egg 2","SacredBark","Turnip","Ninja Scroll","PreservedInsect"],"potions_floor_usage":[33,33],"damage_taken":[{"damage":1.0,"enemies":"Cultist","floor":1.0,"turns":4.0},{"damage":1.0,"enemies":"Small Slimes","floor":2.0,"turns":4.0},{"damage":6.0,"enemies":"2 Louse","floor":3.0,"turns":2.0},{"damage":40.0,"enemies":"Gremlin Nob","floor":7.0,"turns":5.0},{"damage":0.0,"enemies":"2 Fungi Beasts","floor":8.0,"turns":3.0},{"damage":9.0,"enemies":"3 Sentries","floor":10.0,"turns":8.0},{"damage":0.0,"enemies":"Exordium Wildlife","floor":11.0,"turns":4.0},{"damage":22.0,"enemies":"Gremlin Nob","floor":12.0,"turns":4.0},{"damage":0.0,"enemies":"Large Slime","floor":13.0,"turns":5.0},{"damage":0.0,"enemies":"Looter","floor":14.0,"turns":4.0},{"damage":25.0,"enemies":"The Guardian","floor":16.0,"turns":14.0},{"damage":1.0,"enemies":"2 Thieves","floor":18.0,"turns":4.0},{"damage":14.0,"enemies":"3 Byrds","floor":21.0,"turns":8.0},{"damage":34.0,"enemies":"Gremlin Leader","floor":23.0,"turns":9.0},{"damage":18.0,"enemies":"Centurion and Healer","floor":25.0,"turns":8.0},{"damage":10.0,"enemies":"3 Cultists","floor":28.0,"turns":9.0},{"damage":3.0,"enemies":"Snake Plant","floor":31.0,"turns":5.0},{"damage":53,"enemies":"Automaton","floor":33,"turns":10}],"seed_played":"1965258990943426498","potions_obtained":[{"floor":3.0,"key":"Regen Potion"},{"floor":8.0,"key":"Swift Potion"},{"floor":10.0,"key":"PowerPotion"},{"floor":11.0,"key":"Swift Potion"},{"floor":12.0,"key":"Strength Potion"},{"floor":13.0,"key":"Fruit Juice"},{"floor":14.0,"key":"Swift Potion"},{"floor":16.0,"key":"ColorlessPotion"},{"floor":18.0,"key":"DuplicationPotion"},{"floor":21.0,"key":"ColorlessPotion"},{"floor":23.0,"key":"SkillPotion"},{"floor":25.0,"key":"FearPotion"},{"floor":28.0,"key":"Swift Potion"},{"floor":31.0,"key":"FearPotion"}],"is_trial":false,"path_per_floor":["M","M","M","$","?","R","E","M","T","E","M","E","M","M","R","B",null,"M","$","?","M","?","E","R","M","T","?","M","R","?","M","R","B"],"character_chosen":"THE_SILENT","items_purchased":["Dagger Spray","Wraith Form v2","Turnip"],"campfire_rested":2,"item_purchase_floors":[4,19,19],"current_hp_per_floor":[69,68,62,62,62,62,22,22,22,38,38,16,21,21,48,23,75,74,74,92,78,78,44,44,26,26,26,16,16,16,13,40,0],"gold":13,"neow_bonus":"TEN_PERCENT_HP_BONUS","is_prod":false,"is_daily":false,"chose_seed":false,"campfire_upgraded":3,"win_rate":0,"timestamp":1571933891,"path_taken":["M","?","M","$","?","R","E","M","T","E","M","E","M","?","R","BOSS","M","$","?","M","?","E","R","M","T","?","M","R","?","M","R","BOSS"],"build_version":"2019-10-23","purchased_purges":0,"victory":false,"max_hp_per_floor":[77,77,77,77,77,77,77,77,77,87,87,87,92,92,92,92,92,92,92,92,92,92,92,92,92,92,92,92,92,92,92,92,92],"card_choices":[{"not_picked":["Prepared","Slice"],"picked":"Poisoned Stab","floor":1.0},{"not_picked":["Deflect","Dagger Spray"],"picked":"Footwork","floor":2.0},{"not_picked":["Terror","Sucker Punch"],"picked":"Dagger Throw","floor":3.0},{"not_picked":["Sucker Punch","Outmaneuver"],"picked":"Dagger Throw","floor":7.0},{"not_picked":["Catalyst","Prepared"],"picked":"Poisoned Stab","floor":8.0},{"not_picked":["Outmaneuver","Unload"],"picked":"Dash","floor":10.0},{"not_picked":["Expertise","Sucker Punch"],"picked":"Cloak And Dagger","floor":11.0},{"not_picked":["Outmaneuver","Accuracy"],"picked":"Well Laid Plans","floor":12.0},{"not_picked":["Quick Slash+1","Setup"],"picked":"Blade Dance","floor":13.0},{"not_picked":["Endless Agony+1","Storm of Steel"],"picked":"Dash+1","floor":14.0},{"not_picked":["Wraith Form v2","Doppelganger"],"picked":"Bullet Time","floor":16.0},{"not_picked":["Dagger Throw+1","PiercingWail","Backflip"],"picked":"SKIP","floor":18.0},{"not_picked":["Accuracy","Poisoned Stab+1","Underhanded Strike+1"],"picked":"SKIP","floor":21.0},{"not_picked":["Underhanded Strike+1","Die Die Die+1"],"picked":"A Thousand Cuts","floor":23.0},{"not_picked":["Dash+1","Deflect","Setup+1"],"picked":"SKIP","floor":25.0},{"not_picked":["Catalyst","Deadly Poison"],"picked":"Accuracy","floor":28.0},{"not_picked":["Outmaneuver+1","Escape Plan"],"picked":"Footwork","floor":31.0}],"player_experience":508505,"relics_obtained":[{"floor":7.0,"key":"Letter Opener"},{"floor":9.0,"key":"White Beast Statue"},{"floor":10.0,"key":"Pear"},{"floor":12.0,"key":"Molten Egg 2"},{"floor":23.0,"key":"Ninja Scroll"},{"floor":26.0,"key":"PreservedInsect"}],"event_choices":[{"damage_healed":0.0,"max_hp_gain":0.0,"max_hp_loss":0.0,"gold_gain":100.0,"event_name":"Golden Shrine","player_choice":"Pray","floor":5.0,"gold_loss":0.0,"damage_taken":0.0},{"damage_healed":30.0,"max_hp_gain":0.0,"max_hp_loss":0.0,"gold_gain":0.0,"event_name":"The Library","player_choice":"Heal","floor":20.0,"gold_loss":0.0,"damage_taken":0.0},{"damage_healed":0.0,"max_hp_gain":0.0,"max_hp_loss":0.0,"gold_gain":0.0,"event_name":"Back to Basics","player_choice":"Simplicity","floor":22.0,"gold_loss":0.0,"damage_taken":0.0,"cards_upgraded":["Strike_G","Strike_G","Strike_G","Strike_G","Strike_G","Defend_G","Defend_G","Defend_G","Defend_G","Defend_G"]},{"damage_healed":0.0,"max_hp_gain":0.0,"max_hp_loss":0.0,"gold_gain":0.0,"event_name":"The Mausoleum","player_choice":"Ignored","floor":27.0,"gold_loss":0.0,"damage_taken":0.0},{"damage_healed":0.0,"max_hp_gain":0.0,"max_hp_loss":0.0,"gold_gain":0.0,"event_name":"Masked Bandits","player_choice":"Paid Fearfully","floor":30.0,"gold_loss":117.0,"damage_taken":0.0}],"is_beta":true,"boss_relics":[{"not_picked":["Tiny House","Velvet Choker"],"picked":"SacredBark"}],"items_purged_floors":[],"is_endless":false,"potions_floor_spawned":[3,8,10,11,12,13,14,16,18,21,23,25,28,31],"killed_by":"Automaton","ascension_level":10}