{"gold_per_floor":[14,26,43,43,58,91,91,104,104,104,132,142,13,23,23,122,122,122,122,47,47,47,47,47,47,47,47,47,47,47,47,47,47,47,47,47,47,47,47,47,47,47,47,47,47,47,47,47,47,47],"floor_reached":50,"playtime":2554,"items_purged":["Strike_G"],"score":708,"play_id":"a99fea09-6338-4fb7-90cf-d1012851969a","local_time":"20190421133902","is_ascension_mode":true,"campfire_choices":[{"data":"Adrenaline","floor":7.0,"key":"SMITH"},{"data":"Cloak And Dagger","floor":10.0,"key":"SMITH"},{"floor":15.0,"key":"REST"},{"floor":23.0,"key":"REST"},{"data":"Envenom","floor":25.0,"key":"SMITH"},{"floor":29.0,"key":"REST"},{"data":"A Thousand Cuts","floor":32.0,"key":"SMITH"},{"floor":40.0,"key":"REST"},{"floor":44.0,"key":"REST"},{"data":"Cloak And Dagger","floor":47.0,"key":"SMITH"},{"floor":49.0,"key":"REST"}],"neow_cost":"NO_GOLD","seed_source_timestamp":930046983342881,"circlet_count":0,"master_deck":["AscendersBane","Defend_G","Defend_G","Defend_G","Defend_G","Strike_G","Strike_G","Strike_G","Strike_G+1","Survivor","Neutralize+1","Adrenaline+1","Cloak And Dagger+1","A Thousand Cuts+1","Well Laid Plans","Cloak And Dagger+1","Envenom+1","Footwork","Adrenaline","Escape Plan+1","Cloak And Dagger+1","Parasite"],"special_seed":0,"relics":["Ring of the Snake","Letter Opener","Pantograph","Odd Mushroom","Ectoplasm","Whetstone","Bottled Flame","Lizard Tail","Pen Nib"],"potions_floor_usage":[50,50,50],"damage_taken":[{"damage":0.0,"enemies":"Jaw Worm","floor":1.0,"turns":5.0},{"damage":0.0,"enemies":"Cultist","floor":2.0,"turns":4.0},{"damage":0.0,"enemies":"Small Slimes","floor":3.0,"turns":4.0},{"damage":0.0,"enemies":"Blue Slaver","floor":5.0,"turns":6.0},{"damage":22.0,"enemies":"Lagavulin","floor":6.0,"turns":10.0},{"damage":8.0,"enemies":"Lots of Slimes","floor":8.0,"turns":4.0},{"damage":2.0,"enemies":"The Mushroom Lair","floor":11.0,"turns":3.0},{"damage":3.0,"enemies":"Looter","floor":12.0,"turns":3.0},{"damage":0.0,"enemies":"Red Slaver","floor":14.0,"turns":3.0},{"damage":24.0,"enemies":"The Guardian","floor":16.0,"turns":18.0},{"damage":4.0,"enemies":"Shell Parasite","floor":18.0,"turns":7.0},{"damage":19.0,"enemies":"2 Thieves","floor":20.0,"turns":4.0},{"damage":22.0,"enemies":"Snake Plant","floor":21.0,"turns":6.0},{"damage":13.0,"enemies":"Shelled Parasite and Fungi","floor":22.0,"turns":10.0},{"damage":0.0,"enemies":"Cultist and Chosen","floor":27.0,"turns":6.0},{"damage":14.0,"enemies":"Snake Plant","floor":28.0,"turns":5.0},{"damage":4.0,"enemies":"Book of Stabbing","floor":31.0,"turns":7.0},{"damage":24.0,"enemies":"Collector","floor":33.0,"turns":11.0},{"damage":41.0,"enemies":"Orb Walker","floor":35.0,"turns":5.0},{"damage":3.0,"enemies":"3 Shapes","floor":37.0,"turns":4.0},{"damage":25.0,"enemies":"Spire Growth","floor":38.0,"turns":6.0},{"damage":17.0,"enemies":"Transient","floor":39.0,"turns":5.0},{"damage":9.0,"enemies":"Jaw Worm Horde","floor":41.0,"turns":2.0},{"damage":10.0,"enemies":"Writhing Mass","floor":42.0,"turns":9.0},{"damage":15.0,"enemies":"3 Darklings","floor":46.0,"turns":4.0},{"damage":21.0,"enemies":"Spire Growth","floor":48.0,"turns":5.0},{"damage":60,"enemies":"Awakened One","floor":50,"turns":8}],"seed_played":"-4530102964473783308","potions_obtained":[{"floor":1.0,"key":"Fire Potion"},{"floor":2.0,"key":"AttackPotion"},{"floor":12.0,"key":"Poison Potion"},{"floor":14.0,"key":"Weak Potion"},{"floor":16.0,"key":"PowerPotion"},{"floor":18.0,"key":"Energy Potion"},{"floor":27.0,"key":"Fire Potion"},{"floor":30.0,"key":"Regen Potion"},{"floor":30.0,"key":"Fruit Juice"},{"floor":30.0,"key":"GamblersBrew"},{"floor":31.0,"key":"Dexterity Potion"},{"floor":33.0,"key":"Dexterity Potion"},{"floor":35.0,"key":"SteroidPotion"},{"floor":38.0,"key":"FearPotion"},{"floor":39.0,"key":"SkillPotion"},{"floor":42.0,"key":"GamblersBrew"},{"floor":48.0,"key":"Weak Potion"}],"is_trial":false,"path_per_floor":["M","M","M","?","M","E","R","M","T","R","?","M","$","M","R","B",null,"M","?","M","M","M","R","?","R","T","M","M","R","?","E","R","B",null,"M","$","M","M","M","R","M","M","T","R","$","M","R","M","R","B"],"character_chosen":"THE_SILENT","items_purchased":["Cloak And Dagger"],"campfire_rested":6,"item_purchase_floors":[13],"current_hp_per_floor":[63,63,63,63,63,41,41,33,33,33,31,28,28,28,49,46,64,60,60,41,19,6,27,27,27,27,27,13,34,39,50,50,51,69,28,28,25,37,20,42,33,23,23,45,45,30,30,9,31,0],"gold":47,"neow_bonus":"THREE_RARE_CARDS","is_prod":false,"is_daily":false,"chose_seed":false,"campfire_upgraded":5,"win_rate":0,"timestamp":1555846742,"path_taken":["M","M","M","?","?","E","R","M","T","R","?","M","$","M","R","BOSS","M","?","?","M","M","R","?","R","T","M","?","R","?","E","R","BOSS","M","$","?","M","M","R","M","M","T","R","?","M","R","M","R","BOSS"],"build_version":"2019-01-23","purchased_purges":1,"victory":false,"max_hp_per_floor":[70,70,70,70,70,70,70,70,70,70,70,70,70,70,70,70,70,70,70,70,70,70,70,70,70,70,70,70,70,75,75,75,75,75,75,75,75,75,75,75,75,75,75,75,75,75,75,75,75,75],"card_choices":[{"not_picked":["Phantasmal Killer","A Thousand Cuts"],"picked":"Adrenaline","floor":0.0},{"not_picked":["Catalyst","Quick Slash","Tactician"],"picked":"SKIP","floor":1.0},{"not_picked":["Underhanded Strike","Deflect"],"picked":"Cloak And Dagger","floor":2.0},{"not_picked":["Quick Slash","Predator","Dodge and Roll"],"picked":"SKIP","floor":3.0},{"not_picked":["Bane","Backstab","Acrobatics"],"picked":"SKIP","floor":5.0},{"not_picked":["Dagger Spray","Acrobatics"],"picked":"A Thousand Cuts","floor":6.0},{"not_picked":["Concentrate","Deadly Poison","Catalyst"],"picked":"SKIP","floor":8.0},{"not_picked":["Acrobatics","Dash"],"picked":"Well Laid Plans","floor":11.0},{"not_picked":["PiercingWail","Deflect","Flechettes"],"picked":"SKIP","floor":12.0},{"not_picked":["Flying Knee","Deadly Poison","Outmaneuver"],"picked":"SKIP","floor":14.0},{"not_picked":["Bullet Time","Unload"],"picked":"Envenom","floor":16.0},{"not_picked":["Bane","Dodge and Roll"],"picked":"Footwork","floor":18.0},{"not_picked":["Slice","Backflip","Flying Knee"],"picked":"SKIP","floor":20.0},{"not_picked":["Crippling Poison","Acrobatics+1","Bane"],"picked":"SKIP","floor":21.0},{"not_picked":["Quick Slash","Outmaneuver"],"picked":"Adrenaline","floor":22.0},{"not_picked":["Expertise+1","PiercingWail+1"],"picked":"Escape Plan+1","floor":27.0},{"not_picked":["Outmaneuver","Dagger Spray","Backstab"],"picked":"SKIP","floor":28.0},{"not_picked":["Slice+1","Deadly Poison","Tactician"],"picked":"SKIP","floor":31.0},{"not_picked":["Deflect+1","Dagger Spray","Acrobatics"],"picked":"SKIP","floor":35.0},{"not_picked":["Endless Agony+1","Masterful Stab","Backstab+1"],"picked":"SKIP","floor":37.0},{"not_picked":["Distraction","Flying Knee+1"],"picked":"Cloak And Dagger+1","floor":38.0},{"not_picked":["Predator+1","Bouncing Flask+1","Eviscerate+1"],"picked":"SKIP","floor":39.0},{"not_picked":["Reflex","Die Die Die","Sucker Punch"],"picked":"SKIP","floor":41.0},{"not_picked":["Endless Agony+1","Eviscerate+1","Prepared"],"picked":"SKIP","floor":42.0},{"not_picked":["Prepared+1","Eviscerate","Slice"],"picked":"SKIP","floor":46.0},{"not_picked":["Underhanded Strike+1","Reflex+1","Backflip+1"],"picked":"SKIP","floor":48.0}],"player_experience":439273,"relics_obtained":[{"floor":6.0,"key":"Letter Opener"},{"floor":9.0,"key":"Pantograph"},{"floor":11.0,"key":"Odd Mushroom"},{"floor":26.0,"key":"Whetstone"},{"floor":31.0,"key":"Bottled Flame"},{"floor":43.0,"key":"Pen Nib"}],"event_choices":[{"cards_removed":["Defend_G"],"damage_healed":0.0,"max_hp_gain":0.0,"max_hp_loss":0.0,"gold_gain":0.0,"event_name":"Bonfire Elementals","player_choice":"Offered Basic","floor":4.0,"gold_loss":0.0,"damage_taken":0.0},{"damage_healed":0.0,"max_hp_gain":0.0,"max_hp_loss":0.0,"gold_gain":0.0,"event_name":"Mushrooms","player_choice":"Fought Mushrooms","floor":11.0,"gold_loss":0.0,"damage_taken":0.0},{"damage_healed":0.0,"max_hp_gain":0.0,"max_hp_loss":0.0,"gold_gain":200.0,"event_name":"Wheel of Change","player_choice":"Gold","floor":19.0,"gold_loss":0.0,"damage_taken":0.0},{"damage_healed":0.0,"max_hp_gain":0.0,"max_hp_loss":0.0,"gold_gain":0.0,"event_name":"WeMeetAgain","player_choice":"Ignored","floor":24.0,"gold_loss":0.0,"damage_taken":0.0},{"damage_healed":0.0,"max_hp_gain":0.0,"max_hp_loss":0.0,"gold_gain":0.0,"event_name":"Lab","player_choice":"Got Potions","floor":30.0,"gold_loss":0.0,"damage_taken":0.0}],"is_beta":false,"boss_relics":[{"not_picked":["Coffee Dripper","Pandora\u0027s Box"],"picked":"Ectoplasm"},{"not_picked":["Sozu","HoveringKite"],"picked":"Lizard Tail"}],"items_purged_floors":[13],"is_endless":false,"potions_floor_spawned":[1,2,12,14,16,18,27,31,33,35,38,39,42,48],"killed_by":"Awakened One","ascension_level":10}