{"gold_per_floor":[119,132,82,94,169,169,197,207,207,237,267,299,299,316,316,389,389,402,402,402,370,49,49,82,96,145,164,13,30,30,0,0,0],"floor_reached":33,"playtime":1219,"items_purged":[],"score":485,"play_id":"13190c8e-e00e-4d69-8da7-90084a9d5cec","local_time":"20191025234959","is_ascension_mode":true,"campfire_choices":[{"data":"Bash","floor":6.0,"key":"SMITH"},{"floor":15,"key":"REST"},{"data":"Whirlwind","floor":23,"key":"SMITH"},{"floor":30,"key":"REST"},{"data":"Inflame","floor":32,"key":"SMITH"}],"neow_cost":"NONE","seed_source_timestamp":107451383389200,"circlet_count":0,"master_deck":["AscendersBane","Strike_R+1","Strike_R+1","Strike_R+1","Strike_R+1","Strike_R+1","Defend_R+1","Defend_R+1","Defend_R+1","Defend_R+1","Bash+1","Shrug It Off","Heavy Blade","Shrug It Off","Cleave+1","Clothesline","Pommel Strike","True Grit","Shrug It Off","Flame Barrier","Metallicize","Reaper","Whirlwind+1","Inflame+1","Carnage","Battle Trance"],"special_seed":0,"relics":["Black Blood","Whetstone","Bag of Marbles","HornCleat","Odd Mushroom","Letter Opener","Prayer Wheel","StrikeDummy","Mercury Hourglass","Tiny Chest","Membership Card"],"potions_floor_usage":[16,16,18,24,33],"damage_taken":[{"damage":1.0,"enemies":"Small Slimes","floor":1.0,"turns":4.0},{"damage":11.0,"enemies":"2 Louse","floor":2.0,"turns":3.0},{"damage":6.0,"enemies":"Jaw Worm","floor":4.0,"turns":5.0},{"damage":29.0,"enemies":"3 Sentries","floor":7.0,"turns":10.0},{"damage":0.0,"enemies":"Looter","floor":8.0,"turns":3.0},{"damage":23.0,"enemies":"Gremlin Nob","floor":10.0,"turns":4.0},{"damage":0.0,"enemies":"The Mushroom Lair","floor":11.0,"turns":3.0},{"damage":25,"enemies":"Lagavulin","floor":12,"turns":7},{"damage":0,"enemies":"2 Fungi Beasts","floor":14,"turns":3},{"damage":41,"enemies":"Slime Boss","floor":16,"turns":10},{"damage":14,"enemies":"Shell Parasite","floor":18,"turns":15},{"damage":19,"enemies":"2 Thieves","floor":21,"turns":5},{"damage":52,"enemies":"Gremlin Leader","floor":24,"turns":8},{"damage":12,"enemies":"Chosen and Byrds","floor":25,"turns":6},{"damage":2,"enemies":"Centurion and Healer","floor":27,"turns":6},{"damage":14,"enemies":"Snecko","floor":29,"turns":4},{"damage":86,"enemies":"Collector","floor":33,"turns":10}],"seed_played":"1635671019328861181","potions_obtained":[{"floor":1.0,"key":"SkillPotion"},{"floor":8.0,"key":"Fire Potion"},{"floor":12,"key":"Explosive Potion"},{"floor":16,"key":"SpeedPotion"},{"floor":18,"key":"LiquidBronze"},{"floor":24,"key":"ElixirPotion"},{"floor":25,"key":"LiquidBronze"}],"is_trial":false,"path_per_floor":["M","M","$","M","?","R","E","M","T","E","?","E","?","M","R","B",null,"M","?","?","M","$","R","E","M","T","M","$","M","R","?","R","B"],"character_chosen":"IRONCLAD","items_purchased":["Shrug It Off","Inflame","StrikeDummy","Membership Card"],"campfire_rested":2,"item_purchase_floors":[3,22,22,28],"current_hp_per_floor":[80,75,75,75,64,64,41,47,47,30,36,17,14,20,44,9,64,62,62,62,55,55,55,15,21,21,31,31,35,59,59,59,0],"gold":0,"neow_bonus":"TEN_PERCENT_HP_BONUS","is_prod":false,"is_daily":false,"chose_seed":false,"campfire_upgraded":3,"win_rate":0,"timestamp":1572040199,"path_taken":["M","M","$","M","?","R","E","M","T","E","?","E","?","M","R","BOSS","M","?","?","M","$","R","E","M","T","M","?","M","R","?","R","BOSS"],"build_version":"2019-10-25-V3","purchased_purges":0,"victory":false,"max_hp_per_floor":[82,82,82,82,82,82,82,82,82,82,82,82,82,82,82,82,82,82,82,82,82,82,82,82,82,82,82,82,82,82,82,82,82],"card_choices":[{"not_picked":["Armaments","Clothesline"],"picked":"Shrug It Off","floor":1.0},{"not_picked":["Iron Wave","Exhume"],"picked":"Heavy Blade","floor":2.0},{"not_picked":["Wild Strike","Dual Wield"],"picked":"Cleave","floor":4.0},{"not_picked":["Hemokinesis","Dropkick"],"picked":"Clothesline","floor":7.0},{"not_picked":["Flex","Twin Strike"],"picked":"Pommel Strike","floor":8.0},{"not_picked":["Second Wind","Fire Breathing"],"picked":"True Grit","floor":10.0},{"not_picked":["Evolve","Rampage"],"picked":"Shrug It Off","floor":11.0},{"not_picked":["Combust","Second Wind"],"picked":"Flame Barrier","floor":12},{"not_picked":["Twin Strike","Clothesline"],"picked":"Metallicize","floor":14},{"not_picked":["Blood for Blood","Combust","Bloodletting"],"picked":"SKIP","floor":14},{"not_picked":["Impervious","Exhume"],"picked":"Reaper","floor":16},{"not_picked":["Anger","Combust","Dark Embrace+1"],"picked":"SKIP","floor":18},{"not_picked":["Flex+1","Cleave","Intimidate"],"picked":"SKIP","floor":18},{"not_picked":["Seeing Red","Disarm"],"picked":"Whirlwind","floor":21},{"not_picked":["Infernal Blade","Iron Wave","Havoc"],"picked":"SKIP","floor":21},{"not_picked":["Pummel","Anger","Sword Boomerang+1"],"picked":"SKIP","floor":24},{"not_picked":["Flex+1","Cleave"],"picked":"Carnage","floor":25},{"not_picked":["Pommel Strike","Armaments","Exhume"],"picked":"SKIP","floor":25},{"not_picked":["Thunderclap","Searing Blow"],"picked":"Battle Trance","floor":27},{"not_picked":["Perfected Strike","Headbutt","Havoc"],"picked":"SKIP","floor":27},{"not_picked":["Clash","Twin Strike","True Grit"],"picked":"SKIP","floor":29},{"not_picked":["Armaments","Cleave","Anger"],"picked":"SKIP","floor":29}],"player_experience":526599,"relics_obtained":[{"floor":7.0,"key":"Whetstone"},{"floor":9.0,"key":"Bag of Marbles"},{"floor":10.0,"key":"HornCleat"},{"floor":11.0,"key":"Odd Mushroom"},{"floor":12,"key":"Letter Opener"},{"floor":24,"key":"Mercury Hourglass"},{"floor":26,"key":"Tiny Chest"}],"event_choices":[{"damage_healed":0.0,"max_hp_gain":0.0,"max_hp_loss":0.0,"gold_gain":75.0,"event_name":"World of Goop","player_choice":"Gather Gold","floor":5.0,"gold_loss":0.0,"damage_taken":11.0},{"damage_healed":0.0,"max_hp_gain":0.0,"max_hp_loss":0.0,"gold_gain":0.0,"event_name":"Mushrooms","player_choice":"Fought Mushrooms","floor":11.0,"gold_loss":0.0,"damage_taken":0.0},{"damage_healed":0,"gold_gain":0,"player_choice":"Success","damage_taken":3,"relics_obtained":["Prayer Wheel"],"max_hp_gain":0,"max_hp_loss":0,"event_name":"Scrap Ooze","floor":13,"gold_loss":0},{"damage_healed":0,"gold_gain":0,"player_choice":"Simplicity","damage_taken":0,"max_hp_gain":0,"max_hp_loss":0,"event_name":"Back to Basics","floor":19,"gold_loss":0,"cards_upgraded":["Strike_R","Strike_R","Strike_R","Strike_R","Defend_R","Defend_R","Defend_R","Defend_R"]},{"damage_healed":0,"gold_gain":0,"player_choice":"Ignored","damage_taken":0,"max_hp_gain":0,"max_hp_loss":0,"event_name":"Vampires","floor":20,"gold_loss":0},{"damage_healed":0,"gold_gain":0,"player_choice":"Paid Fearfully","damage_taken":0,"max_hp_gain":0,"max_hp_loss":0,"event_name":"Masked Bandits","floor":31,"gold_loss":30}],"is_beta":true,"boss_relics":[{"not_picked":["Philosopher\u0027s Stone","Runic Dome"],"picked":"Black Blood"}],"items_purged_floors":[],"is_endless":false,"potions_floor_spawned":[1,8,12,16,18,24,25],"killed_by":"Collector","ascension_level":14}