{"gold_per_floor":[116,128,148,165,179,179,179,179,179,179,198,198,210,210,210,306,306,323,343,343,363,207,207,218,231,231,245,245,96,96,109,109,211,211,222,233,59,76,95,95,95,95,95,95,73,73,108,108,108,108],"floor_reached":51,"playtime":3078,"items_purged":["Strike_R","Strike_R","Defend_R"],"score":721,"play_id":"db0cad15-acbc-40d9-a74f-b03bb97ac950","local_time":"20191023114635","is_ascension_mode":false,"campfire_choices":[{"data":"Armaments","floor":6.0,"key":"SMITH"},{"floor":12.0,"key":"REST"},{"data":"Metallicize","floor":15.0,"key":"SMITH"},{"data":"Searing Blow","floor":23.0,"key":"SMITH"},{"floor":28.0,"key":"REST"},{"floor":32.0,"key":"REST"},{"floor":40.0,"key":"REST"},{"data":"Searing Blow+1","floor":44.0,"key":"SMITH"},{"data":"Searing Blow+2","floor":46.0,"key":"SMITH"},{"floor":49.0,"key":"REST"}],"neow_cost":"NONE","seed_source_timestamp":334754360361900,"circlet_count":0,"master_deck":["Defend_R","Defend_R","Defend_R","Bash","Armaments+1","Clothesline","Feed","Cleave","Cleave","Body Slam","Metallicize+1","Double Tap","Flex","Searing Blow+3","Battle Trance","Second Wind+1","True Grit","Iron Wave","Berserk","Shrug It Off","Shrug It Off","True Grit+1","Armaments"],"special_seed":0,"relics":["Runic Pyramid"],"potions_floor_usage":[50,50,50],"damage_taken":[{"damage":3.0,"enemies":"Small Slimes","floor":1.0,"turns":3.0},{"damage":3.0,"enemies":"Jaw Worm","floor":2.0,"turns":6.0},{"damage":1.0,"enemies":"2 Louse","floor":3.0,"turns":2.0},{"damage":2.0,"enemies":"Large Slime","floor":4.0,"turns":7.0},{"damage":9.0,"enemies":"Exordium Wildlife","floor":5.0,"turns":5.0},{"damage":11.0,"enemies":"Lots of Slimes","floor":11.0,"turns":2.0},{"damage":5.0,"enemies":"Blue Slaver","floor":13.0,"turns":4.0},{"damage":17.0,"enemies":"Slime Boss","floor":16.0,"turns":13.0},{"damage":10.0,"enemies":"3 Byrds","floor":18.0,"turns":3.0},{"damage":1.0,"enemies":"Chosen","floor":19.0,"turns":5.0},{"damage":34.0,"enemies":"Centurion and Healer","floor":21.0,"turns":8.0},{"damage":32.0,"enemies":"Shelled Parasite and Fungi","floor":24.0,"turns":7.0},{"damage":6.0,"enemies":"Chosen and Byrds","floor":25.0,"turns":6.0},{"damage":4.0,"enemies":"Snecko","floor":27.0,"turns":6.0},{"damage":10.0,"enemies":"Snake Plant","floor":31.0,"turns":6.0},{"damage":56.0,"enemies":"Automaton","floor":33.0,"turns":12.0},{"damage":10.0,"enemies":"3 Shapes","floor":35.0,"turns":7.0},{"damage":22.0,"enemies":"3 Darklings","floor":36.0,"turns":4.0},{"damage":7.0,"enemies":"Spire Growth","floor":38.0,"turns":6.0},{"damage":0.0,"enemies":"Maw","floor":39.0,"turns":8.0},{"damage":52.0,"enemies":"Reptomancer","floor":47.0,"turns":7.0},{"damage":78,"enemies":"Time Eater","floor":50,"turns":13}],"seed_played":"-6502993219354469986","potions_obtained":[{"floor":4.0,"key":"LiquidBronze"},{"floor":5.0,"key":"Block Potion"},{"floor":13.0,"key":"Energy Potion"},{"floor":18.0,"key":"Ancient Potion"},{"floor":24.0,"key":"Energy Potion"},{"floor":27.0,"key":"Strength Potion"},{"floor":39.0,"key":"Block Potion"},{"floor":47.0,"key":"LiquidBronze"}],"is_trial":false,"path_per_floor":["M","M","M","M","M","R","?","?","T","?","M","R","M","?","R","B",null,"M","M","?","M","$","R","M","M","T","M","R","$","?","M","R","B",null,"M","M","$","M","M","R","$","?","T","R","$","R","E","T","R","B",null],"character_chosen":"IRONCLAD","items_purchased":["Searing Blow","True Grit","Shrug It Off","Armaments"],"campfire_rested":5,"item_purchase_floors":[22,29,37,45],"current_hp_per_floor":[77,74,73,75,70,70,70,63,63,63,55,82,81,81,81,68,99,93,96,96,66,66,66,38,35,35,31,66,66,66,60,96,40,122,116,94,94,91,91,130,130,130,130,130,130,130,78,78,117,39],"gold":108,"neow_bonus":"BOSS_RELIC","is_prod":false,"is_daily":false,"chose_seed":false,"campfire_upgraded":5,"win_rate":0,"timestamp":1571798795,"path_taken":["M","M","M","M","M","R","?","?","T","?","M","R","M","?","R","BOSS","M","M","?","?","$","R","M","M","T","M","R","$","?","M","R","BOSS","M","?","$","M","M","R","?","?","T","R","$","R","E","?","R","BOSS"],"build_version":"2019-10-22","purchased_purges":3,"victory":true,"max_hp_per_floor":[80,80,80,84,88,88,88,88,88,88,91,91,95,95,95,99,99,103,107,107,111,111,111,115,118,118,118,118,118,118,122,122,122,122,126,126,126,130,130,130,130,130,130,130,130,130,130,130,130,130],"card_choices":[{"not_picked":["Warcry","Iron Wave"],"picked":"Armaments","floor":1.0},{"not_picked":["Anger","Pommel Strike"],"picked":"Clothesline","floor":2.0},{"not_picked":["Disarm","Sever Soul"],"picked":"Feed","floor":3.0},{"not_picked":["Disarm","Armaments"],"picked":"Cleave","floor":4.0},{"not_picked":["Sword Boomerang","Iron Wave","Armaments"],"picked":"SKIP","floor":5.0},{"not_picked":["Rampage","Clothesline"],"picked":"Body Slam","floor":11.0},{"not_picked":["Heavy Blade","Sever Soul"],"picked":"Metallicize","floor":13.0},{"not_picked":["Berserk","Bludgeon"],"picked":"Double Tap","floor":16.0},{"not_picked":["Havoc+1","Rage","Intimidate"],"picked":"SKIP","floor":18.0},{"not_picked":["Pommel Strike","Headbutt+1","Body Slam"],"picked":"SKIP","floor":19.0},{"not_picked":["Clothesline+1","Sever Soul"],"picked":"Flex","floor":21.0},{"not_picked":["Headbutt","Bludgeon"],"picked":"Battle Trance","floor":24.0},{"not_picked":["Body Slam","Wild Strike+1","Sword Boomerang"],"picked":"SKIP","floor":25.0},{"not_picked":["Twin Strike","Sword Boomerang"],"picked":"Second Wind+1","floor":27.0},{"not_picked":["Infernal Blade","Dropkick","Warcry"],"picked":"SKIP","floor":31.0},{"not_picked":["Double Tap","Fiend Fire"],"picked":"Berserk","floor":33.0},{"not_picked":["Heavy Blade","Feel No Pain+1"],"picked":"Shrug It Off","floor":35.0},{"not_picked":["Infernal Blade","Clash","Armaments"],"picked":"SKIP","floor":36.0},{"not_picked":["Body Slam","Blood for Blood+1"],"picked":"True Grit+1","floor":38.0},{"not_picked":["Warcry","Iron Wave","Feel No Pain+1"],"picked":"SKIP","floor":39.0},{"not_picked":["Hemokinesis+1","Sword Boomerang+1","Immolate"],"picked":"SKIP","floor":47.0}],"player_experience":734639,"relics_obtained":[],"event_choices":[{"damage_healed":0.0,"max_hp_gain":0.0,"max_hp_loss":0.0,"gold_gain":0.0,"event_name":"Shining Light","player_choice":"Ignored","floor":7.0,"gold_loss":0.0,"damage_taken":0.0},{"cards_removed":["Strike_R"],"damage_healed":0.0,"max_hp_gain":0.0,"max_hp_loss":0.0,"gold_gain":0.0,"event_name":"Golden Wing","player_choice":"Card Removal","floor":8.0,"gold_loss":0.0,"damage_taken":7.0},{"damage_healed":0.0,"max_hp_gain":0.0,"max_hp_loss":0.0,"gold_gain":0.0,"cards_transformed":["Strike_R"],"event_name":"Living Wall","player_choice":"Change","floor":10.0,"gold_loss":0.0,"damage_taken":0.0,"cards_obtained":["Cleave"]},{"damage_healed":0.0,"max_hp_gain":0.0,"max_hp_loss":0.0,"gold_gain":0.0,"event_name":"Dead Adventurer","player_choice":"Searched \u00270\u0027 times","floor":14.0,"gold_loss":0.0,"damage_taken":0.0},{"damage_healed":0.0,"max_hp_gain":0.0,"max_hp_loss":0.0,"gold_gain":0.0,"event_name":"Lab","player_choice":"Got Potions","floor":20.0,"gold_loss":0.0,"damage_taken":0.0},{"damage_healed":0.0,"max_hp_gain":0.0,"max_hp_loss":0.0,"gold_gain":0.0,"cards_transformed":["Strike_R"],"event_name":"Transmorgrifier","player_choice":"Transformed","floor":30.0,"gold_loss":0.0,"damage_taken":0.0,"cards_obtained":["Iron Wave"]},{"damage_healed":0.0,"max_hp_gain":0.0,"max_hp_loss":0.0,"gold_gain":0.0,"event_name":"Tomb of Lord Red Mask","player_choice":"Ignored","floor":42.0,"gold_loss":0.0,"damage_taken":0.0}],"is_beta":true,"boss_relics":[{"not_picked":["SacredBark","Snecko Eye","Coffee Dripper"]},{"not_picked":["SacredBark","Snecko Eye","Coffee Dripper"]}],"items_purged_floors":[22,29,37],"is_endless":false,"potions_floor_spawned":[4,5,13,18,19,24,27,31,39,47],"ascension_level":0}