{"gold_per_floor":[214,52,71,88,88,119,129,155,155,186,199,199,234,249,249,320,320,279,310,328,253,253,253,280,280,327,339,339,351,386,396,396,470,470,488,508,528,138,28,28,38,65,113,113,125,142,242,242,242,242],"floor_reached":50,"playtime":3526,"items_purged":["Strike_R","Strike_R"],"score":1086,"play_id":"2272d472-af10-4809-b9c7-e5a3c08b35a5","local_time":"20190713175309","is_ascension_mode":true,"campfire_choices":[{"data":"Armaments","floor":12.0,"key":"SMITH"},{"data":"True Grit","floor":15.0,"key":"SMITH"},{"data":"Intimidate","floor":23.0,"key":"SMITH"},{"data":"Shrug It Off","floor":25.0,"key":"SMITH"},{"floor":28.0,"key":"REST"},{"data":"Disarm","floor":32.0,"key":"SMITH"},{"floor":40.0,"key":"REST"},{"data":"Disarm","floor":44.0,"key":"SMITH"},{"floor":49.0,"key":"REST"}],"neow_cost":"NONE","seed_source_timestamp":2735107429715,"circlet_count":0,"master_deck":["AscendersBane","Strike_R","Defend_R","Defend_R+1","Defend_R","Defend_R","Bash","Clothesline+1","Pommel Strike","Headbutt","Metallicize","Armaments+1","Spot Weakness","True Grit+1","Intimidate+1","Shrug It Off+1","Barricade","Clothesline+1","Searing Blow","Regret","Disarm+1","Impervious","Intimidate+1","Shrug It Off","Burning Pact+1","Corruption","Disarm+1","Armaments","Warcry+1","Armaments+1","Pain","Entrench+1","Warcry+1","Shockwave+1"],"special_seed":0,"relics":["Burning Blood","Bag of Marbles","Pen Nib","Ornamental Fan","Gremlin Horn","Mercury Hourglass","Red Skull","Cursed Key","Red Mask","Bronze Scales","Regal Pillow","Oddly Smooth Stone","Runic Cube","FossilizedHelix","Dream Catcher","Girya"],"potions_floor_usage":[50],"damage_taken":[{"damage":8.0,"enemies":"2 Louse","floor":1.0,"turns":3.0},{"damage":0.0,"enemies":"Cultist","floor":3.0,"turns":3.0},{"damage":0.0,"enemies":"Small Slimes","floor":4.0,"turns":2.0},{"damage":21.0,"enemies":"3 Sentries","floor":6.0,"turns":5.0},{"damage":11.0,"enemies":"2 Fungi Beasts","floor":7.0,"turns":3.0},{"damage":16.0,"enemies":"Gremlin Nob","floor":8.0,"turns":4.0},{"damage":9.0,"enemies":"3 Sentries","floor":10.0,"turns":7.0},{"damage":3.0,"enemies":"Looter","floor":11.0,"turns":4.0},{"damage":18.0,"enemies":"Gremlin Nob","floor":13.0,"turns":4.0},{"damage":0.0,"enemies":"Exordium Wildlife","floor":14.0,"turns":1.0},{"damage":19.0,"enemies":"The Guardian","floor":16.0,"turns":14.0},{"damage":3.0,"enemies":"2 Thieves","floor":18.0,"turns":5.0},{"damage":17.0,"enemies":"Masked Bandits","floor":19.0,"turns":4.0},{"damage":0.0,"enemies":"3 Byrds","floor":20.0,"turns":6.0},{"damage":29.0,"enemies":"Gremlin Leader","floor":24.0,"turns":6.0},{"damage":16.0,"enemies":"Snake Plant","floor":27.0,"turns":4.0},{"damage":9.0,"enemies":"3 Cultists","floor":29.0,"turns":6.0},{"damage":11.0,"enemies":"Book of Stabbing","floor":30.0,"turns":5.0},{"damage":0.0,"enemies":"Chosen and Byrds","floor":31.0,"turns":3.0},{"damage":9.0,"enemies":"Automaton","floor":33.0,"turns":17.0},{"damage":28.0,"enemies":"3 Shapes","floor":35.0,"turns":5.0},{"damage":19.0,"enemies":"Orb Walker","floor":36.0,"turns":5.0},{"damage":25.0,"enemies":"3 Darklings","floor":37.0,"turns":6.0},{"damage":4.0,"enemies":"Maw","floor":41.0,"turns":9.0},{"damage":19.0,"enemies":"Giant Head","floor":42.0,"turns":12.0},{"damage":38.0,"enemies":"Spire Growth","floor":45.0,"turns":10.0},{"damage":22.0,"enemies":"Transient","floor":46.0,"turns":6.0},{"damage":1.0,"enemies":"Mind Bloom Boss Battle","floor":47.0,"turns":10.0},{"damage":63,"enemies":"Donu and Deca","floor":50,"turns":9}],"seed_played":"-1600619988883339226","potions_obtained":[{"floor":3.0,"key":"PowerPotion"},{"floor":7.0,"key":"SkillPotion"},{"floor":8.0,"key":"SteroidPotion"},{"floor":14.0,"key":"GamblersBrew"},{"floor":16.0,"key":"Block Potion"},{"floor":18.0,"key":"BloodPotion"},{"floor":19.0,"key":"Poison Potion"},{"floor":24.0,"key":"LiquidBronze"},{"floor":30.0,"key":"AttackPotion"},{"floor":31.0,"key":"SkillPotion"},{"floor":37.0,"key":"Dexterity Potion"},{"floor":45.0,"key":"FearPotion"},{"floor":46.0,"key":"Block Potion"}],"is_trial":false,"path_per_floor":["M","$","M","M","?","E","M","E","T","E","M","R","E","M","R","B",null,"M","?","M","$","?","R","E","R","T","M","R","M","E","M","R","B",null,"M","M","M","$","?","R","M","E","T","R","M","M","?","?","R","B"],"character_chosen":"IRONCLAD","items_purchased":["Bag of Marbles","Corruption","Disarm","BloodPotion","Armaments"],"campfire_rested":3,"item_purchase_floors":[2,38,38,38,38],"current_hp_per_floor":[66,66,72,75,75,60,55,45,45,42,45,45,33,39,39,26,63,66,73,75,75,75,75,52,52,52,42,75,72,67,73,73,70,74,52,39,20,20,20,57,59,64,64,64,32,16,21,21,57,0],"gold":242,"neow_bonus":"HUNDRED_GOLD","is_prod":false,"is_daily":false,"chose_seed":false,"campfire_upgraded":6,"win_rate":0,"timestamp":1563058389,"path_taken":["M","$","M","M","?","E","M","E","T","E","M","R","E","M","R","BOSS","M","?","M","$","?","R","E","R","T","?","R","M","E","?","R","BOSS","M","M","M","$","?","R","?","E","T","R","M","M","?","?","R","BOSS"],"build_version":"2019-07-05","purchased_purges":2,"victory":false,"max_hp_per_floor":[75,75,75,75,75,75,75,75,75,75,75,75,75,75,75,75,75,75,75,75,75,75,75,75,75,75,75,75,75,75,75,75,75,75,75,75,75,75,75,75,75,75,75,75,75,75,75,71,71,71],"card_choices":[{"not_picked":["Thunderclap","Sword Boomerang"],"picked":"Clothesline","floor":1.0},{"not_picked":["Searing Blow","Headbutt"],"picked":"Pommel Strike","floor":3.0},{"not_picked":["Power Through","Heavy Blade"],"picked":"Headbutt","floor":4.0},{"not_picked":["Sword Boomerang","Seeing Red"],"picked":"Metallicize","floor":6.0},{"not_picked":["Perfected Strike","Infernal Blade"],"picked":"Armaments","floor":7.0},{"not_picked":["Pommel Strike","Brutality"],"picked":"Spot Weakness","floor":8.0},{"not_picked":["Exhume","Body Slam"],"picked":"True Grit","floor":10.0},{"not_picked":["Rampage","Havoc"],"picked":"Intimidate","floor":11.0},{"not_picked":["Sever Soul","Headbutt","Pommel Strike"],"picked":"SKIP","floor":13.0},{"not_picked":["Body Slam","Clash"],"picked":"Shrug It Off","floor":14.0},{"not_picked":["Dark Embrace","Double Tap"],"picked":"Barricade","floor":16.0},{"not_picked":["Iron Wave","Fire Breathing","Dropkick"],"picked":"SKIP","floor":18.0},{"not_picked":["Wild Strike","Perfected Strike"],"picked":"Clothesline+1","floor":20.0},{"not_picked":["Dropkick","Burning Pact","Iron Wave"],"picked":"SKIP","floor":24.0},{"not_picked":["Body Slam","Pommel Strike","Clash"],"picked":"SKIP","floor":27.0},{"not_picked":["Reaper","Searing Blow"],"picked":"Disarm","floor":29.0},{"not_picked":["Brutality","Clothesline+1","Searing Blow+1"],"picked":"SKIP","floor":30.0},{"not_picked":["Havoc","Fire Breathing","Cleave"],"picked":"SKIP","floor":31.0},{"not_picked":["Bludgeon","Juggernaut"],"picked":"Impervious","floor":33.0},{"not_picked":["Twin Strike","Headbutt+1"],"picked":"Intimidate+1","floor":35.0},{"not_picked":["Clash","Rupture+1"],"picked":"Shrug It Off","floor":36.0},{"not_picked":["Clothesline+1","Clash"],"picked":"Burning Pact+1","floor":37.0},{"not_picked":["Searing Blow","Dropkick"],"picked":"Warcry+1","floor":41.0},{"not_picked":["Blood for Blood","Warcry"],"picked":"Armaments+1","floor":42.0},{"not_picked":["Clash+1","Havoc+1"],"picked":"Entrench+1","floor":45.0},{"not_picked":["Perfected Strike","Power Through"],"picked":"Warcry+1","floor":46.0},{"not_picked":["Blood for Blood+1","Heavy Blade"],"picked":"Shockwave+1","floor":49.0}],"player_experience":197918,"relics_obtained":[{"floor":6.0,"key":"Pen Nib"},{"floor":8.0,"key":"Ornamental Fan"},{"floor":9.0,"key":"Gremlin Horn"},{"floor":10.0,"key":"Mercury Hourglass"},{"floor":13.0,"key":"Red Skull"},{"floor":19.0,"key":"Red Mask"},{"floor":24.0,"key":"Bronze Scales"},{"floor":26.0,"key":"Regal Pillow"},{"floor":30.0,"key":"Oddly Smooth Stone"},{"floor":42.0,"key":"FossilizedHelix"},{"floor":43.0,"key":"Dream Catcher"},{"floor":47.0,"key":"Girya"}],"event_choices":[{"damage_healed":0.0,"max_hp_gain":0.0,"max_hp_loss":0.0,"gold_gain":0.0,"event_name":"Living Wall","player_choice":"Grow","floor":5.0,"gold_loss":0.0,"damage_taken":0.0,"cards_upgraded":["Clothesline"]},{"damage_healed":0.0,"max_hp_gain":0.0,"max_hp_loss":0.0,"gold_gain":0.0,"event_name":"Masked Bandits","player_choice":"Fought Bandits","floor":19.0,"gold_loss":0.0,"damage_taken":0.0},{"damage_healed":0.0,"max_hp_gain":0.0,"max_hp_loss":0.0,"gold_gain":0.0,"cards_transformed":["Strike_R"],"event_name":"Transmorgrifier","player_choice":"Transformed","floor":22.0,"gold_loss":0.0,"damage_taken":0.0,"cards_obtained":["Searing Blow"]},{"cards_removed":["Strike_R"],"damage_healed":0.0,"max_hp_gain":0.0,"max_hp_loss":0.0,"gold_gain":0.0,"event_name":"Designer","player_choice":"Upgrade and Remove","floor":39.0,"gold_loss":110.0,"damage_taken":0.0,"cards_upgraded":["Defend_R"]},{"damage_healed":0.0,"max_hp_gain":0.0,"max_hp_loss":0.0,"gold_gain":0.0,"event_name":"MindBloom","player_choice":"Fight","floor":47.0,"gold_loss":0.0,"damage_taken":0.0},{"damage_healed":0.0,"max_hp_gain":0.0,"max_hp_loss":4.0,"gold_gain":0.0,"event_name":"Winding Halls","player_choice":"Max HP","floor":48.0,"gold_loss":0.0,"damage_taken":0.0}],"is_beta":false,"boss_relics":[{"not_picked":["Sozu","White Beast Statue"],"picked":"Cursed Key"},{"not_picked":["Black Star","Runic Dome"],"picked":"Runic Cube"}],"items_purged_floors":[21,38],"is_endless":false,"potions_floor_spawned":[3,7,8,14,16,18,19,24,30,31,37,41,45,46],"killed_by":"Donu and Deca","ascension_level":19}