{"gold_per_floor":[114,127,139,158,171,171,182,182,209,228,253,253,263,279,279,384,384,400,413,48,65,75,75,75],"floor_reached":24,"playtime":2983,"items_purged":["Decay"],"score":256,"play_id":"54aa6737-56dd-4c70-88f8-087c4c881b43","local_time":"20190917203028","is_ascension_mode":false,"campfire_choices":[{"data":"Uppercut","floor":6.0,"key":"SMITH"},{"floor":12,"key":"REST"},{"floor":15,"key":"REST"},{"data":"Armaments","floor":23,"key":"SMITH"}],"neow_cost":"CURSE","seed_source_timestamp":324924904247300,"circlet_count":0,"master_deck":["Bash","Feed","Uppercut+1","Twin Strike","Inflame","Armaments+1","Burning Pact","Barricade","Infernal Blade","Juggernaut","Second Wind","Seeing Red","Carnage","Body Slam","Wild Strike","Inflame","True Grit","Iron Wave","Ghostly Armor","Blind"],"special_seed":0,"relics":["Burning Blood","Singing Bowl","Potion Belt","Smiling Mask","Pandora\u0027s Box","Bronze Scales"],"potions_floor_usage":[16,16,24],"damage_taken":[{"damage":15.0,"enemies":"Jaw Worm","floor":1.0,"turns":3.0},{"damage":4.0,"enemies":"Small Slimes","floor":2.0,"turns":3.0},{"damage":0.0,"enemies":"2 Louse","floor":3.0,"turns":4.0},{"damage":26.0,"enemies":"Exordium Wildlife","floor":4.0,"turns":6.0},{"damage":49.0,"enemies":"Exordium Thugs","floor":5.0,"turns":7.0},{"damage":13.0,"enemies":"Blue Slaver","floor":7.0,"turns":6.0},{"damage":7.0,"enemies":"2 Fungi Beasts","floor":10.0,"turns":6.0},{"damage":28,"enemies":"Lagavulin","floor":11,"turns":9},{"damage":20,"enemies":"3 Louse","floor":13,"turns":3},{"damage":21,"enemies":"Blue Slaver","floor":14,"turns":5},{"damage":58,"enemies":"The Guardian","floor":16,"turns":10},{"damage":30,"enemies":"Chosen","floor":18,"turns":5},{"damage":21,"enemies":"Shell Parasite","floor":19,"turns":5},{"damage":24,"enemies":"Snake Plant","floor":21,"turns":6},{"damage":28,"enemies":"Snecko","floor":22,"turns":6},{"damage":54,"enemies":"Sentry and Sphere","floor":24,"turns":7}],"seed_played":"4803715995619297568","potions_obtained":[{"floor":4.0,"key":"FearPotion"},{"floor":5.0,"key":"SteroidPotion"},{"floor":10.0,"key":"Strength Potion"},{"floor":11,"key":"PowerPotion"},{"floor":13,"key":"AttackPotion"},{"floor":18,"key":"EssenceOfSteel"},{"floor":22,"key":"PowerPotion"}],"is_trial":false,"path_per_floor":["M","M","M","M","M","R","M","?","T","M","E","R","M","M","R","B",null,"M","M","$","M","M","R","M"],"character_chosen":"IRONCLAD","items_purchased":["Ghostly Armor","Blind","Bronze Scales"],"campfire_rested":2,"item_purchase_floors":[20,20,20],"current_hp_per_floor":[74,79,88,71,31,31,27,27,27,31,14,46,37,27,62,10,118,94,81,81,65,49,49,0],"gold":75,"neow_bonus":"THREE_RARE_CARDS","is_prod":false,"is_daily":false,"chose_seed":false,"campfire_upgraded":2,"win_rate":0,"timestamp":1568719828,"path_taken":["M","M","M","M","M","R","M","?","T","M","E","R","M","M","R","BOSS","M","M","$","M","M","R","M"],"build_version":"2019-07-17","purchased_purges":1,"victory":false,"max_hp_per_floor":[83,86,89,92,95,95,98,98,98,103,108,108,113,118,118,118,118,118,120,120,122,128,128,128],"card_choices":[{"not_picked":["Impervious","Demon Form"],"picked":"Feed","floor":0.0},{"not_picked":["Perfected Strike","Anger"],"picked":"Uppercut","floor":1.0},{"not_picked":["Hemokinesis","Combust"],"picked":"Twin Strike","floor":2.0},{"not_picked":["Perfected Strike","Second Wind"],"picked":"Inflame","floor":3.0},{"not_picked":["Power Through","Body Slam","Infernal Blade"],"picked":"SKIP","floor":4.0},{"not_picked":["Pommel Strike","Headbutt"],"picked":"Armaments","floor":5.0},{"not_picked":["Rage","Berserk"],"picked":"Burning Pact","floor":7.0},{"not_picked":["Burning Pact","Body Slam","Perfected Strike"],"picked":"Singing Bowl","floor":10.0},{"not_picked":["Warcry","Inflame","Bludgeon"],"picked":"Singing Bowl","floor":11},{"not_picked":["Fire Breathing","Clothesline","Shockwave"],"picked":"Singing Bowl","floor":13},{"not_picked":["Flame Barrier","Pommel Strike","Body Slam"],"picked":"Singing Bowl","floor":14},{"not_picked":["Fiend Fire","Dark Embrace"],"picked":"Barricade","floor":16},{"not_picked":["Twin Strike","Second Wind"],"picked":"Iron Wave","floor":18},{"not_picked":["Twin Strike","Whirlwind+1","Second Wind"],"picked":"Singing Bowl","floor":19},{"not_picked":["Pommel Strike","Heavy Blade+1","Clothesline"],"picked":"Singing Bowl","floor":21},{"not_picked":["Havoc+1","Disarm+1","Thunderclap"],"picked":"Singing Bowl","floor":22}],"player_experience":396039,"relics_obtained":[{"floor":9.0,"key":"Potion Belt"},{"floor":11,"key":"Smiling Mask"}],"event_choices":[{"damage_healed":0.0,"max_hp_gain":0.0,"max_hp_loss":0.0,"gold_gain":0.0,"event_name":"Dead Adventurer","player_choice":"Searched \u00271\u0027 times","floor":8.0,"gold_loss":0.0,"damage_taken":0.0,"relics_obtained":["Singing Bowl"]}],"is_beta":false,"boss_relics":[{"not_picked":["Black Star","Cursed Key"],"picked":"Pandora\u0027s Box"}],"items_purged_floors":[20],"is_endless":false,"potions_floor_spawned":[4,5,10,11,13,14,18,22],"killed_by":"Sentry and Sphere","ascension_level":0}