{"gold_per_floor":[115,115,115,65,82,82,113,127,127,160,160,173,208,221,221,317,317,337,353,366,366,379,409,429,459,459,150,161,161,173,173],"floor_reached":31,"playtime":1232,"items_purged":[],"score":454,"play_id":"ed51963e-2c0f-49d7-aa19-779875557487","local_time":"20190624214437","is_ascension_mode":true,"campfire_choices":[{"data":"Anger","floor":6,"key":"SMITH"},{"data":"Shockwave","floor":15,"key":"SMITH"},{"data":"Demon Form","floor":29,"key":"SMITH"}],"neow_cost":"NONE","seed_source_timestamp":346539041774582,"circlet_count":0,"master_deck":["Strike_R","Strike_R","Strike_R","Strike_R","Defend_R+1","Defend_R","Defend_R","Bash+1","Disarm","Anger+1","Shrug It Off","Shockwave+1","Immolate","Sword Boomerang","Demon Form+1","Pommel Strike","Bloodletting","True Grit+1","Metallicize+1","Inflame","Shrug It Off+1"],"relics":["Burning Blood","NeowsBlessing","Pantograph","Blood Vial","Bag of Marbles","Coffee Dripper","Nloth\u0027s Gift","Ornamental Fan","Centennial Puzzle","Bottled Flame","Dead Branch"],"potions_floor_usage":[16,18,23,24,25,28],"damage_taken":[{"damage":0,"enemies":"Jaw Worm","floor":1,"turns":1},{"damage":0,"enemies":"2 Louse","floor":5,"turns":2},{"damage":0,"enemies":"Lagavulin","floor":7,"turns":1},{"damage":5,"enemies":"Small Slimes","floor":8,"turns":3},{"damage":34,"enemies":"Gremlin Nob","floor":10,"turns":5},{"damage":0,"enemies":"Exordium Wildlife","floor":12,"turns":3},{"damage":18,"enemies":"Lagavulin","floor":13,"turns":5},{"damage":24,"enemies":"Exordium Thugs","floor":14,"turns":5},{"damage":34,"enemies":"Hexaghost","floor":16,"turns":9},{"damage":21,"enemies":"2 Thieves","floor":18,"turns":3},{"damage":12,"enemies":"Chosen","floor":19,"turns":3},{"damage":24,"enemies":"Snake Plant","floor":20,"turns":4},{"damage":3,"enemies":"3 Cultists","floor":22,"turns":4},{"damage":38,"enemies":"Slavers","floor":23,"turns":7},{"damage":13,"enemies":"Centurion and Healer","floor":24,"turns":5},{"damage":17,"enemies":"Book of Stabbing","floor":25,"turns":5},{"damage":11,"enemies":"Snake Plant","floor":28,"turns":4},{"damage":12,"enemies":"Snecko","floor":30,"turns":5},{"damage":15,"enemies":"Slavers","floor":31,"turns":2}],"seed_played":"1222835160621165598","potions_obtained":[{"floor":1,"key":"Regen Potion"},{"floor":5,"key":"SpeedPotion"},{"floor":13,"key":"LiquidBronze"},{"floor":16,"key":"BloodPotion"},{"floor":20,"key":"AttackPotion"},{"floor":22,"key":"Weak Potion"},{"floor":23,"key":"Regen Potion"},{"floor":24,"key":"FearPotion"},{"floor":25,"key":"Block Potion"}],"is_trial":false,"path_per_floor":["M","?","?","?","M","R","E","M","T","E","?","M","E","M","R","B",null,"M","M","M","?","M","E","M","E","T","$","M","R","M","E"],"character_chosen":"IRONCLAD","items_purchased":["Dead Branch"],"campfire_rested":0,"item_purchase_floors":[27],"current_hp_per_floor":[78,62,55,55,61,61,67,68,68,40,40,48,38,22,22,36,69,64,60,44,44,49,19,28,19,19,19,16,16,12,0],"gold":173,"neow_bonus":"THREE_ENEMY_KILL","is_prod":false,"is_daily":false,"chose_seed":false,"campfire_upgraded":3,"win_rate":0,"timestamp":1561405477,"path_taken":["M","?","?","?","M","R","E","?","T","E","?","M","E","M","R","BOSS","M","?","?","?","M","E","M","E","T","$","M","R","?","E"],"build_version":"2019-01-23","purchased_purges":0,"victory":false,"max_hp_per_floor":[80,80,80,80,80,80,80,80,80,80,80,80,80,80,80,80,80,80,80,80,80,80,80,80,80,80,80,80,80,80,80],"card_choices":[{"not_picked":["Evolve","Power Through"],"picked":"Disarm","floor":1},{"not_picked":["Flex","Clash"],"picked":"Anger","floor":5},{"not_picked":["Cleave","Perfected Strike","Rage"],"picked":"SKIP","floor":7},{"not_picked":["Evolve","Warcry"],"picked":"Shrug It Off","floor":8},{"not_picked":["Armaments","Havoc","Searing Blow"],"picked":"SKIP","floor":8},{"not_picked":["Infernal Blade","Armaments"],"picked":"Shockwave","floor":10},{"not_picked":["Twin Strike","Flex"],"picked":"Immolate","floor":12},{"not_picked":["Flex","Headbutt","Havoc"],"picked":"SKIP","floor":12},{"not_picked":["Feel No Pain","Flex","Cleave"],"picked":"SKIP","floor":13},{"not_picked":["Havoc","Berserk"],"picked":"Sword Boomerang","floor":14},{"not_picked":["Wild Strike","Infernal Blade","Heavy Blade"],"picked":"SKIP","floor":14},{"not_picked":["Offering","Fiend Fire"],"picked":"Demon Form","floor":16},{"not_picked":["Twin Strike","Sword Boomerang"],"picked":"Pommel Strike","floor":18},{"not_picked":["Hemokinesis","Warcry","Twin Strike"],"picked":"SKIP","floor":18},{"not_picked":["Cleave+1","Shrug It Off"],"picked":"Bloodletting","floor":19},{"not_picked":["Anger+1","Entrench","Bludgeon"],"picked":"SKIP","floor":19},{"not_picked":["Battle Trance","Infernal Blade"],"picked":"True Grit+1","floor":20},{"not_picked":["True Grit","Heavy Blade"],"picked":"Metallicize+1","floor":20},{"not_picked":["Iron Wave","Combust","Seeing Red"],"picked":"SKIP","floor":22},{"not_picked":["Wild Strike","Anger","Sword Boomerang"],"picked":"SKIP","floor":23},{"not_picked":["True Grit","Warcry","Iron Wave"],"picked":"SKIP","floor":24},{"not_picked":["Immolate","Pommel Strike","Flex"],"picked":"SKIP","floor":25},{"not_picked":["Dual Wield","Body Slam"],"picked":"Inflame","floor":28},{"not_picked":["Feel No Pain","Pummel+1"],"picked":"Shrug It Off+1","floor":30}],"player_experience":212016,"relics_obtained":[{"floor":7,"key":"Prayer Wheel"},{"floor":9,"key":"Pantograph"},{"floor":10,"key":"Blood Vial"},{"floor":13,"key":"Bag of Marbles"},{"floor":23,"key":"Ornamental Fan"},{"floor":25,"key":"Centennial Puzzle"},{"floor":26,"key":"Bottled Flame"}],"event_choices":[{"damage_healed":0,"gold_gain":0,"player_choice":"Entered Light","damage_taken":16,"max_hp_gain":0,"max_hp_loss":0,"event_name":"Shining Light","floor":2,"gold_loss":0,"cards_upgraded":["Defend_R","Bash"]},{"cards_removed":["Strike_R"],"damage_healed":0,"gold_gain":0,"player_choice":"Card Removal","damage_taken":7,"max_hp_gain":0,"max_hp_loss":0,"event_name":"Golden Wing","floor":3,"gold_loss":0},{"cards_removed":["Defend_R"],"damage_healed":0,"gold_gain":0,"player_choice":"Card Removal","damage_taken":0,"max_hp_gain":0,"max_hp_loss":0,"event_name":"The Cleric","floor":4,"gold_loss":50},{"damage_healed":0,"gold_gain":0,"player_choice":"Bought 0 Potions","damage_taken":0,"max_hp_gain":0,"max_hp_loss":0,"event_name":"The Woman in Blue","floor":11,"gold_loss":0},{"damage_healed":0,"gold_gain":0,"player_choice":"Traded Relic","damage_taken":0,"relics_obtained":["Nloth\u0027s Gift"],"max_hp_gain":0,"max_hp_loss":0,"event_name":"N\u0027loth","floor":21,"relics_lost":["Prayer Wheel"],"gold_loss":0}],"is_beta":false,"boss_relics":[{"not_picked":["Black Star","Eternal Feather"],"picked":"Coffee Dripper"}],"items_purged_floors":[],"is_endless":false,"potions_floor_spawned":[1,5,13,16,20,22,23,24,25],"killed_by":"Slavers","ascension_level":8}