{"gold_per_floor":[115,115,134,42,63,63,102,102,102,116,41,41,59,72,72,191,191,212,25,25,46,46,82,82,100,100,118,118,137,158,171,171,171],"floor_reached":33,"playtime":1504,"items_purged":["Strike_R","Strike_R"],"score":271,"play_id":"6492d3e3-710c-464d-a531-3cc82ec0f53c","local_time":"20191023175423","is_ascension_mode":false,"campfire_choices":[{"data":"Flash of Steel","floor":6.0,"key":"SMITH"},{"floor":12.0,"key":"REST"},{"data":"Defend_R","floor":15.0,"key":"SMITH"},{"data":"Defend_R","floor":32,"key":"SMITH"}],"neow_cost":"NONE","seed_source_timestamp":358551083591300,"circlet_count":0,"master_deck":["Defend_R+1","Defend_R+1","Defend_R","Defend_R","Bash","Flash of Steel+1","Rage+1","Barricade+1","Flame Barrier+1","Flash of Steel"],"special_seed":0,"relics":["Burning Blood","Akabeko","Golden Idol","Eternal Feather","Bronze Scales","Astrolabe","MutagenicStrength","Vajra","Anchor"],"potions_floor_usage":[16,16,33,33],"damage_taken":[{"damage":7.0,"enemies":"Small Slimes","floor":1.0,"turns":2.0},{"damage":9.0,"enemies":"2 Louse","floor":3.0,"turns":3.0},{"damage":0.0,"enemies":"Cultist","floor":5.0,"turns":2.0},{"damage":58.0,"enemies":"Lagavulin","floor":7.0,"turns":7.0},{"damage":0.0,"enemies":"Looter","floor":10.0,"turns":3.0},{"damage":8.0,"enemies":"Large Slime","floor":13.0,"turns":6.0},{"damage":6.0,"enemies":"Exordium Wildlife","floor":14.0,"turns":3.0},{"damage":49,"enemies":"Hexaghost","floor":16,"turns":10},{"damage":22,"enemies":"Spheric Guardian","floor":18,"turns":9},{"damage":0,"enemies":"Chosen","floor":21,"turns":6},{"damage":61,"enemies":"Slavers","floor":23,"turns":11},{"damage":0,"enemies":"3 Cultists","floor":25,"turns":7},{"damage":6,"enemies":"Shelled Parasite and Fungi","floor":27,"turns":6},{"damage":0,"enemies":"Snecko","floor":29,"turns":9},{"damage":6,"enemies":"Centurion and Healer","floor":30,"turns":14},{"damage":6,"enemies":"3 Cultists","floor":31,"turns":7},{"damage":53,"enemies":"Automaton","floor":33,"turns":28}],"seed_played":"-389261041782832200","potions_obtained":[{"floor":3.0,"key":"Dexterity Potion"},{"floor":10.0,"key":"PowerPotion"},{"floor":16,"key":"GamblersBrew"},{"floor":21,"key":"Weak Potion"},{"floor":27,"key":"Block Potion"}],"is_trial":false,"path_per_floor":["M","?","M","$","M","R","E","?","T","M","$","R","M","M","R","B",null,"M","$","?","M","?","E","?","M","T","M","$","M","M","M","R","B"],"character_chosen":"IRONCLAD","items_purchased":["Flash of Steel","Flash of Steel"],"campfire_rested":1,"item_purchase_floors":[4,19],"current_hp_per_floor":[79,59,56,56,62,62,10,10,10,16,16,46,44,44,50,7,80,64,64,80,80,80,25,25,31,31,31,31,37,37,37,43,0],"gold":171,"neow_bonus":"RANDOM_COMMON_RELIC","is_prod":false,"is_daily":false,"chose_seed":false,"campfire_upgraded":3,"win_rate":0,"timestamp":1571820863,"path_taken":["M","?","M","$","M","R","E","?","T","M","$","R","?","M","R","BOSS","M","$","?","M","?","E","?","M","T","M","$","?","M","M","R","BOSS"],"build_version":"2019-10-22","purchased_purges":2,"victory":false,"max_hp_per_floor":[80,80,80,80,80,80,80,80,80,80,80,80,80,80,80,80,80,80,80,80,80,80,80,80,80,80,80,80,80,80,80,80,80],"card_choices":[{"not_picked":["True Grit","Body Slam","Entrench"],"picked":"SKIP","floor":1.0},{"not_picked":["Searing Blow","Pommel Strike","Perfected Strike"],"picked":"SKIP","floor":3.0},{"not_picked":["Armaments","Twin Strike","Sentinel"],"picked":"SKIP","floor":5.0},{"not_picked":["Uppercut","Iron Wave","Warcry"],"picked":"SKIP","floor":7.0},{"not_picked":["True Grit","Blood for Blood","Barricade"],"picked":"SKIP","floor":10.0},{"not_picked":["Sword Boomerang","Heavy Blade","Iron Wave"],"picked":"SKIP","floor":13.0},{"not_picked":["Seeing Red","Shockwave","Sword Boomerang"],"picked":"SKIP","floor":14.0},{"not_picked":["Wild Strike+1","Perfected Strike+1","Heavy Blade"],"picked":"SKIP","floor":18},{"not_picked":["Warcry","Evolve+1","Perfected Strike+1"],"picked":"SKIP","floor":21},{"not_picked":["Burning Pact+1","Battle Trance","Infernal Blade"],"picked":"SKIP","floor":23},{"not_picked":["Warcry+1","Flex+1","Infernal Blade+1"],"picked":"SKIP","floor":25},{"not_picked":["Body Slam+1","Shrug It Off","Uppercut"],"picked":"SKIP","floor":27},{"not_picked":["Perfected Strike","Seeing Red+1","Shrug It Off"],"picked":"SKIP","floor":29},{"not_picked":["Clash","Blood for Blood+1","Body Slam"],"picked":"SKIP","floor":30},{"not_picked":["Havoc","Wild Strike+1","Heavy Blade"],"picked":"SKIP","floor":31}],"player_experience":755637,"relics_obtained":[{"floor":7.0,"key":"Eternal Feather"},{"floor":9.0,"key":"Bronze Scales"},{"floor":23,"key":"Vajra"},{"floor":26,"key":"Anchor"}],"event_choices":[{"damage_healed":0.0,"max_hp_gain":0.0,"max_hp_loss":0.0,"gold_gain":0.0,"event_name":"Golden Idol","player_choice":"Take Damage","floor":2.0,"gold_loss":0.0,"damage_taken":20.0,"relics_obtained":["Golden Idol"]},{"damage_healed":0.0,"max_hp_gain":0.0,"max_hp_loss":0.0,"gold_gain":0.0,"event_name":"The Woman in Blue","player_choice":"Bought 0 Potions","floor":8.0,"gold_loss":0.0,"damage_taken":0.0},{"damage_healed":26,"gold_gain":0,"player_choice":"Heal","damage_taken":0,"max_hp_gain":0,"max_hp_loss":0,"event_name":"The Library","floor":20,"gold_loss":0},{"damage_healed":0,"gold_gain":0,"player_choice":"Inject Mutagens","damage_taken":0,"relics_obtained":["MutagenicStrength"],"max_hp_gain":0,"max_hp_loss":0,"event_name":"Drug Dealer","floor":22,"gold_loss":0}],"is_beta":true,"boss_relics":[{"not_picked":["Snecko Eye","SacredBark"],"picked":"Astrolabe"}],"items_purged_floors":[11,19],"is_endless":false,"potions_floor_spawned":[3,10,16,21,27,30],"killed_by":"Automaton","ascension_level":0}