{"gold_per_floor":[118,130,130,55,75,75,0,0,0,0,27,37,65,76,76,155,155,165,177,21,21,34,34,45,56,109,109,120,120,136,148,148,221,221,238,248,248,348,17,17,32,52,52,69,89,0,46,46,46,46,46],"floor_reached":52,"playtime":3532,"items_purged":["Strike_B"],"score":1761,"play_id":"7f1a7fd9-a42b-4418-992d-76d255250e2c","local_time":"20191024235005","is_ascension_mode":true,"campfire_choices":[{"data":"Streamline","floor":6.0,"key":"SMITH"},{"data":"Coolheaded","floor":15.0,"key":"SMITH"},{"data":"Loop","floor":23.0,"key":"SMITH"},{"data":"Biased Cognition","floor":27.0,"key":"SMITH"},{"data":"Self Repair","floor":29.0,"key":"SMITH"},{"floor":32.0,"key":"REST"},{"data":"Echo Form","floor":40.0,"key":"SMITH"},{"data":"Biased Cognition","floor":49.0,"key":"SMITH"}],"neow_cost":"NONE","seed_source_timestamp":7567284010747,"circlet_count":0,"master_deck":["AscendersBane","Zap+1","Dualcast","Sweeping Beam","Streamline+1","FTL","Leap","Leap","Ball Lightning","Core Surge","Coolheaded+1","Biased Cognition+1","Force Field+1","Tempest+1","Force Field+1","Self Repair+1","Heatsinks","Loop+1","Chill","White Noise+1","Amplify","Echo Form+1","Glacier","Redo+1","Biased Cognition+1","Coolheaded+1"],"special_seed":0,"relics":["Empty Cage","The Courier","Unceasing Top","Matryoshka","Astrolabe","MutagenicStrength","Juzu Bracelet","Orichalcum","Snecko Eye","Shovel","FossilizedHelix","Anchor","Pen Nib","Red Mask","Ancient Tea Set"],"potions_floor_usage":[51],"damage_taken":[{"damage":4.0,"enemies":"Jaw Worm","floor":1.0,"turns":4.0},{"damage":2.0,"enemies":"2 Louse","floor":2.0,"turns":3.0},{"damage":0.0,"enemies":"Small Slimes","floor":5.0,"turns":2.0},{"damage":12.0,"enemies":"Lagavulin","floor":11.0,"turns":5.0},{"damage":0.0,"enemies":"3 Louse","floor":12.0,"turns":3.0},{"damage":11.0,"enemies":"Gremlin Nob","floor":13.0,"turns":3.0},{"damage":6.0,"enemies":"Lots of Slimes","floor":14.0,"turns":5.0},{"damage":6.0,"enemies":"The Guardian","floor":16.0,"turns":10.0},{"damage":14.0,"enemies":"3 Byrds","floor":18.0,"turns":4.0},{"damage":24.0,"enemies":"Spheric Guardian","floor":19.0,"turns":4.0},{"damage":3.0,"enemies":"Centurion and Healer","floor":22.0,"turns":8.0},{"damage":12.0,"enemies":"Snake Plant","floor":24.0,"turns":4.0},{"damage":18.0,"enemies":"Shelled Parasite and Fungi","floor":25.0,"turns":6.0},{"damage":0.0,"enemies":"3 Cultists","floor":28.0,"turns":5.0},{"damage":0.0,"enemies":"Snecko","floor":30.0,"turns":6.0},{"damage":28.0,"enemies":"Snake Plant","floor":31.0,"turns":5.0},{"damage":25.0,"enemies":"Champ","floor":33.0,"turns":13.0},{"damage":14.0,"enemies":"3 Shapes","floor":35.0,"turns":5.0},{"damage":0.0,"enemies":"Orb Walker","floor":36.0,"turns":3.0},{"damage":0.0,"enemies":"Mind Bloom Boss Battle","floor":38.0,"turns":7.0},{"damage":0.0,"enemies":"Maw","floor":41.0,"turns":10.0},{"damage":9.0,"enemies":"Writhing Mass","floor":42.0,"turns":10.0},{"damage":0.0,"enemies":"Sphere and 2 Shapes","floor":44.0,"turns":7.0},{"damage":0.0,"enemies":"Transient","floor":45.0,"turns":6.0},{"damage":0.0,"enemies":"Time Eater","floor":50.0,"turns":14.0},{"damage":15,"enemies":"Donu and Deca","floor":51,"turns":11}],"seed_played":"6175304787590169720","potions_obtained":[{"floor":1.0,"key":"AttackPotion"},{"floor":12.0,"key":"FearPotion"},{"floor":13.0,"key":"PowerPotion"},{"floor":14.0,"key":"Weak Potion"},{"floor":22.0,"key":"PowerPotion"},{"floor":28.0,"key":"Fire Potion"},{"floor":30.0,"key":"Regen Potion"},{"floor":33.0,"key":"FearPotion"},{"floor":36.0,"key":"Explosive Potion"},{"floor":44.0,"key":"PowerPotion"},{"floor":45.0,"key":"AttackPotion"}],"is_trial":false,"path_per_floor":["M","M","?","?","M","R","$","?","T","?","E","M","E","M","R","B",null,"M","M","$","?","M","R","M","M","T","R","M","R","M","M","R","B",null,"M","M","?","?","$","R","M","M","T","M","M","?","T","$","R","B","B",null],"character_chosen":"DEFECT","items_purchased":["Heatsinks","Loop","Chill","FossilizedHelix","Ancient Potion"],"campfire_rested":1,"item_purchase_floors":[20,20,20,39,39],"current_hp_per_floor":[60,58,63,63,63,63,63,63,63,63,51,51,40,34,34,28,64,50,33,33,33,37,37,32,21,21,21,28,28,38,20,42,42,68,64,64,64,74,74,74,74,75,75,76,76,76,76,76,76,76,71],"gold":46,"neow_bonus":"BOSS_RELIC","is_prod":false,"is_daily":false,"chose_seed":false,"campfire_upgraded":7,"win_rate":0,"timestamp":1571979005,"path_taken":["M","M","?","?","M","R","$","?","T","?","E","?","E","M","R","BOSS","M","M","$","?","M","R","M","M","T","R","M","R","M","M","R","BOSS","M","M","?","?","$","R","M","M","T","M","M","?","?","?","R","BOSS","BOSS"],"build_version":"2019-07-17","purchased_purges":1,"victory":true,"max_hp_per_floor":[71,71,76,76,76,76,76,76,76,76,76,76,76,76,76,76,76,76,76,76,76,76,76,76,76,76,76,76,76,76,76,76,76,76,76,76,76,76,76,76,76,76,76,76,76,76,76,76,76,76,76],"card_choices":[{"not_picked":["Doom and Gloom","Storm"],"picked":"Sweeping Beam","floor":1.0},{"not_picked":["Sweeping Beam","Darkness"],"picked":"Streamline","floor":2.0},{"not_picked":["Reprogram","Steam Power"],"picked":"FTL","floor":5.0},{"not_picked":["Hologram","Beam Cell"],"picked":"Leap","floor":11.0},{"not_picked":["Turbo","Hologram"],"picked":"Ball Lightning","floor":12.0},{"not_picked":["Darkness","Ball Lightning"],"picked":"Core Surge","floor":13.0},{"not_picked":["Doom and Gloom","Hologram"],"picked":"Coolheaded","floor":14.0},{"not_picked":["Seek","All For One"],"picked":"Biased Cognition","floor":16.0},{"not_picked":["Gash","Genetic Algorithm+1"],"picked":"Self Repair","floor":18.0},{"not_picked":["Hologram","Rebound","Ball Lightning"],"picked":"SKIP","floor":19.0},{"not_picked":["Blizzard","Compile Driver+1","Rip and Tear"],"picked":"SKIP","floor":22.0},{"not_picked":["Go for the Eyes","Stack","Sweeping Beam"],"picked":"SKIP","floor":24.0},{"not_picked":["Cold Snap","Reinforced Body+1"],"picked":"White Noise+1","floor":25.0},{"not_picked":["Streamline","Gash","Creative AI"],"picked":"SKIP","floor":28.0},{"not_picked":["Stack","Redo","Turbo"],"picked":"SKIP","floor":30.0},{"not_picked":["Coolheaded","Barrage+1"],"picked":"Amplify","floor":31.0},{"not_picked":["Multi-Cast","Meteor Strike"],"picked":"Echo Form","floor":33.0},{"not_picked":["Gash","Blizzard","Conserve Battery"],"picked":"SKIP","floor":35.0},{"not_picked":["Fusion","Consume"],"picked":"Glacier","floor":36.0},{"not_picked":["Gash+1","Barrage"],"picked":"Redo+1","floor":38.0},{"not_picked":["Consume","Barrage","Gash"],"picked":"SKIP","floor":41.0},{"not_picked":["Leap","Barrage","Turbo"],"picked":"SKIP","floor":42.0},{"not_picked":["Redo","Rebound"],"picked":"Biased Cognition","floor":44.0},{"not_picked":["Tempest","Gash+1"],"picked":"Coolheaded+1","floor":45.0}],"player_experience":346853,"relics_obtained":[{"floor":9.0,"key":"The Courier"},{"floor":11.0,"key":"Unceasing Top"},{"floor":13.0,"key":"Matryoshka"},{"floor":26.0,"key":"Juzu Bracelet"},{"floor":26.0,"key":"Orichalcum"},{"floor":38.0,"key":"Shovel"},{"floor":43.0,"key":"Anchor"},{"floor":43.0,"key":"Pen Nib"},{"floor":47.0,"key":"Ancient Tea Set"}],"event_choices":[{"damage_healed":0.0,"max_hp_gain":5.0,"max_hp_loss":0.0,"gold_gain":0.0,"event_name":"Big Fish","player_choice":"Donut","floor":3.0,"gold_loss":0.0,"damage_taken":0.0},{"cards_removed":["Strike_B"],"damage_healed":0.0,"max_hp_gain":0.0,"max_hp_loss":0.0,"gold_gain":0.0,"event_name":"The Cleric","player_choice":"Card Removal","floor":4.0,"gold_loss":75.0,"damage_taken":0.0},{"damage_healed":0.0,"max_hp_gain":0.0,"max_hp_loss":0.0,"gold_gain":0.0,"event_name":"Living Wall","player_choice":"Grow","floor":8.0,"gold_loss":0.0,"damage_taken":0.0,"cards_upgraded":["Zap"]},{"damage_healed":0.0,"max_hp_gain":0.0,"max_hp_loss":0.0,"gold_gain":0.0,"cards_transformed":["Defend_B"],"event_name":"Transmorgrifier","player_choice":"Transformed","floor":10.0,"gold_loss":0.0,"damage_taken":0.0,"cards_obtained":["Leap"]},{"damage_healed":0.0,"max_hp_gain":0.0,"max_hp_loss":0.0,"gold_gain":0.0,"event_name":"Drug Dealer","player_choice":"Inject Mutagens","floor":21.0,"gold_loss":0.0,"damage_taken":0.0,"relics_obtained":["MutagenicStrength"]},{"damage_healed":0.0,"max_hp_gain":0.0,"max_hp_loss":0.0,"gold_gain":0.0,"event_name":"Mysterious Sphere","player_choice":"Ignored","floor":37.0,"gold_loss":0.0,"damage_taken":0.0},{"damage_healed":0.0,"max_hp_gain":0.0,"max_hp_loss":0.0,"gold_gain":0.0,"event_name":"MindBloom","player_choice":"Fight","floor":38.0,"gold_loss":0.0,"damage_taken":0.0},{"damage_healed":0.0,"max_hp_gain":0.0,"max_hp_loss":0.0,"gold_gain":0.0,"event_name":"Tomb of Lord Red Mask","player_choice":"Paid","floor":46.0,"gold_loss":89.0,"damage_taken":0.0,"relics_obtained":["Red Mask"]}],"is_beta":false,"boss_relics":[{"not_picked":["Orrery","Philosopher\u0027s Stone"],"picked":"Astrolabe"},{"not_picked":["Pandora\u0027s Box","Runic Pyramid"],"picked":"Snecko Eye"}],"items_purged_floors":[7],"is_endless":false,"potions_floor_spawned":[1,12,13,14,16,22,28,30,33,36,44,45],"ascension_level":20}