{"gold_per_floor":[114,127,52,28,128,153,153,179,202,202,233,252,327,339,339,339],"floor_reached":16,"playtime":562,"items_purged":["Strike_R"],"score":148,"play_id":"9528fa03-b8ab-4cf3-97ac-b2c03e150d25","local_time":"20190610162353","is_ascension_mode":true,"campfire_choices":[{"data":"Bash","floor":7,"key":"SMITH"},{"floor":10,"key":"REST"},{"floor":15,"key":"REST"}],"neow_cost":"NONE","seed_source_timestamp":104550305756900,"circlet_count":0,"master_deck":["Strike_R","Strike_R","Strike_R","Strike_R","Defend_R","Defend_R","Defend_R","Defend_R","Bash+1","Flex","Shrug It Off","Headbutt"],"relics":["Burning Blood","Red Skull","Centennial Puzzle","Juzu Bracelet"],"potions_floor_usage":[8,14,16],"damage_taken":[{"damage":6,"enemies":"Cultist","floor":1,"turns":4},{"damage":6,"enemies":"2 Louse","floor":2,"turns":3},{"damage":64,"enemies":"Gremlin Nob","floor":6,"turns":6},{"damage":27,"enemies":"Lagavulin","floor":8,"turns":5},{"damage":20,"enemies":"3 Sentries","floor":11,"turns":7},{"damage":4,"enemies":"Small Slimes","floor":12,"turns":2},{"damage":10,"enemies":"2 Fungi Beasts","floor":14,"turns":3},{"damage":44,"enemies":"Hexaghost","floor":16,"turns":9}],"seed_played":"8846812461232616711","potions_obtained":[{"floor":6,"key":"Explosive Potion"},{"floor":11,"key":"Ancient Potion"},{"floor":14,"key":"BloodPotion"}],"is_trial":false,"path_per_floor":["M","M","$","$","?","E","R","E","T","R","E","M","?","M","R","B"],"character_chosen":"IRONCLAD","items_purchased":["Shrug It Off"],"campfire_rested":2,"item_purchase_floors":[4],"current_hp_per_floor":[88,88,88,88,88,30,30,9,9,35,21,23,12,8,34,0],"gold":339,"neow_bonus":"TEN_PERCENT_HP_BONUS","is_prod":false,"is_daily":false,"chose_seed":false,"campfire_upgraded":1,"win_rate":0,"timestamp":1560176633,"path_taken":["M","M","?","$","?","E","R","E","T","R","E","M","?","M","R","BOSS"],"build_version":"2019-01-23","purchased_purges":1,"victory":false,"max_hp_per_floor":[88,88,88,88,88,88,88,88,88,88,88,88,88,88,88,88],"card_choices":[{"not_picked":["Shrug It Off","Rupture"],"picked":"Flex","floor":1},{"not_picked":["Twin Strike","Anger","Warcry"],"picked":"SKIP","floor":2},{"not_picked":["Rage","Twin Strike"],"picked":"Headbutt","floor":6},{"not_picked":["Flex","Brutality","Combust"],"picked":"SKIP","floor":8},{"not_picked":["Iron Wave","Pommel Strike","Battle Trance"],"picked":"SKIP","floor":11},{"not_picked":["Twin Strike","Clothesline","Headbutt"],"picked":"SKIP","floor":12},{"not_picked":["Combust","Hemokinesis","Twin Strike"],"picked":"SKIP","floor":14}],"player_experience":190388,"relics_obtained":[{"floor":6,"key":"Red Skull"},{"floor":8,"key":"Centennial Puzzle"},{"floor":11,"key":"Juzu Bracelet"}],"event_choices":[{"damage_healed":0,"gold_gain":100,"player_choice":"Pray","damage_taken":0,"max_hp_gain":0,"max_hp_loss":0,"event_name":"Golden Shrine","floor":5,"gold_loss":0},{"damage_healed":0,"gold_gain":75,"player_choice":"Gather Gold","damage_taken":11,"max_hp_gain":0,"max_hp_loss":0,"event_name":"World of Goop","floor":13,"gold_loss":0}],"is_beta":false,"boss_relics":[],"items_purged_floors":[3],"is_endless":false,"potions_floor_spawned":[6,11,14],"killed_by":"Hexaghost","ascension_level":5}