{"gold_per_floor":[110,71,88,88,8,8,46,64,64,64,89,89,103,103],"floor_reached":14,"playtime":496,"items_purged":[],"score":135,"play_id":"8e6fe8d0-7421-45ac-99d0-9d702130f921","local_time":"20190419122437","is_ascension_mode":true,"campfire_choices":[{"floor":6,"key":"REST"},{"data":"Cloak And Dagger","floor":10,"key":"SMITH"}],"neow_cost":"NONE","seed_source_timestamp":755114793390720,"circlet_count":0,"master_deck":["AscendersBane","Defend_G","Defend_G","Defend_G","Defend_G","Defend_G","Strike_G","Strike_G","Strike_G","Strike_G","Strike_G","Survivor","Neutralize","Footwork","Footwork","Cloak And Dagger+1","Footwork","Infinite Blades","Infinite Blades","Cloak And Dagger"],"relics":["Ring of the Snake","Golden Idol","Letter Opener","Dodecahedron"],"potions_floor_usage":[],"damage_taken":[{"damage":2,"enemies":"Small Slimes","floor":1,"turns":4},{"damage":5,"enemies":"Jaw Worm","floor":3,"turns":5},{"damage":35,"enemies":"3 Sentries","floor":7,"turns":18},{"damage":0,"enemies":"2 Louse","floor":8,"turns":4},{"damage":0,"enemies":"2 Fungi Beasts","floor":11,"turns":6},{"damage":19,"enemies":"Exordium Thugs","floor":13,"turns":8},{"damage":13,"enemies":"Lots of Slimes","floor":14,"turns":2}],"seed_played":"-703313634513485813","potions_obtained":[{"floor":1,"key":"SteroidPotion"},{"floor":3,"key":"LiquidBronze"},{"floor":11,"key":"EssenceOfSteel"}],"is_trial":false,"path_per_floor":["M","$","M","?","$","R","E","M","T","R","M","?","M","M"],"character_chosen":"THE_SILENT","items_purchased":["Footwork","Footwork"],"campfire_rested":1,"item_purchase_floors":[2,5],"current_hp_per_floor":[68,68,63,44,44,67,32,32,32,32,32,32,13,0],"gold":103,"neow_bonus":"TEN_PERCENT_HP_BONUS","is_prod":false,"is_daily":false,"chose_seed":false,"campfire_upgraded":1,"win_rate":0,"timestamp":1555669477,"path_taken":["M","$","M","?","$","R","E","M","T","R","M","?","M","M"],"build_version":"2019-01-23","purchased_purges":0,"victory":false,"max_hp_per_floor":[77,77,77,77,77,77,77,77,77,77,77,77,77,77],"card_choices":[{"not_picked":["Backflip","Dagger Spray"],"picked":"Footwork","floor":1},{"not_picked":["Dodge and Roll","Deflect"],"picked":"Cloak And Dagger","floor":3},{"not_picked":["Dagger Throw","Terror"],"picked":"Infinite Blades","floor":7},{"not_picked":["Dodge and Roll","Backstab","Terror"],"picked":"SKIP","floor":8},{"not_picked":["Backstab","Tactician"],"picked":"Infinite Blades","floor":11},{"not_picked":["Outmaneuver","Dagger Spray"],"picked":"Cloak And Dagger","floor":13}],"player_experience":423837,"relics_obtained":[{"floor":7,"key":"Letter Opener"},{"floor":9,"key":"Dodecahedron"}],"event_choices":[{"damage_healed":0,"gold_gain":0,"player_choice":"Take Damage","damage_taken":19,"relics_obtained":["Golden Idol"],"max_hp_gain":0,"max_hp_loss":0,"event_name":"Golden Idol","floor":4,"gold_loss":0},{"damage_healed":0,"gold_gain":0,"player_choice":"Ignored","damage_taken":0,"max_hp_gain":0,"max_hp_loss":0,"event_name":"Liars Game","floor":12,"gold_loss":0}],"is_beta":false,"boss_relics":[],"items_purged_floors":[],"is_endless":false,"potions_floor_spawned":[1,3,11],"killed_by":"Lots of Slimes","ascension_level":10}