{"gold_per_floor":[122,154,116,128,153,165,206,235,247,290,302,334,421,453,465,579,591,617,629,659,671],"floor_reached":21,"playtime":1170,"items_purged":[],"score":312,"play_id":"7f4083ac-322b-4eb3-ad00-8e187619d063","local_time":"20191012202247","is_ascension_mode":true,"campfire_choices":[{"data":"Neutralize","floor":6.0,"key":"SMITH"},{"floor":11.0,"key":"REST"},{"data":"Prepared","floor":15.0,"key":"SMITH"}],"neow_cost":"NONE","seed_source_timestamp":159217490558800,"circlet_count":0,"master_deck":["AscendersBane","Strike_G","Strike_G","Defend_G","Defend_G","Defend_G","Defend_G","Defend_G","Survivor","Neutralize+1","Deadly Poison","Prepared+1","Deadly Poison","PiercingWail","Adrenaline","Adrenaline","Backflip"],"special_seed":0,"relics":["Ring of the Snake","MawBank","StoneCalendar","Pocketwatch","Pear","Empty Cage"],"potions_floor_usage":[21,21],"damage_taken":[{"damage":5.0,"enemies":"Cultist","floor":1.0,"turns":6.0},{"damage":6.0,"enemies":"2 Louse","floor":2.0,"turns":4.0},{"damage":1.0,"enemies":"Small Slimes","floor":5.0,"turns":5.0},{"damage":15.0,"enemies":"3 Sentries","floor":7.0,"turns":11.0},{"damage":5.0,"enemies":"Looter","floor":8.0,"turns":4.0},{"damage":27.0,"enemies":"Gremlin Nob","floor":10.0,"turns":5.0},{"damage":1.0,"enemies":"Red Slaver","floor":12.0,"turns":4.0},{"damage":1.0,"enemies":"Blue Slaver","floor":14.0,"turns":5.0},{"damage":14.0,"enemies":"The Guardian","floor":16.0,"turns":11.0},{"damage":19.0,"enemies":"3 Byrds","floor":18.0,"turns":7.0},{"damage":0.0,"enemies":"Chosen","floor":20.0,"turns":6.0},{"damage":42,"enemies":"Masked Bandits","floor":21,"turns":5}],"seed_played":"300992831698585239","potions_obtained":[{"floor":1.0,"key":"CunningPotion"},{"floor":5.0,"key":"EssenceOfSteel"},{"floor":7.0,"key":"Poison Potion"},{"floor":12.0,"key":"Energy Potion"},{"floor":16.0,"key":"Energy Potion"},{"floor":18.0,"key":"Dexterity Potion"}],"is_trial":false,"path_per_floor":["M","M","?","?","M","R","E","M","T","E","R","M","?","M","R","B",null,"M","?","M","?"],"character_chosen":"THE_SILENT","items_purchased":[],"campfire_rested":1,"item_purchase_floors":[],"current_hp_per_floor":[58,52,52,52,51,51,36,31,31,14,38,37,26,25,25,11,63,44,29,29,0],"gold":671,"neow_bonus":"RANDOM_COMMON_RELIC","is_prod":false,"is_daily":false,"chose_seed":false,"campfire_upgraded":2,"win_rate":0,"timestamp":1570879367,"path_taken":["M","M","?","?","M","R","E","M","T","E","R","M","?","M","R","BOSS","M","?","M","?"],"build_version":"2019-10-11","purchased_purges":0,"victory":false,"max_hp_per_floor":[70,70,70,70,70,70,70,70,70,80,80,80,80,80,80,80,80,80,85,85,85],"card_choices":[{"not_picked":["Bane","Sucker Punch"],"picked":"Deadly Poison","floor":1.0},{"not_picked":["Flechettes","Bane"],"picked":"Prepared","floor":2.0},{"not_picked":["Expertise","Blade Dance"],"picked":"Deadly Poison","floor":5.0},{"not_picked":["Underhanded Strike","Flying Knee","Bane"],"picked":"SKIP","floor":7.0},{"not_picked":["Outmaneuver","Distraction"],"picked":"PiercingWail","floor":8.0},{"not_picked":["All Out Attack","Bouncing Flask"],"picked":"Adrenaline","floor":10.0},{"not_picked":["Acrobatics","Underhanded Strike","Prepared"],"picked":"SKIP","floor":12.0},{"not_picked":["Bouncing Flask","Outmaneuver","Bane"],"picked":"SKIP","floor":14.0},{"not_picked":["Phantasmal Killer","Doppelganger"],"picked":"Adrenaline","floor":16.0},{"not_picked":["Dagger Throw","Leg Sweep","Underhanded Strike"],"picked":"SKIP","floor":18.0},{"not_picked":["Acrobatics","Deadly Poison+1"],"picked":"Backflip","floor":20.0}],"player_experience":666064,"relics_obtained":[{"floor":7.0,"key":"StoneCalendar"},{"floor":9.0,"key":"Pocketwatch"},{"floor":10.0,"key":"Pear"}],"event_choices":[{"cards_removed":["Strike_G"],"damage_healed":0.0,"max_hp_gain":0.0,"max_hp_loss":0.0,"gold_gain":0.0,"event_name":"The Cleric","player_choice":"Card Removal","floor":3.0,"gold_loss":50.0,"damage_taken":0.0},{"damage_healed":0.0,"max_hp_gain":0.0,"max_hp_loss":0.0,"gold_gain":0.0,"event_name":"Liars Game","player_choice":"Ignored","floor":4.0,"gold_loss":0.0,"damage_taken":0.0},{"damage_healed":0.0,"max_hp_gain":0.0,"max_hp_loss":0.0,"gold_gain":75.0,"event_name":"World of Goop","player_choice":"Gather Gold","floor":13.0,"gold_loss":0.0,"damage_taken":11.0},{"damage_healed":0.0,"max_hp_gain":5.0,"max_hp_loss":0.0,"gold_gain":0.0,"event_name":"Forgotten Altar","player_choice":"Shed Blood","floor":19.0,"gold_loss":0.0,"damage_taken":20.0},{"damage_healed":0,"gold_gain":0,"player_choice":"Fought Bandits","damage_taken":0,"max_hp_gain":0,"max_hp_loss":0,"event_name":"Masked Bandits","floor":21,"gold_loss":0}],"is_beta":true,"boss_relics":[{"not_picked":["Philosopher\u0027s Stone","Velvet Choker"],"picked":"Empty Cage"}],"items_purged_floors":[],"is_endless":false,"potions_floor_spawned":[1,5,7,12,16,18],"killed_by":"Masked Bandits","ascension_level":10}