{"gold_per_floor":[99,99,99,99,99,99,99,99,99,69],"floor_reached":10,"playtime":553,"items_purged":[],"score":90,"play_id":"6c7b8df4-7dd2-4432-b019-2f25b9d1c3ff","local_time":"20190915162858","is_ascension_mode":true,"campfire_choices":[{"data":"Conclude","floor":7,"key":"SMITH"}],"neow_cost":"NONE","seed_source_timestamp":0,"circlet_count":0,"master_deck":["Strike_P","Strike_P","Strike_P","Defend_P","Defend_P","Defend_P","Defend_P","Eruption","Vigilance","EmptyMind","Conclude+1","Prostrate","Prostrate","Devotion","BowlingBash"],"special_seed":0,"relics":["Ectoplasm","InkBottle","Blood Vial","Juzu Bracelet"],"potions_floor_usage":[8],"damage_taken":[{"damage":0.0,"enemies":"Jaw Worm","floor":1.0,"turns":2.0},{"damage":0.0,"enemies":"Cultist","floor":3.0,"turns":3.0},{"damage":3.0,"enemies":"Small Slimes","floor":4.0,"turns":2.0},{"damage":0.0,"enemies":"3 Louse","floor":5.0,"turns":2.0},{"damage":13,"enemies":"3 Sentries","floor":6,"turns":11},{"damage":28,"enemies":"Gremlin Nob","floor":8,"turns":5},{"damage":26,"enemies":"Exordium Thugs","floor":10,"turns":2}],"seed_played":"-2360731914043587998","potions_obtained":[{"floor":3.0,"key":"Fire Potion"},{"floor":6,"key":"StancePotion"}],"is_trial":false,"path_per_floor":["M","?","M","M","M","E","R","E","T","M"],"character_chosen":"WATCHER","items_purchased":[],"campfire_rested":0,"item_purchase_floors":[],"current_hp_per_floor":[65,65,65,62,62,49,49,21,21,0],"gold":69,"neow_bonus":"BOSS_RELIC","is_prod":false,"is_daily":false,"chose_seed":false,"campfire_upgraded":1,"win_rate":0,"timestamp":1568557738,"path_taken":["M","?","M","?","M","E","R","E","T","M"],"build_version":"2019-09-12","purchased_purges":0,"victory":false,"max_hp_per_floor":[65,65,65,65,65,65,65,65,65,65],"card_choices":[{"not_picked":["Halt","SpiritShield"],"picked":"EmptyMind","floor":1.0},{"not_picked":["CutThroughFate","MentalFortress"],"picked":"Conclude","floor":3.0},{"not_picked":["EmptyFist","Weave"],"picked":"Prostrate","floor":4.0},{"not_picked":["CrushJoints","EmptyBody"],"picked":"Prostrate","floor":5.0},{"not_picked":["Weave","Wireheading"],"picked":"Devotion","floor":6},{"not_picked":["Conclude","CrushJoints"],"picked":"BowlingBash","floor":8}],"player_experience":458114,"relics_obtained":[{"floor":6,"key":"InkBottle"},{"floor":8,"key":"Blood Vial"},{"floor":9,"key":"Juzu Bracelet"}],"event_choices":[{"cards_removed":["Strike_P"],"damage_healed":0.0,"max_hp_gain":0.0,"max_hp_loss":0.0,"gold_gain":0.0,"event_name":"Bonfire Elementals","player_choice":"Offered Basic","floor":2.0,"gold_loss":0.0,"damage_taken":0.0}],"is_beta":true,"boss_relics":[],"items_purged_floors":[],"is_endless":false,"potions_floor_spawned":[3,6],"killed_by":"Exordium Thugs","ascension_level":3}