{"gold_per_floor":[114,114,64,79,94,94,124,124,149,180,180,180,180,195,195,295,295,310,325,325,340,355,355,385,385,385,415,430,460,460,385,385,485,485,500,425,425,440,455,485,485,485,510,540,555,585,600,615,615,615],"floor_reached":51,"playtime":2421,"items_purged":["Fiend Fire"],"score":970,"play_id":"5985ad33-bd00-4056-bb5f-c55503d0753c","local_time":"20190920163108","daily_mods":["Shiny","Time Dilation","Binary"],"is_ascension_mode":false,"campfire_choices":[{"data":"Offering","floor":6,"key":"SMITH"},{"data":"Feed","floor":8,"key":"SMITH"},{"data":"Demon Form","floor":11,"key":"SMITH"},{"data":"Barricade","floor":13,"key":"SMITH"},{"data":"Bludgeon","floor":15,"key":"SMITH"},{"data":"Armaments","floor":23,"key":"SMITH"},{"data":"Limit Break","floor":32,"key":"SMITH"},{"data":"J.A.X.","floor":41,"key":"SMITH"},{"data":"Reaper","floor":49,"key":"SMITH"}],"neow_cost":"","seed_source_timestamp":0,"circlet_count":0,"master_deck":["Double Tap","Demon Form+1","Bludgeon+1","Feed+1","Limit Break+1","Barricade+1","Berserk","Impervious+1","Juggernaut","Brutality","Reaper+1","Exhume","Offering+1","Feel No Pain","Armaments+1","Offering+1","J.A.X.+1","Flex+1","Bloodletting+1"],"special_seed":18159,"relics":["Burning Blood","Sundial","Orichalcum","Lantern","Gremlin Horn","Sozu","Juzu Bracelet","Mercury Hourglass","Peace Pipe","Blue Candle","Coffee Dripper","Centennial Puzzle","Blood Vial","War Paint","Oddly Smooth Stone"],"potions_floor_usage":[7,14,24,50],"damage_taken":[{"damage":12,"enemies":"Small Slimes","floor":1,"turns":3},{"damage":6,"enemies":"Jaw Worm","floor":4,"turns":1},{"damage":0,"enemies":"2 Louse","floor":5,"turns":1},{"damage":32,"enemies":"3 Sentries","floor":7,"turns":7},{"damage":19,"enemies":"Gremlin Nob","floor":10,"turns":3},{"damage":6,"enemies":"Looter","floor":14,"turns":1},{"damage":27,"enemies":"Hexaghost","floor":16,"turns":6},{"damage":6,"enemies":"Shell Parasite","floor":18,"turns":2},{"damage":16,"enemies":"Chosen","floor":19,"turns":3},{"damage":19,"enemies":"Snecko","floor":21,"turns":3},{"damage":15,"enemies":"Snake Plant","floor":22,"turns":4},{"damage":24,"enemies":"Book of Stabbing","floor":24,"turns":2},{"damage":16,"enemies":"Slavers","floor":27,"turns":3},{"damage":20,"enemies":"Centurion and Healer","floor":28,"turns":3},{"damage":40,"enemies":"Gremlin Leader","floor":29,"turns":3},{"damage":49,"enemies":"Automaton","floor":33,"turns":3},{"damage":38,"enemies":"3 Darklings","floor":35,"turns":5},{"damage":23,"enemies":"3 Shapes","floor":38,"turns":3},{"damage":24,"enemies":"Spire Growth","floor":39,"turns":1},{"damage":33,"enemies":"Reptomancer","floor":40,"turns":2},{"damage":27,"enemies":"Nemesis","floor":44,"turns":1},{"damage":30,"enemies":"Maw","floor":45,"turns":2},{"damage":30,"enemies":"Reptomancer","floor":46,"turns":1},{"damage":33,"enemies":"Jaw Worm Horde","floor":47,"turns":2},{"damage":27,"enemies":"3 Darklings","floor":48,"turns":1},{"damage":83,"enemies":"Awakened One","floor":50,"turns":3}],"seed_played":"7480235040815508770","potions_obtained":[{"floor":1,"key":"FearPotion"},{"floor":7,"key":"SkillPotion"},{"floor":10,"key":"Energy Potion"},{"floor":16,"key":"Fruit Juice"}],"is_trial":false,"path_per_floor":["M","?","?","M","M","R","E","R","T","?","R","T","R","M","R","B",null,"M","M","?","M","M","R","E","?","T","E","M","E","?","$","R","B",null,"M","$","?","M","M","E","R","?","T","E","M","E","M","M","R","B",null],"character_chosen":"IRONCLAD","items_purchased":["Bloodletting"],"campfire_rested":0,"item_purchase_floors":[36],"current_hp_per_floor":[77,82,82,90,91,91,71,71,71,62,62,62,62,71,71,109,109,113,113,113,118,125,125,112,112,112,102,134,100,100,100,100,106,138,138,138,131,139,121,139,139,139,139,118,139,143,143,143,143,93],"gold":615,"neow_bonus":"","is_prod":false,"is_daily":true,"chose_seed":false,"campfire_upgraded":9,"win_rate":0,"timestamp":1568989868,"path_taken":["M","?","?","M","M","R","E","R","T","?","R","?","R","M","R","BOSS","M","M","?","M","?","R","E","?","T","E","M","E","?","$","R","BOSS","M","$","?","M","M","E","R","?","T","E","M","E","M","M","R","BOSS"],"build_version":"2019-07-17","purchased_purges":1,"victory":true,"max_hp_per_floor":[83,88,88,91,91,91,97,97,97,101,101,101,101,105,105,109,109,113,117,117,121,125,125,130,130,130,130,134,134,134,134,134,138,138,138,138,131,139,139,139,139,139,139,139,139,143,143,143,143,143],"card_choices":[{"not_picked":["Carnage","Wild Strike"],"picked":"SKIP","floor":1},{"not_picked":["Reckless Charge","Havoc"],"picked":"SKIP","floor":4},{"not_picked":["Cleave"],"picked":"Feel No Pain","floor":5},{"not_picked":["Heavy Blade","Iron Wave"],"picked":"SKIP","floor":7},{"not_picked":["Thunderclap","Double Tap"],"picked":"SKIP","floor":14},{"not_picked":["Flex"],"picked":"Armaments","floor":18},{"not_picked":["Metallicize","Corruption"],"picked":"SKIP","floor":19},{"not_picked":["Rage+1","Entrench"],"picked":"SKIP","floor":21},{"not_picked":["Iron Wave+1","Power Through+1"],"picked":"SKIP","floor":22},{"not_picked":["Clothesline","Flex"],"picked":"SKIP","floor":24},{"not_picked":["Thunderclap","Pommel Strike"],"picked":"SKIP","floor":27},{"not_picked":["Flame Barrier","Flex+1"],"picked":"SKIP","floor":28},{"not_picked":["Flame Barrier"],"picked":"Flex+1","floor":28},{"not_picked":["Anger","Brutality"],"picked":"SKIP","floor":29},{"not_picked":["Iron Wave","Perfected Strike"],"picked":"SKIP","floor":35},{"not_picked":["Bloodletting","Cleave+1"],"picked":"SKIP","floor":38},{"not_picked":["Heavy Blade+1","Searing Blow"],"picked":"SKIP","floor":39},{"not_picked":["Fiend Fire","Intimidate"],"picked":"SKIP","floor":40},{"not_picked":["Body Slam","Fire Breathing+1"],"picked":"SKIP","floor":44},{"not_picked":["Sword Boomerang+1","Wild Strike+1"],"picked":"SKIP","floor":45},{"not_picked":["Perfected Strike+1","Anger"],"picked":"SKIP","floor":46},{"not_picked":["Pommel Strike+1","True Grit"],"picked":"SKIP","floor":47},{"not_picked":["Combust","Intimidate+1"],"picked":"SKIP","floor":48}],"player_experience":396112,"relics_obtained":[{"floor":7,"key":"Sundial"},{"floor":9,"key":"Orichalcum"},{"floor":12,"key":"Gremlin Horn"},{"floor":24,"key":"Juzu Bracelet"},{"floor":26,"key":"Mercury Hourglass"},{"floor":27,"key":"Peace Pipe"},{"floor":29,"key":"Blue Candle"},{"floor":40,"key":"Centennial Puzzle"},{"floor":43,"key":"Blood Vial"},{"floor":44,"key":"War Paint"},{"floor":46,"key":"Oddly Smooth Stone"}],"event_choices":[{"damage_healed":0,"gold_gain":0,"player_choice":"Donut","damage_taken":0,"max_hp_gain":5,"max_hp_loss":0,"event_name":"Big Fish","floor":2,"gold_loss":0},{"cards_removed":["Dark Embrace"],"damage_healed":0,"gold_gain":0,"player_choice":"Card Removal","damage_taken":0,"max_hp_gain":0,"max_hp_loss":0,"event_name":"The Cleric","floor":3,"gold_loss":50},{"damage_healed":0,"gold_gain":0,"player_choice":"Searched \u00272\u0027 times","damage_taken":0,"relics_obtained":["Lantern"],"max_hp_gain":0,"max_hp_loss":0,"event_name":"Dead Adventurer","floor":10,"gold_loss":0},{"damage_healed":0,"gold_gain":0,"player_choice":"Copied","damage_taken":0,"max_hp_gain":0,"max_hp_loss":0,"event_name":"Duplicator","floor":20,"gold_loss":0,"cards_obtained":["Offering"]},{"damage_healed":0,"gold_gain":0,"player_choice":"Obtain J.A.X.","damage_taken":0,"max_hp_gain":0,"max_hp_loss":0,"event_name":"Drug Dealer","floor":25,"gold_loss":0,"cards_obtained":["J.A.X."]},{"damage_healed":0,"gold_gain":0,"player_choice":"Ignored","damage_taken":0,"max_hp_gain":0,"max_hp_loss":0,"event_name":"Ghosts","floor":30,"gold_loss":0},{"damage_healed":0,"gold_gain":0,"player_choice":"Max HP","damage_taken":0,"max_hp_gain":0,"max_hp_loss":7,"event_name":"Winding Halls","floor":37,"gold_loss":0},{"cards_removed":["Immolate"],"damage_healed":0,"gold_gain":0,"player_choice":"Removed Attack","damage_taken":0,"max_hp_gain":0,"max_hp_loss":0,"event_name":"Falling","floor":42,"gold_loss":0}],"is_beta":false,"boss_relics":[{"not_picked":["Snecko Eye","Mark of Pain"],"picked":"Sozu"},{"not_picked":["Black Blood","Runic Dome"],"picked":"Coffee Dripper"}],"items_purged_floors":[31],"is_endless":false,"potions_floor_spawned":[1,7,10,16,21,24,28,29,35,39,45,47],"ascension_level":0}