{"gold_per_floor":[111,111,124,12,27,27,48,48,71,71,112,112,130,143,143,238,238,253,253,40,59,74,74,74,107,133,147,147,167,167,210,210,301,301,319,343,178,178,199,199,199,199,222,242,18,36,36,161,161,161,161],"floor_reached":52,"playtime":3305,"items_purged":["Injury"],"score":1784,"play_id":"ec62f9c1-7cdc-4721-b00c-dc11baae1b18","local_time":"20191018140531","is_ascension_mode":true,"campfire_choices":[{"data":"Perfected Strike","floor":6.0,"key":"SMITH"},{"data":"Shockwave","floor":8.0,"key":"SMITH"},{"data":"Shrug It Off","floor":10.0,"key":"SMITH"},{"data":"Inflame","floor":15.0,"key":"SMITH"},{"data":"Immolate","floor":24.0,"key":"SMITH"},{"data":"Shrug It Off","floor":28.0,"key":"SMITH"},{"data":"Flame Barrier","floor":30.0,"key":"SMITH"},{"floor":32.0,"key":"REST"},{"data":"Flame Barrier","floor":40.0,"key":"SMITH"},{"data":"Shrug It Off","floor":42.0,"key":"SMITH"},{"data":"Battle Trance","floor":49.0,"key":"SMITH"}],"neow_cost":"NONE","seed_source_timestamp":145549896888710,"circlet_count":0,"master_deck":["AscendersBane","Strike_R+1","Strike_R+1","Strike_R+1","Strike_R+1","Strike_R+1","Defend_R+1","Defend_R+1","Defend_R+1","Defend_R+1","Bash+1","Inflame+1","Perfected Strike+1","Shrug It Off+1","Twin Strike","Disarm","Shockwave+1","Metallicize","Cleave","Corruption","Immolate+1","True Grit","RitualDagger","Shrug It Off+1","Disarm","Spot Weakness","Flame Barrier+1","Offering","Reaper","Flame Barrier+1","Shockwave+1","Panacea","Shrug It Off+1","Inflame+1","Twin Strike+1","Battle Trance+1"],"special_seed":0,"relics":["Burning Blood","Golden Idol","PreservedInsect","Juzu Bracelet","Snecko Eye","OrangePellets","Boot","Omamori","Bottled Lightning","Coffee Dripper","Ancient Tea Set","Vajra","Turnip"],"potions_floor_usage":[],"damage_taken":[{"damage":14.0,"enemies":"Jaw Worm","floor":1.0,"turns":3.0},{"damage":15.0,"enemies":"Small Slimes","floor":3.0,"turns":4.0},{"damage":0.0,"enemies":"2 Louse","floor":5.0,"turns":3.0},{"damage":0.0,"enemies":"Exordium Wildlife","floor":7.0,"turns":2.0},{"damage":0.0,"enemies":"Gremlin Nob","floor":11.0,"turns":2.0},{"damage":8.0,"enemies":"2 Fungi Beasts","floor":13.0,"turns":3.0},{"damage":8.0,"enemies":"Lots of Slimes","floor":14.0,"turns":4.0},{"damage":55.0,"enemies":"Slime Boss","floor":16.0,"turns":12.0},{"damage":20.0,"enemies":"2 Thieves","floor":18.0,"turns":4.0},{"damage":6.0,"enemies":"Chosen","floor":21.0,"turns":5.0},{"damage":19.0,"enemies":"Sentry and Sphere","floor":22.0,"turns":6.0},{"damage":13.0,"enemies":"Gremlin Leader","floor":25.0,"turns":4.0},{"damage":0.0,"enemies":"Snecko","floor":27.0,"turns":3.0},{"damage":9.0,"enemies":"Centurion and Healer","floor":29.0,"turns":4.0},{"damage":34.0,"enemies":"Slavers","floor":31.0,"turns":3.0},{"damage":24.0,"enemies":"Collector","floor":33.0,"turns":7.0},{"damage":16.0,"enemies":"3 Darklings","floor":35.0,"turns":4.0},{"damage":13.0,"enemies":"3 Shapes","floor":36.0,"turns":2.0},{"damage":5.0,"enemies":"Maw","floor":39.0,"turns":7.0},{"damage":26.0,"enemies":"Jaw Worm Horde","floor":44.0,"turns":3.0},{"damage":11.0,"enemies":"Spire Growth","floor":46.0,"turns":5.0},{"damage":16.0,"enemies":"Mind Bloom Boss Battle","floor":48.0,"turns":5.0},{"damage":37.0,"enemies":"Awakened One","floor":50.0,"turns":18.0},{"damage":69,"enemies":"Time Eater","floor":51,"turns":10}],"seed_played":"-4233662187409140757","potions_obtained":[{"floor":1.0,"key":"Regen Potion"},{"floor":3.0,"key":"Energy Potion"},{"floor":13.0,"key":"SpeedPotion"},{"floor":16.0,"key":"SteroidPotion"},{"floor":21.0,"key":"BloodPotion"},{"floor":25.0,"key":"Weak Potion"},{"floor":33.0,"key":"Dexterity Potion"}],"is_trial":false,"path_per_floor":["M","?","M","$","M","R","M","R","T","R","E","?","M","M","R","B",null,"M","?","$","M","M","?","R","E","T","M","R","M","R","E","R","B",null,"M","M","$","?","M","R","?","R","T","M","$","M","?","?","R","B","B",null],"character_chosen":"IRONCLAD","items_purchased":["Shrug It Off","Twin Strike","OrangePellets","Panacea","Vajra","Dexterity Potion"],"campfire_rested":1,"item_purchase_floors":[4,4,20,37,45,45],"current_hp_per_floor":[60,60,51,51,57,57,63,63,63,63,69,69,67,65,65,30,64,50,44,44,44,49,49,49,42,42,48,48,45,45,17,39,21,62,65,58,58,58,74,74,74,74,74,75,75,75,75,65,65,63,12],"gold":161,"neow_bonus":"UPGRADE_CARD","is_prod":false,"is_daily":false,"chose_seed":false,"campfire_upgraded":10,"win_rate":0,"timestamp":1571425531,"path_taken":["M","?","M","$","M","R","M","R","T","R","E","?","M","M","R","BOSS","M","?","$","M","M","?","R","E","T","M","R","M","R","E","R","BOSS","M","M","$","?","M","R","?","R","T","M","$","M","?","?","R","BOSS","BOSS"],"build_version":"2019-07-17","purchased_purges":1,"victory":true,"max_hp_per_floor":[75,75,75,75,75,75,75,75,75,75,75,75,75,75,75,75,75,75,75,75,75,75,75,75,75,75,75,75,75,75,75,75,75,75,75,75,75,75,75,75,75,75,75,75,75,75,75,75,75,75,75],"card_choices":[{"not_picked":["Rampage","Power Through"],"picked":"Inflame","floor":1.0},{"not_picked":["Body Slam","Warcry"],"picked":"Perfected Strike","floor":3.0},{"not_picked":["Sword Boomerang","Warcry"],"picked":"Disarm","floor":5.0},{"not_picked":["Twin Strike","Whirlwind"],"picked":"Shockwave","floor":7.0},{"not_picked":["Armaments","Rupture"],"picked":"Metallicize","floor":11.0},{"not_picked":["Blood for Blood","Carnage"],"picked":"Cleave","floor":13.0},{"not_picked":["Iron Wave","Perfected Strike"],"picked":"Corruption","floor":14.0},{"not_picked":["Feed","Exhume"],"picked":"Immolate","floor":16.0},{"not_picked":["Carnage","Heavy Blade"],"picked":"True Grit","floor":18.0},{"not_picked":["Headbutt+1","Armaments"],"picked":"Shrug It Off","floor":21.0},{"not_picked":["Burning Pact","Anger","Rage"],"picked":"SKIP","floor":22.0},{"not_picked":["Dropkick","Clothesline"],"picked":"Disarm","floor":25.0},{"not_picked":["Twin Strike","Blood for Blood"],"picked":"Spot Weakness","floor":27.0},{"not_picked":["Havoc","Uppercut"],"picked":"Flame Barrier","floor":29.0},{"not_picked":["Sword Boomerang","Body Slam"],"picked":"Offering","floor":31.0},{"not_picked":["Bludgeon","Offering"],"picked":"Reaper","floor":33.0},{"not_picked":["Havoc+1","Clothesline"],"picked":"Flame Barrier","floor":35.0},{"not_picked":["Wild Strike+1","Flex"],"picked":"Shockwave+1","floor":36.0},{"not_picked":["Combust","Thunderclap+1"],"picked":"Shrug It Off","floor":39.0},{"not_picked":["Ghostly Armor","Headbutt"],"picked":"Combust","floor":44.0},{"not_picked":["Blood for Blood","Burning Pact"],"picked":"Twin Strike+1","floor":46.0},{"not_picked":["Armaments","Iron Wave"],"picked":"Battle Trance","floor":48.0}],"player_experience":337248,"relics_obtained":[{"floor":9.0,"key":"PreservedInsect"},{"floor":11.0,"key":"Juzu Bracelet"},{"floor":25.0,"key":"Boot"},{"floor":26.0,"key":"Omamori"},{"floor":31.0,"key":"Bottled Lightning"},{"floor":43.0,"key":"Ancient Tea Set"},{"floor":48.0,"key":"Turnip"}],"event_choices":[{"damage_healed":0.0,"max_hp_gain":0.0,"max_hp_loss":0.0,"gold_gain":0.0,"event_name":"Golden Idol","player_choice":"Take Wound","floor":2.0,"gold_loss":0.0,"damage_taken":0.0,"relics_obtained":["Golden Idol"],"cards_obtained":["Injury"]},{"damage_healed":0.0,"max_hp_gain":0.0,"max_hp_loss":0.0,"gold_gain":0.0,"event_name":"Scrap Ooze","player_choice":"Fled","floor":12.0,"gold_loss":0.0,"damage_taken":0.0},{"damage_healed":0.0,"max_hp_gain":0.0,"max_hp_loss":0.0,"gold_gain":0.0,"event_name":"Nest","player_choice":"Joined the Cult","floor":19.0,"gold_loss":0.0,"damage_taken":6.0,"cards_obtained":["RitualDagger"]},{"damage_healed":0.0,"max_hp_gain":0.0,"max_hp_loss":0.0,"gold_gain":0.0,"event_name":"Back to Basics","player_choice":"Simplicity","floor":23.0,"gold_loss":0.0,"damage_taken":0.0,"cards_upgraded":["Strike_R","Strike_R","Strike_R","Strike_R","Strike_R","Defend_R","Defend_R","Defend_R","Defend_R"]},{"damage_healed":0.0,"max_hp_gain":0.0,"max_hp_loss":0.0,"gold_gain":0.0,"event_name":"Tomb of Lord Red Mask","player_choice":"Ignored","floor":38.0,"gold_loss":0.0,"damage_taken":0.0},{"damage_healed":0.0,"max_hp_gain":0.0,"max_hp_loss":0.0,"gold_gain":0.0,"event_name":"Duplicator","player_choice":"Copied","floor":41.0,"gold_loss":0.0,"damage_taken":0.0,"cards_obtained":["Inflame"]},{"cards_removed":["Combust"],"damage_healed":0.0,"max_hp_gain":0.0,"max_hp_loss":0.0,"gold_gain":0.0,"event_name":"Falling","player_choice":"Removed Power","floor":47.0,"gold_loss":0.0,"damage_taken":0.0},{"damage_healed":0.0,"max_hp_gain":0.0,"max_hp_loss":0.0,"gold_gain":0.0,"event_name":"MindBloom","player_choice":"Fight","floor":48.0,"gold_loss":0.0,"damage_taken":0.0}],"is_beta":false,"boss_relics":[{"not_picked":["Calling Bell","Fusion Hammer"],"picked":"Snecko Eye"},{"not_picked":["Lizard Tail","Runic Cube"],"picked":"Coffee Dripper"}],"items_purged_floors":[37],"is_endless":false,"potions_floor_spawned":[1,3,13,16,21,25,33,39],"ascension_level":20}