{"gold_per_floor":[210,41,41,54,70,102,117,117,117,24,37,49,49,79,79,158,158,169,199,53,53,67,67,79,8,8,8,24,24,40,64,76,88],"floor_reached":33,"playtime":2003,"items_purged":["Strike_G","Strike_G"],"score":539,"play_id":"845ed54a-3af8-48d4-a895-6d74f3c1383d","local_time":"20190912123614","is_ascension_mode":true,"campfire_choices":[{"data":"Crippling Poison","floor":8.0,"key":"SMITH"},{"data":"Neutralize","floor":13.0,"key":"SMITH"},{"floor":15.0,"key":"REST"},{"floor":23,"key":"REST"},{"floor":27,"key":"REST"},{"floor":29,"key":"REST"},{"floor":32,"key":"REST"}],"neow_cost":"NONE","seed_source_timestamp":0,"circlet_count":0,"master_deck":["AscendersBane","Strike_G","Strike_G","Strike_G","Defend_G","Defend_G","Defend_G","Defend_G","Defend_G","Survivor","Neutralize+1","Poisoned Stab","Dash+1","Deadly Poison","Backstab","Crippling Poison+1","Poisoned Stab","Tactician","Dodge and Roll","Malaise","PiercingWail","Deflect","Backflip","Bouncing Flask","PiercingWail","PiercingWail+1","Caltrops","Writhe","Terror","After Image","PiercingWail+1"],"special_seed":0,"relics":["Ring of the Snake","Gambling Chip","Dead Branch","The Courier","Centennial Puzzle","Orrery","Red Mask","Bag of Marbles","Frozen Egg 2","MawBank"],"potions_floor_usage":[30,33],"damage_taken":[{"damage":2.0,"enemies":"2 Louse","floor":1.0,"turns":4.0},{"damage":1.0,"enemies":"Small Slimes","floor":4.0,"turns":3.0},{"damage":0.0,"enemies":"Cultist","floor":5.0,"turns":3.0},{"damage":29.0,"enemies":"3 Sentries","floor":6.0,"turns":12.0},{"damage":2.0,"enemies":"3 Louse","floor":7.0,"turns":3.0},{"damage":0.0,"enemies":"Exordium Wildlife","floor":11.0,"turns":3.0},{"damage":1.0,"enemies":"Blue Slaver","floor":12.0,"turns":3.0},{"damage":9.0,"enemies":"Lagavulin","floor":14.0,"turns":4.0},{"damage":31.0,"enemies":"The Guardian","floor":16.0,"turns":11.0},{"damage":0.0,"enemies":"2 Thieves","floor":18.0,"turns":4.0},{"damage":31.0,"enemies":"Masked Bandits","floor":19.0,"turns":4.0},{"damage":12,"enemies":"Shell Parasite","floor":22,"turns":4},{"damage":5,"enemies":"Snake Plant","floor":24,"turns":3},{"damage":39,"enemies":"Centurion and Healer","floor":28,"turns":12},{"damage":4,"enemies":"Cultist and Chosen","floor":30,"turns":7},{"damage":56,"enemies":"Collector","floor":33,"turns":6}],"seed_played":"-7799014588226841481","potions_obtained":[{"floor":6.0,"key":"Explosive Potion"},{"floor":7.0,"key":"GhostInAJar"},{"floor":14.0,"key":"Ancient Potion"}],"is_trial":false,"path_per_floor":["M","$","?","M","M","E","M","R","T","?","M","M","R","E","R","B",null,"M","?","$","?","M","R","M","$","T","R","M","R","M","T","R","B"],"character_chosen":"THE_SILENT","items_purchased":["Dash","Deadly Poison","Caltrops","After Image"],"campfire_rested":5,"item_purchase_floors":[2,2,20,25],"current_hp_per_floor":[57,57,57,56,56,27,25,25,25,25,25,24,24,15,34,3,50,50,19,19,19,7,26,21,21,21,40,1,20,16,16,35,0],"gold":88,"neow_bonus":"HUNDRED_GOLD","is_prod":false,"is_daily":false,"chose_seed":false,"campfire_upgraded":2,"win_rate":0,"timestamp":1568309774,"path_taken":["M","$","?","M","M","E","M","R","T","?","M","M","R","E","R","BOSS","M","?","$","?","M","R","M","?","T","R","M","R","M","?","R","BOSS"],"build_version":"2019-07-17","purchased_purges":2,"victory":false,"max_hp_per_floor":[66,66,66,66,66,66,66,66,66,66,66,66,66,66,66,66,66,66,66,66,66,66,66,66,66,66,66,66,66,66,66,66,66],"card_choices":[{"not_picked":["Dagger Spray","Calculated Gamble"],"picked":"Poisoned Stab","floor":1.0},{"not_picked":["Deflect","Cloak And Dagger"],"picked":"Backstab","floor":4.0},{"not_picked":["Underhanded Strike","Accuracy","Tactician"],"picked":"SKIP","floor":5.0},{"not_picked":["Outmaneuver","Blade Dance","Quick Slash"],"picked":"SKIP","floor":6.0},{"not_picked":["Sucker Punch","Reflex"],"picked":"Crippling Poison","floor":7.0},{"not_picked":["Dash","Outmaneuver"],"picked":"Poisoned Stab","floor":11.0},{"not_picked":["Underhanded Strike","Acrobatics"],"picked":"Tactician","floor":12.0},{"not_picked":["Quick Slash","PiercingWail"],"picked":"Dodge and Roll","floor":14.0},{"not_picked":["Night Terror","Phantasmal Killer"],"picked":"Malaise","floor":16.0},{"not_picked":["Cloak And Dagger","Prepared"],"picked":"PiercingWail","floor":17.0},{"not_picked":["Acrobatics","Tactician"],"picked":"Deflect","floor":17.0},{"not_picked":["Deflect","Tools of the Trade"],"picked":"Backflip","floor":17.0},{"not_picked":["Flying Knee","Bane"],"picked":"Bouncing Flask","floor":17.0},{"not_picked":["Deadly Poison","Poisoned Stab"],"picked":"PiercingWail","floor":17.0},{"not_picked":["Setup","Poisoned Stab"],"picked":"PiercingWail+1","floor":18.0},{"not_picked":["Eviscerate","Acrobatics","Poisoned Stab"],"picked":"SKIP","floor":22},{"not_picked":["Deflect","Sucker Punch"],"picked":"Terror","floor":24},{"not_picked":["Leg Sweep","Unload","Deflect"],"picked":"SKIP","floor":28},{"not_picked":["Dash","Cloak And Dagger"],"picked":"PiercingWail+1","floor":30}],"player_experience":296589,"relics_obtained":[{"floor":6.0,"key":"Gambling Chip"},{"floor":9.0,"key":"Dead Branch"},{"floor":14.0,"key":"Centennial Puzzle"},{"floor":19.0,"key":"Red Mask"},{"floor":26,"key":"Frozen Egg 2"},{"floor":31,"key":"MawBank"}],"event_choices":[{"damage_healed":0.0,"max_hp_gain":0.0,"max_hp_loss":0.0,"gold_gain":0.0,"event_name":"Living Wall","player_choice":"Grow","floor":3.0,"gold_loss":0.0,"damage_taken":0.0,"cards_upgraded":["Dash"]},{"damage_healed":0.0,"max_hp_gain":0.0,"max_hp_loss":0.0,"gold_gain":0.0,"event_name":"WeMeetAgain","player_choice":"Paid Gold","floor":10.0,"gold_loss":93.0,"damage_taken":0.0,"relics_obtained":["The Courier"]},{"damage_healed":0.0,"max_hp_gain":0.0,"max_hp_loss":0.0,"gold_gain":0.0,"event_name":"Masked Bandits","player_choice":"Fought Bandits","floor":19.0,"gold_loss":0.0,"damage_taken":0.0},{"damage_healed":0.0,"max_hp_gain":0.0,"max_hp_loss":0.0,"gold_gain":0.0,"event_name":"The Mausoleum","player_choice":"Opened","floor":21.0,"gold_loss":0.0,"damage_taken":0.0,"relics_obtained":["Bag of Marbles"],"cards_obtained":["Writhe"]}],"is_beta":false,"boss_relics":[{"not_picked":["HoveringKite","Black Star"],"picked":"Orrery"}],"items_purged_floors":[2,20],"is_endless":false,"potions_floor_spawned":[6,7,14,18,19,28],"killed_by":"Collector","ascension_level":20}