{"gold_per_floor":[112,37,55,68,79,144,144,170,195,223,235,252,252,217,217,217],"floor_reached":16,"playtime":884,"items_purged":["Injury"],"score":177,"play_id":"70801236-ca09-4a15-9ff9-4af72457b944","local_time":"20191011190415","is_ascension_mode":true,"campfire_choices":[{"data":"Neutralize","floor":7,"key":"SMITH"},{"data":"Riddle With Holes","floor":15,"key":"SMITH"}],"neow_cost":"CURSE","seed_source_timestamp":68637797570700,"circlet_count":0,"master_deck":["Strike_G","Strike_G","Strike_G","Strike_G","Strike_G","Defend_G","Defend_G","Defend_G","Defend_G","Defend_G","Survivor","Neutralize+1","Riddle With Holes+1","Backflip","Backflip","Dodge and Roll","Footwork","Venomology","Well Laid Plans"],"relics":["Ring of the Snake","Thread and Needle","Tiny Chest","Anchor","Bag of Marbles","Vajra","Golden Idol"],"potions_floor_usage":[6,8,10,12,16,16],"damage_taken":[{"damage":2,"enemies":"Jaw Worm","floor":1,"turns":5},{"damage":0,"enemies":"2 Louse","floor":3,"turns":3},{"damage":3,"enemies":"Small Slimes","floor":4,"turns":4},{"damage":0,"enemies":"3 Louse","floor":5,"turns":4},{"damage":19,"enemies":"Lagavulin","floor":6,"turns":11},{"damage":8,"enemies":"3 Sentries","floor":8,"turns":10},{"damage":27,"enemies":"Gremlin Nob","floor":10,"turns":6},{"damage":0,"enemies":"Looter","floor":11,"turns":2},{"damage":0,"enemies":"Exordium Wildlife","floor":12,"turns":6},{"damage":38,"enemies":"Hexaghost","floor":16,"turns":16}],"seed_played":"-1544079051125462284","potions_obtained":[{"floor":1,"key":"Explosive Potion"},{"floor":3,"key":"Weak Potion"},{"floor":5,"key":"PowerPotion"},{"floor":6,"key":"Block Potion"},{"floor":10,"key":"AttackPotion"}],"is_trial":false,"path_per_floor":["M","$","M","M","M","E","R","E","T","E","M","M","?","?","R","B"],"character_chosen":"THE_SILENT","items_purchased":[],"campfire_rested":0,"item_purchase_floors":[],"current_hp_per_floor":[61,61,61,58,58,39,39,31,31,4,4,19,19,35,35,0],"gold":217,"neow_bonus":"ONE_RARE_RELIC","is_prod":false,"is_daily":false,"chose_seed":false,"campfire_upgraded":2,"win_rate":0,"timestamp":1570788255,"path_taken":["M","$","M","M","M","E","R","E","T","E","M","M","?","?","R","BOSS"],"build_version":"2019-10-10","purchased_purges":1,"victory":false,"max_hp_per_floor":[70,70,70,70,70,70,70,70,70,70,70,70,65,65,65,65],"card_choices":[{"not_picked":["Concentrate","Expertise"],"picked":"Riddle With Holes","floor":1},{"not_picked":["Flechettes","Endless Agony"],"picked":"Backflip","floor":3},{"not_picked":["Deflect","Choke","Outmaneuver"],"picked":"SKIP","floor":4},{"not_picked":["Deadly Poison","Acrobatics"],"picked":"Backflip","floor":5},{"not_picked":["Backstab","Sucker Punch"],"picked":"Dodge and Roll","floor":6},{"not_picked":["Terror","Setup"],"picked":"Footwork","floor":8},{"not_picked":["Catalyst","Backflip"],"picked":"Venomology","floor":10},{"not_picked":["PiercingWail","Flechettes","Outmaneuver"],"picked":"SKIP","floor":11},{"not_picked":["Blur","Concentrate"],"picked":"Well Laid Plans","floor":12}],"player_experience":647788,"relics_obtained":[{"floor":6,"key":"Tiny Chest"},{"floor":8,"key":"Anchor"},{"floor":9,"key":"Bag of Marbles"},{"floor":10,"key":"Vajra"}],"event_choices":[{"damage_healed":0,"gold_gain":0,"player_choice":"Lose Max HP","damage_taken":0,"relics_obtained":["Golden Idol"],"max_hp_gain":0,"max_hp_loss":5,"event_name":"Golden Idol","floor":13,"gold_loss":0},{"damage_healed":16,"gold_gain":0,"player_choice":"Healed","damage_taken":0,"max_hp_gain":0,"max_hp_loss":0,"event_name":"The Cleric","floor":14,"gold_loss":35}],"is_beta":true,"boss_relics":[],"items_purged_floors":[2],"is_endless":false,"potions_floor_spawned":[1,3,5,6,10],"killed_by":"Hexaghost","ascension_level":9}