{"gold_per_floor":[118,118,132,132,57,85,85,100,127,27,44,69,79,96,96,199,199,218,143,58,8,25,25,50,65,65,15,26,26,73,85,85,181,181,196,326,373,102,102,102,144,193,193,193,207,207,217,234,234,234],"floor_reached":51,"playtime":2100,"items_purged":["Strike_P","Strike_P","Strike_P","Strike_P","Prostrate"],"score":968,"play_id":"94b99f42-c835-425d-8f8a-12006f58d64e","local_time":"20191018111037","is_ascension_mode":true,"campfire_choices":[{"data":"Vigilance","floor":7.0,"key":"SMITH"},{"data":"Wish","floor":15.0,"key":"SMITH"},{"data":"ConjureBlade","floor":23.0,"key":"SMITH"},{"floor":29.0,"key":"REST"},{"floor":32.0,"key":"REST"},{"data":"DevaForm","floor":40.0,"key":"SMITH"},{"floor":46.0,"key":"REST"},{"data":"Fasting2","floor":49.0,"key":"SMITH"}],"neow_cost":"NONE","seed_source_timestamp":2990239505216500,"circlet_count":0,"master_deck":["Defend_P","Defend_P","Eruption+1","Vigilance+1","FlyingSleeves+1","CutThroughFate","ThirdEye","Wish+1","ConjureBlade+1","LikeWater","Vault","DevaForm+1","Fasting2+1","Fasting2+1","Wallop"],"special_seed":0,"relics":["Runic Pyramid","PreservedInsect","Bronze Scales","Anchor","Cursed Key","Smiling Mask","Vajra","Snecko Eye","TungstenRod","Regal Pillow"],"potions_floor_usage":[50,50],"damage_taken":[{"damage":0.0,"enemies":"Jaw Worm","floor":1.0,"turns":2.0},{"damage":0.0,"enemies":"Cultist","floor":3.0,"turns":3.0},{"damage":22.0,"enemies":"3 Sentries","floor":6.0,"turns":8.0},{"damage":0.0,"enemies":"Small Slimes","floor":8.0,"turns":2.0},{"damage":6.0,"enemies":"3 Louse","floor":11.0,"turns":3.0},{"damage":3.0,"enemies":"Gremlin Nob","floor":12.0,"turns":3.0},{"damage":0.0,"enemies":"Large Slime","floor":13.0,"turns":4.0},{"damage":0.0,"enemies":"Lots of Slimes","floor":14.0,"turns":4.0},{"damage":6.0,"enemies":"The Guardian","floor":16.0,"turns":11.0},{"damage":0.0,"enemies":"Shell Parasite","floor":18.0,"turns":6.0},{"damage":6.0,"enemies":"Spheric Guardian","floor":22.0,"turns":4.0},{"damage":24.0,"enemies":"Slavers","floor":24.0,"turns":4.0},{"damage":0.0,"enemies":"Snecko","floor":25.0,"turns":3.0},{"damage":4.0,"enemies":"Centurion and Healer","floor":28.0,"turns":5.0},{"damage":4.0,"enemies":"Snake Plant","floor":30.0,"turns":4.0},{"damage":2.0,"enemies":"Snecko","floor":31.0,"turns":5.0},{"damage":33.0,"enemies":"Automaton","floor":33.0,"turns":7.0},{"damage":6.0,"enemies":"3 Shapes","floor":35.0,"turns":4.0},{"damage":0.0,"enemies":"Mind Bloom Boss Battle","floor":36.0,"turns":6.0},{"damage":0.0,"enemies":"Orb Walker","floor":37.0,"turns":3.0},{"damage":0.0,"enemies":"Jaw Worm Horde","floor":41.0,"turns":3.0},{"damage":0.0,"enemies":"Transient","floor":42.0,"turns":6.0},{"damage":23.0,"enemies":"3 Darklings","floor":45.0,"turns":3.0},{"damage":0.0,"enemies":"Maw","floor":47.0,"turns":5.0},{"damage":0.0,"enemies":"4 Shapes","floor":48.0,"turns":6.0},{"damage":28,"enemies":"Awakened One","floor":50,"turns":9}],"seed_played":"-3991018439531296959","potions_obtained":[{"floor":6.0,"key":"SpeedPotion"},{"floor":8.0,"key":"GamblersBrew"},{"floor":12.0,"key":"Block Potion"},{"floor":22.0,"key":"BottledMiracle"},{"floor":25.0,"key":"Weak Potion"},{"floor":28.0,"key":"Ancient Potion"},{"floor":33.0,"key":"DuplicationPotion"},{"floor":37.0,"key":"AttackPotion"},{"floor":41.0,"key":"FearPotion"}],"is_trial":false,"path_per_floor":["M","?","M","?","$","E","R","M","T","$","M","E","M","M","R","B",null,"M","?","?","$","M","R","E","M","T","$","M","R","M","M","R","B",null,"M","?","M","$","?","R","M","M","T","?","M","R","M","M","R","B",null],"character_chosen":"WATCHER","items_purchased":["Fasting2","Regal Pillow"],"campfire_rested":3,"item_purchase_floors":[38,38],"current_hp_per_floor":[65,65,65,65,65,43,43,43,43,43,37,34,34,34,34,28,61,61,61,61,61,55,55,31,31,31,31,27,48,44,42,63,30,62,56,56,56,56,56,56,56,56,56,56,33,69,69,69,69,41],"gold":234,"neow_bonus":"BOSS_RELIC","is_prod":false,"is_daily":false,"chose_seed":false,"campfire_upgraded":5,"win_rate":0,"timestamp":1571389837,"path_taken":["M","?","M","?","$","E","R","M","T","$","M","E","?","M","R","BOSS","M","?","?","$","M","R","E","M","T","$","M","R","M","M","R","BOSS","M","?","M","$","?","R","M","M","T","?","M","R","M","M","R","BOSS"],"build_version":"2019-10-17","purchased_purges":5,"victory":true,"max_hp_per_floor":[72,72,72,72,72,72,72,72,72,72,72,72,72,72,72,72,72,72,72,72,72,72,72,72,72,72,72,72,72,72,72,72,72,72,72,72,72,72,72,72,72,72,72,72,72,72,72,72,72,72],"card_choices":[{"not_picked":["FollowUp","Worship"],"picked":"Prostrate","floor":1.0},{"not_picked":["ReachHeaven","ClearTheMind"],"picked":"FlyingSleeves","floor":3.0},{"not_picked":["FollowUp","FlyingSleeves"],"picked":"CutThroughFate","floor":6.0},{"not_picked":["EmptyBody","Consecrate"],"picked":"ThirdEye","floor":8.0},{"not_picked":["Protect","Study"],"picked":"Wish","floor":11.0},{"not_picked":["WindmillStrike","FlyingSleeves","FlurryOfBlows"],"picked":"SKIP","floor":12.0},{"not_picked":["FollowUp","BowlingBash","Meditate"],"picked":"SKIP","floor":13.0},{"not_picked":["TalkToTheHand","FearNoEvil","FollowUp"],"picked":"SKIP","floor":14.0},{"not_picked":["Omniscience","Brilliance"],"picked":"ConjureBlade","floor":16.0},{"not_picked":["FollowUp","EmptyFist"],"picked":"LikeWater","floor":18.0},{"not_picked":["ForeignInfluence","Sanctity","Indignation"],"picked":"SKIP","floor":22.0},{"not_picked":["Sanctity","DeusExMachina","Halt"],"picked":"SKIP","floor":24.0},{"not_picked":["Consecrate","CrushJoints","FearNoEvil"],"picked":"SKIP","floor":25.0},{"not_picked":["EmptyBody","FearNoEvil","TalkToTheHand"],"picked":"SKIP","floor":28.0},{"not_picked":["ThirdEye","Pray"],"picked":"Vault","floor":30.0},{"not_picked":["Weave","EmptyMind+1","SashWhip"],"picked":"SKIP","floor":31.0},{"not_picked":["Omniscience","DeusExMachina"],"picked":"DevaForm","floor":33.0},{"not_picked":["InnerPeace+1","FlyingSleeves"],"picked":"Fasting2+1","floor":35.0},{"not_picked":["ThirdEye+1","Vengeance+1","CrushJoints"],"picked":"SKIP","floor":37.0},{"not_picked":["SignatureMove","EmptyBody+1","DeusExMachina"],"picked":"SKIP","floor":41.0},{"not_picked":["Crescendo+1","FlurryOfBlows"],"picked":"Wallop","floor":42.0},{"not_picked":["EmptyFist+1","Meditate","WreathOfFlame+1"],"picked":"SKIP","floor":45.0},{"not_picked":["FlurryOfBlows","PathToVictory+1","Brilliance"],"picked":"SKIP","floor":47.0},{"not_picked":["CutThroughFate","FlurryOfBlows+1","Prostrate+1"],"picked":"SKIP","floor":48.0}],"player_experience":490894,"relics_obtained":[{"floor":6.0,"key":"PreservedInsect"},{"floor":9.0,"key":"Bronze Scales"},{"floor":12.0,"key":"Anchor"},{"floor":24.0,"key":"Vajra"},{"floor":36.0,"key":"TungstenRod"}],"event_choices":[{"damage_healed":0.0,"max_hp_gain":0.0,"max_hp_loss":0.0,"gold_gain":0.0,"event_name":"Living Wall","player_choice":"Grow","floor":2.0,"gold_loss":0.0,"damage_taken":0.0,"cards_upgraded":["Eruption"]},{"damage_healed":0.0,"max_hp_gain":0.0,"max_hp_loss":0.0,"gold_gain":0.0,"event_name":"Accursed Blacksmith","player_choice":"Forge","floor":4.0,"gold_loss":0.0,"damage_taken":0.0,"cards_upgraded":["FlyingSleeves"]},{"cards_removed":["Defend_P"],"damage_healed":0.0,"max_hp_gain":0.0,"max_hp_loss":0.0,"gold_gain":0.0,"event_name":"Beggar","player_choice":"Gave Gold","floor":19.0,"gold_loss":75.0,"damage_taken":0.0},{"damage_healed":0.0,"max_hp_gain":0.0,"max_hp_loss":0.0,"gold_gain":0.0,"event_name":"Addict","player_choice":"Obtained Relic","floor":20.0,"gold_loss":85.0,"damage_taken":0.0,"relics_obtained":["Smiling Mask"]},{"damage_healed":0.0,"max_hp_gain":0.0,"max_hp_loss":0.0,"gold_gain":0.0,"event_name":"MindBloom","player_choice":"Fight","floor":36.0,"gold_loss":0.0,"damage_taken":0.0},{"cards_removed":["Defend_P"],"damage_healed":0.0,"max_hp_gain":0.0,"max_hp_loss":0.0,"gold_gain":0.0,"event_name":"Falling","player_choice":"Removed Skill","floor":39.0,"gold_loss":0.0,"damage_taken":0.0},{"damage_healed":0.0,"max_hp_gain":0.0,"max_hp_loss":0.0,"gold_gain":0.0,"event_name":"SensoryStone","player_choice":"Memory 1","floor":44.0,"gold_loss":0.0,"damage_taken":0.0}],"is_beta":true,"boss_relics":[{"not_picked":["Pandora\u0027s Box","Sozu"],"picked":"Cursed Key"},{"not_picked":["SacredBark","Runic Dome"],"picked":"Snecko Eye"}],"items_purged_floors":[5,10,21,27,38],"is_endless":false,"potions_floor_spawned":[6,8,12,16,22,25,28,33,37,41,47,48],"ascension_level":9}