{"gold_per_floor":[118,118,193,143,163,163,179,179,179,190,190,30,30,50,50,153,153,168,181,97,109,0,31,31,44,70,70,102,17,36,56,56,158,158,174,189,189,6,23,51,51,86,154,171,28,28,28,46,46,46],"floor_reached":51,"playtime":3127,"items_purged":["Disarm"],"score":787,"play_id":"17807856-92c6-42a3-a84f-64cfa4620d12","local_time":"20191002162838","daily_mods":["Draft"],"is_ascension_mode":false,"campfire_choices":[{"data":"Second Wind","floor":6.0,"key":"SMITH"},{"data":"True Grit","floor":8.0,"key":"SMITH"},{"data":"Uppercut","floor":15.0,"key":"SMITH"},{"floor":24.0,"key":"REST"},{"data":"Shockwave","floor":27.0,"key":"SMITH"},{"floor":32.0,"key":"REST"},{"floor":41,"key":"REST"},{"floor":49,"key":"REST"}],"neow_cost":"","seed_source_timestamp":853249304727300,"circlet_count":0,"master_deck":["Shrug It Off","Evolve","Second Wind+1","Rampage","Warcry+1","Disarm+1","Pummel","Uppercut+1","Headbutt","Feel No Pain","True Grit+1","Dropkick","Purity","Feed","Shockwave+1","Trip","True Grit+1","Barricade","Apotheosis","Pommel Strike+1","Madness","Madness","Body Slam+1"],"special_seed":0,"relics":["Unceasing Top","PreservedInsect","Sozu","Anchor","Boot","Dream Catcher","War Paint","Eternal Feather","Kunai","Bag of Preparation","Bottled Tornado","Strawberry"],"potions_floor_usage":[],"damage_taken":[{"damage":0.0,"enemies":"Small Slimes","floor":1.0,"turns":3.0},{"damage":2.0,"enemies":"Jaw Worm","floor":5.0,"turns":4.0},{"damage":3.0,"enemies":"2 Louse","floor":7.0,"turns":3.0},{"damage":16.0,"enemies":"Exordium Wildlife","floor":10.0,"turns":3.0},{"damage":10.0,"enemies":"Large Slime","floor":14.0,"turns":8.0},{"damage":14.0,"enemies":"The Guardian","floor":16.0,"turns":17.0},{"damage":8.0,"enemies":"3 Byrds","floor":18.0,"turns":6.0},{"damage":14.0,"enemies":"Spheric Guardian","floor":19.0,"turns":5.0},{"damage":9.0,"enemies":"Snake Plant","floor":21.0,"turns":5.0},{"damage":11.0,"enemies":"Slavers","floor":23.0,"turns":4.0},{"damage":18.0,"enemies":"Cultist and Chosen","floor":25.0,"turns":7.0},{"damage":11.0,"enemies":"Book of Stabbing","floor":28.0,"turns":5.0},{"damage":0.0,"enemies":"Shelled Parasite and Fungi","floor":30.0,"turns":5.0},{"damage":20.0,"enemies":"Centurion and Healer","floor":31.0,"turns":7.0},{"damage":22.0,"enemies":"Collector","floor":33.0,"turns":9.0},{"damage":5.0,"enemies":"3 Darklings","floor":35.0,"turns":11.0},{"damage":2.0,"enemies":"Orb Walker","floor":36.0,"turns":5.0},{"damage":6.0,"enemies":"4 Shapes","floor":39.0,"turns":8.0},{"damage":36,"enemies":"Reptomancer","floor":40,"turns":10},{"damage":0,"enemies":"Giant Head","floor":42,"turns":8},{"damage":20,"enemies":"Transient","floor":44,"turns":5},{"damage":12,"enemies":"Jaw Worm Horde","floor":48,"turns":5},{"damage":70,"enemies":"Donu and Deca","floor":50,"turns":12}],"seed_played":"3071207573770039157","potions_obtained":[{"floor":7.0,"key":"Explosive Potion"},{"floor":10.0,"key":"Block Potion"}],"is_trial":true,"path_per_floor":["M","?","?","?","M","R","M","R","T","M","?","$","$","M","R","B",null,"M","M","$","M","?","E","R","M","T","R","E","?","M","M","R","B",null,"M","M","?","$","M","E","R","E","T","M","$","$","?","M","R","B",null],"character_chosen":"IRONCLAD","items_purchased":["Purity","Trip","Apotheosis","Strawberry"],"campfire_rested":4,"item_purchase_floors":[12,20,38,45],"current_hp_per_floor":[80,80,69,69,67,67,64,64,64,48,48,48,48,38,38,24,80,75,61,61,52,52,44,69,54,54,54,43,43,43,26,53,31,92,87,85,85,85,82,46,86,86,86,66,73,73,60,52,95,25],"gold":46,"neow_bonus":"","is_prod":false,"is_daily":false,"chose_seed":false,"campfire_upgraded":4,"win_rate":0,"timestamp":1570001318,"path_taken":["M","?","?","?","?","R","M","R","T","M","?","?","$","M","R","BOSS","M","M","$","M","?","E","R","M","T","R","E","?","M","M","R","BOSS","M","M","?","$","M","E","R","E","T","M","?","$","?","M","R","BOSS"],"build_version":"2019-07-17","purchased_purges":1,"victory":true,"max_hp_per_floor":[80,80,80,80,80,80,80,80,80,80,80,80,80,80,80,80,80,83,83,83,83,83,86,86,89,89,89,89,89,89,92,92,92,92,92,92,92,92,95,95,95,95,95,95,102,102,102,106,106,106],"card_choices":[{"not_picked":["Clothesline","Body Slam"],"picked":"Shrug It Off","floor":0.0},{"not_picked":["Entrench","Battle Trance"],"picked":"Body Slam","floor":0.0},{"not_picked":["Searing Blow","Wild Strike"],"picked":"Evolve","floor":0.0},{"not_picked":["Evolve","Wild Strike"],"picked":"Second Wind","floor":0.0},{"not_picked":["Pommel Strike","Burning Pact"],"picked":"Rampage","floor":0.0},{"not_picked":["Wild Strike","Thunderclap"],"picked":"Warcry","floor":0.0},{"not_picked":["Thunderclap","Havoc"],"picked":"Disarm","floor":0.0},{"not_picked":["Perfected Strike","Wild Strike"],"picked":"Disarm","floor":0.0},{"not_picked":["Burning Pact","Body Slam"],"picked":"Pummel","floor":0.0},{"not_picked":["Cleave","Dropkick"],"picked":"Uppercut","floor":0.0},{"not_picked":["Second Wind","Shockwave"],"picked":"Headbutt","floor":0.0},{"not_picked":["Heavy Blade","Rupture"],"picked":"Twin Strike","floor":0.0},{"not_picked":["Headbutt","Iron Wave"],"picked":"Feel No Pain","floor":0.0},{"not_picked":["Intimidate","Perfected Strike"],"picked":"True Grit","floor":0.0},{"not_picked":["True Grit","Sever Soul"],"picked":"Dropkick","floor":0.0},{"not_picked":["Clothesline","Cleave","Thunderclap"],"picked":"SKIP","floor":1.0},{"not_picked":["Iron Wave","Pommel Strike","Wild Strike"],"picked":"SKIP","floor":5.0},{"not_picked":["Ghostly Armor","Rage","Shrug It Off"],"picked":"SKIP","floor":7.0},{"not_picked":["Perfected Strike","Heavy Blade","Sword Boomerang"],"picked":"SKIP","floor":10.0},{"not_picked":["True Grit","Heavy Blade","Anger"],"picked":"SKIP","floor":14.0},{"not_picked":["Juggernaut","Brutality"],"picked":"Feed","floor":16.0},{"not_picked":["Rage","Dual Wield","True Grit"],"picked":"SKIP","floor":18.0},{"not_picked":["Heavy Blade+1","Anger"],"picked":"Shockwave","floor":19.0},{"not_picked":["Thunderclap","Headbutt+1","Twin Strike"],"picked":"SKIP","floor":21.0},{"not_picked":["Clash","Inflame","Cleave"],"picked":"SKIP","floor":23.0},{"not_picked":["Pommel Strike","Headbutt"],"picked":"True Grit+1","floor":25.0},{"not_picked":["Pommel Strike","Spot Weakness","Body Slam"],"picked":"SKIP","floor":28.0},{"not_picked":["Pommel Strike+1","Entrench","Reaper"],"picked":"SKIP","floor":30.0},{"not_picked":["Combust+1","Pommel Strike","Rupture"],"picked":"SKIP","floor":31.0},{"not_picked":["Immolate","Offering"],"picked":"Barricade","floor":33.0},{"not_picked":["True Grit+1","Havoc","Blood for Blood+1"],"picked":"SKIP","floor":35.0},{"not_picked":["Rage","Flex+1","Twin Strike"],"picked":"SKIP","floor":36.0},{"not_picked":["Pummel","Anger","Ghostly Armor+1"],"picked":"SKIP","floor":39.0},{"not_picked":["Immolate","Perfected Strike"],"picked":"Pommel Strike+1","floor":40},{"not_picked":["Headbutt","Heavy Blade","Cleave"],"picked":"SKIP","floor":42},{"not_picked":["Havoc+1","Infernal Blade+1","Limit Break"],"picked":"SKIP","floor":44},{"not_picked":["Thunderclap","Warcry"],"picked":"Body Slam+1","floor":48}],"player_experience":557556,"relics_obtained":[{"floor":9.0,"key":"PreservedInsect"},{"floor":23.0,"key":"Anchor"},{"floor":26.0,"key":"Boot"},{"floor":28.0,"key":"Dream Catcher"},{"floor":40,"key":"Kunai"},{"floor":42,"key":"Bag of Preparation"},{"floor":43,"key":"Bottled Tornado"}],"event_choices":[{"cards_removed":["Twin Strike"],"damage_healed":0.0,"max_hp_gain":0.0,"max_hp_loss":0.0,"gold_gain":0.0,"event_name":"Living Wall","player_choice":"Forget","floor":2.0,"gold_loss":0.0,"damage_taken":0.0},{"damage_healed":0.0,"max_hp_gain":0.0,"max_hp_loss":0.0,"gold_gain":75.0,"event_name":"World of Goop","player_choice":"Gather Gold","floor":3.0,"gold_loss":0.0,"damage_taken":11.0},{"cards_removed":["Body Slam"],"damage_healed":0.0,"max_hp_gain":0.0,"max_hp_loss":0.0,"gold_gain":0.0,"event_name":"The Cleric","player_choice":"Card Removal","floor":4.0,"gold_loss":50.0,"damage_taken":0.0},{"damage_healed":0.0,"max_hp_gain":0.0,"max_hp_loss":0.0,"gold_gain":0.0,"event_name":"Liars Game","player_choice":"Ignored","floor":11.0,"gold_loss":0.0,"damage_taken":0.0},{"damage_healed":0.0,"max_hp_gain":0.0,"max_hp_loss":0.0,"gold_gain":0.0,"event_name":"Masked Bandits","player_choice":"Paid Fearfully","floor":22.0,"gold_loss":109.0,"damage_taken":0.0},{"damage_healed":0.0,"max_hp_gain":0.0,"max_hp_loss":0.0,"gold_gain":0.0,"event_name":"Addict","player_choice":"Obtained Relic","floor":29.0,"gold_loss":85.0,"damage_taken":0.0,"relics_obtained":["War Paint"]},{"damage_healed":0.0,"max_hp_gain":0.0,"max_hp_loss":0.0,"gold_gain":0.0,"event_name":"The Woman in Blue","player_choice":"Bought 0 Potions","floor":37.0,"gold_loss":0.0,"damage_taken":0.0},{"damage_healed":0,"gold_gain":0,"player_choice":"Embrace Madness","damage_taken":13,"max_hp_gain":0,"max_hp_loss":0,"event_name":"Winding Halls","floor":47,"gold_loss":0,"cards_obtained":["Madness","Madness"]}],"is_beta":false,"boss_relics":[{"not_picked":["Philosopher\u0027s Stone","Coffee Dripper"],"picked":"Sozu"},{"not_picked":["Snecko Eye","Runic Cube"],"picked":"Eternal Feather"}],"items_purged_floors":[12],"is_endless":false,"potions_floor_spawned":[7,10,18,21,28,40,44],"ascension_level":0}