{"gold_per_floor":[111,131,144,144,163,163,198,198,198,208,227,227,243,253,253,354,354],"floor_reached":17,"playtime":686,"items_purged":[],"score":169,"play_id":"87949c1e-b534-4d45-801a-53cb23bf80fe","local_time":"20190925210554","is_ascension_mode":true,"campfire_choices":[{"data":"Armaments","floor":6.0,"key":"SMITH"},{"data":"True Grit","floor":8.0,"key":"SMITH"},{"floor":15.0,"key":"REST"}],"neow_cost":"TEN_PERCENT_HP_LOSS","seed_source_timestamp":272702900116199,"circlet_count":0,"master_deck":["Bash","Shrug It Off+1","Armaments+1","True Grit+1","Offering","Good Instincts+1","Ghostly Armor","Power Through","Juggernaut"],"special_seed":0,"relics":["Burning Blood","Shovel","Shuriken","Matryoshka","Pandora\u0027s Box"],"potions_floor_usage":[16],"damage_taken":[{"damage":8.0,"enemies":"Jaw Worm","floor":1.0,"turns":4.0},{"damage":4.0,"enemies":"Cultist","floor":2.0,"turns":6.0},{"damage":2.0,"enemies":"Small Slimes","floor":3.0,"turns":3.0},{"damage":7.0,"enemies":"3 Louse","floor":5.0,"turns":5.0},{"damage":46.0,"enemies":"Gremlin Nob","floor":7.0,"turns":5.0},{"damage":11.0,"enemies":"Gremlin Gang","floor":10.0,"turns":6.0},{"damage":6.0,"enemies":"Looter","floor":11.0,"turns":3.0},{"damage":0.0,"enemies":"Blue Slaver","floor":13.0,"turns":6.0},{"damage":0.0,"enemies":"Exordium Wildlife","floor":14.0,"turns":5.0},{"damage":18,"enemies":"Hexaghost","floor":16,"turns":11}],"seed_played":"-9105123234202782568","potions_obtained":[{"floor":3.0,"key":"Explosive Potion"},{"floor":7.0,"key":"Swift Potion"},{"floor":10.0,"key":"PowerPotion"},{"floor":11.0,"key":"SpeedPotion"}],"is_trial":false,"path_per_floor":["M","M","M","?","M","R","E","R","T","M","M","?","M","M","R","B",null],"character_chosen":"IRONCLAD","items_purchased":[],"campfire_rested":1,"item_purchase_floors":[],"current_hp_per_floor":[70,72,72,72,71,71,31,31,31,26,26,12,18,24,45,33,33],"gold":354,"neow_bonus":"ONE_RARE_RELIC","is_prod":false,"is_daily":false,"chose_seed":false,"campfire_upgraded":2,"win_rate":0,"timestamp":1569413154,"path_taken":["M","M","M","?","?","R","E","R","T","M","M","?","M","M","R","BOSS"],"build_version":"2019-07-17","purchased_purges":0,"victory":false,"max_hp_per_floor":[72,72,72,72,72,72,72,72,72,72,72,72,72,72,72,72,72],"card_choices":[{"not_picked":["Body Slam","Flex"],"picked":"Shrug It Off","floor":1.0},{"not_picked":["Body Slam","Limit Break"],"picked":"Armaments","floor":2.0},{"not_picked":["Searing Blow","Burning Pact"],"picked":"True Grit","floor":3.0},{"not_picked":["Uppercut","Sever Soul","Whirlwind"],"picked":"SKIP","floor":5.0},{"not_picked":["Perfected Strike","Heavy Blade"],"picked":"Ghostly Armor","floor":7.0},{"not_picked":["Fire Breathing","Havoc"],"picked":"Power Through","floor":10.0},{"not_picked":["Pommel Strike","Armaments","Shockwave"],"picked":"SKIP","floor":11.0},{"not_picked":["Power Through","Sever Soul","Cleave"],"picked":"SKIP","floor":13.0},{"not_picked":["Warcry","Offering","Sword Boomerang"],"picked":"SKIP","floor":14.0},{"not_picked":["Offering","Brutality"],"picked":"Juggernaut","floor":16}],"player_experience":485153,"relics_obtained":[{"floor":7.0,"key":"Shuriken"},{"floor":9.0,"key":"Matryoshka"}],"event_choices":[{"damage_healed":0.0,"max_hp_gain":0.0,"max_hp_loss":0.0,"gold_gain":0.0,"event_name":"Match and Keep!","player_choice":"2 cards matched","floor":4.0,"gold_loss":0.0,"damage_taken":0.0,"cards_obtained":["Offering","Good Instincts"]},{"damage_healed":0.0,"max_hp_gain":0.0,"max_hp_loss":0.0,"gold_gain":0.0,"event_name":"Shining Light","player_choice":"Entered Light","floor":12.0,"gold_loss":0.0,"damage_taken":14.0,"cards_upgraded":["Shrug It Off","Good Instincts"]}],"is_beta":false,"boss_relics":[{"not_picked":["Coffee Dripper","Astrolabe"],"picked":"Pandora\u0027s Box"}],"items_purged_floors":[],"is_endless":false,"potions_floor_spawned":[3,7,10,11,14],"ascension_level":1}