{"gold_per_floor":[118,137,151,151,161,161,172,172,221,255,255,255,273,55,55,151,151,170,269,269,289,88,122,135,135,135,150,166,186,186,111,111,208,208,222,222,240,240,250,250,266,266,290,307,307],"floor_reached":45,"playtime":2257,"items_purged":["Strike_G"],"score":659,"play_id":"92012882-9f21-4f9d-aa92-01e286f12ea8","local_time":"20191012181316","is_ascension_mode":true,"campfire_choices":[{"data":"Deadly Poison","floor":6.0,"key":"SMITH"},{"data":"Dodge and Roll","floor":8.0,"key":"SMITH"},{"data":"Cloak And Dagger","floor":12.0,"key":"SMITH"},{"data":"Infinite Blades","floor":15.0,"key":"SMITH"},{"floor":25.0,"key":"REST"},{"floor":30.0,"key":"REST"},{"data":"Cloak And Dagger","floor":32.0,"key":"SMITH"},{"floor":40,"key":"REST"},{"floor":42,"key":"REST"}],"neow_cost":"NONE","seed_source_timestamp":150561188106900,"circlet_count":0,"master_deck":["AscendersBane","Strike_G","Strike_G","Strike_G","Strike_G","Defend_G","Defend_G","Defend_G","Defend_G","Defend_G","Survivor","Neutralize+1","Cloak And Dagger+1","Backflip+1","Deadly Poison+1","Dodge and Roll+1","Infinite Blades+1","Tools of the Trade","Neutralize","Corpse Explosion","Flash of Steel","Cloak And Dagger+1","Cloak And Dagger","Burst","A Thousand Cuts","PiercingWail+1","Secret Technique","Backflip+1","Footwork"],"special_seed":0,"relics":["Ring of the Snake","Happy Flower","Shuriken","Bronze Scales","Black Star","TwistedFunnel","Orichalcum","Bottled Flame","Dodecahedron","SlaversCollar","Bag of Preparation"],"potions_floor_usage":[39,45],"damage_taken":[{"damage":0.0,"enemies":"Cultist","floor":1.0,"turns":4.0},{"damage":3.0,"enemies":"2 Louse","floor":2.0,"turns":3.0},{"damage":1.0,"enemies":"Jaw Worm","floor":3.0,"turns":4.0},{"damage":9.0,"enemies":"Red Slaver","floor":5.0,"turns":5.0},{"damage":13.0,"enemies":"Lots of Slimes","floor":7.0,"turns":7.0},{"damage":1.0,"enemies":"Lagavulin","floor":10.0,"turns":7.0},{"damage":0.0,"enemies":"Looter","floor":13.0,"turns":3.0},{"damage":40.0,"enemies":"Slime Boss","floor":16.0,"turns":13.0},{"damage":14.0,"enemies":"2 Thieves","floor":18.0,"turns":5.0},{"damage":4.0,"enemies":"Chosen","floor":21.0,"turns":5.0},{"damage":14.0,"enemies":"Slavers","floor":23.0,"turns":3.0},{"damage":10.0,"enemies":"3 Cultists","floor":24.0,"turns":3.0},{"damage":14.0,"enemies":"Snake Plant","floor":27.0,"turns":5.0},{"damage":2.0,"enemies":"Cultist and Chosen","floor":28.0,"turns":4.0},{"damage":11.0,"enemies":"Shelled Parasite and Fungi","floor":29.0,"turns":4.0},{"damage":28.0,"enemies":"Automaton","floor":33.0,"turns":10.0},{"damage":8.0,"enemies":"3 Shapes","floor":35.0,"turns":5.0},{"damage":1.0,"enemies":"Orb Walker","floor":37.0,"turns":4.0},{"damage":23,"enemies":"Writhing Mass","floor":39,"turns":9},{"damage":29,"enemies":"3 Darklings","floor":41,"turns":6},{"damage":33,"enemies":"Spire Growth","floor":44,"turns":7},{"damage":9,"enemies":"Transient","floor":45,"turns":1}],"seed_played":"-819052790427477343","potions_obtained":[{"floor":1.0,"key":"PowerPotion"},{"floor":7.0,"key":"FearPotion"},{"floor":10.0,"key":"Weak Potion"},{"floor":16.0,"key":"CunningPotion"},{"floor":23.0,"key":"Block Potion"},{"floor":27.0,"key":"EssenceOfSteel"},{"floor":28.0,"key":"Dexterity Potion"},{"floor":29.0,"key":"Explosive Potion"},{"floor":35.0,"key":"AttackPotion"},{"floor":41,"key":"FearPotion"}],"is_trial":false,"path_per_floor":["M","M","M","?","M","R","M","R","T","E","?","R","M","$","R","B",null,"M","?","?","M","$","E","M","R","T","M","M","M","R","$","R","B",null,"M","?","M","?","M","R","M","R","T","M","M"],"character_chosen":"THE_SILENT","items_purchased":["Bronze Scales","Infinite Blades","Cloak And Dagger","TwistedFunnel"],"campfire_rested":4,"item_purchase_floors":[14,14,22,22],"current_hp_per_floor":[63,60,59,59,50,50,37,37,37,36,41,41,41,41,41,1,57,43,43,43,39,39,25,15,37,37,23,21,10,32,32,32,4,57,49,49,48,48,25,47,18,40,40,7,0],"gold":307,"neow_bonus":"UPGRADE_CARD","is_prod":false,"is_daily":false,"chose_seed":false,"campfire_upgraded":5,"win_rate":0,"timestamp":1570871596,"path_taken":["M","M","M","?","M","R","M","R","T","E","?","R","M","$","R","BOSS","M","?","?","M","$","E","M","R","T","M","M","?","R","?","R","BOSS","M","?","M","?","M","R","M","R","T","M","M"],"build_version":"2019-10-11","purchased_purges":1,"victory":false,"max_hp_per_floor":[70,70,70,70,70,70,70,70,70,70,75,75,75,75,75,75,75,75,75,75,75,75,75,75,75,75,75,75,75,75,75,75,75,75,75,75,75,75,75,75,75,75,75,75,75],"card_choices":[{"not_picked":["Skewer","Blade Dance"],"picked":"Cloak And Dagger","floor":1.0},{"not_picked":["Reflex","Endless Agony"],"picked":"Backflip","floor":2.0},{"not_picked":["Dash","Prepared"],"picked":"Deadly Poison","floor":3.0},{"not_picked":["Dagger Throw","Setup","Acrobatics"],"picked":"SKIP","floor":5.0},{"not_picked":["Blade Dance","Bane"],"picked":"Dodge and Roll","floor":7.0},{"not_picked":["Masterful Stab","Setup","Leg Sweep"],"picked":"SKIP","floor":10.0},{"not_picked":["Reflex","Prepared","Dodge and Roll"],"picked":"SKIP","floor":13.0},{"not_picked":["Glass Knife","Unload"],"picked":"Tools of the Trade","floor":16.0},{"not_picked":["Concentrate","Reflex","Bane"],"picked":"SKIP","floor":18.0},{"not_picked":["Dash","Outmaneuver","Deflect"],"picked":"SKIP","floor":21.0},{"not_picked":["Dagger Throw","Outmaneuver"],"picked":"Cloak And Dagger","floor":23.0},{"not_picked":["Bane","Distraction","Blade Dance"],"picked":"SKIP","floor":24.0},{"not_picked":["Flying Knee","Underhanded Strike","Dagger Spray"],"picked":"SKIP","floor":27.0},{"not_picked":["Skewer","Slice","Blur"],"picked":"SKIP","floor":28.0},{"not_picked":["Bane","Sucker Punch"],"picked":"Burst","floor":29.0},{"not_picked":["Glass Knife","Phantasmal Killer"],"picked":"A Thousand Cuts","floor":33.0},{"not_picked":["Poisoned Stab+1","Flying Knee"],"picked":"PiercingWail+1","floor":35.0},{"not_picked":["Purity","Transmutation"],"picked":"Secret Technique","floor":36.0},{"not_picked":["Slice","Underhanded Strike","Dodge and Roll"],"picked":"SKIP","floor":37.0},{"not_picked":["Bane","Tactician"],"picked":"Backflip+1","floor":39},{"not_picked":["Bane","All Out Attack+1"],"picked":"Footwork","floor":41},{"not_picked":["Blur","Backstab","Endless Agony"],"picked":"SKIP","floor":44}],"player_experience":658544,"relics_obtained":[{"floor":9.0,"key":"Happy Flower"},{"floor":10.0,"key":"Shuriken"},{"floor":23.0,"key":"Orichalcum"},{"floor":23.0,"key":"Bottled Flame"},{"floor":26.0,"key":"Dodecahedron"},{"floor":43,"key":"Bag of Preparation"}],"event_choices":[{"damage_healed":0.0,"max_hp_gain":0.0,"max_hp_loss":0.0,"gold_gain":0.0,"event_name":"Living Wall","player_choice":"Grow","floor":4.0,"gold_loss":0.0,"damage_taken":0.0,"cards_upgraded":["Backflip"]},{"damage_healed":0.0,"max_hp_gain":5.0,"max_hp_loss":0.0,"gold_gain":0.0,"event_name":"Big Fish","player_choice":"Donut","floor":11.0,"gold_loss":0.0,"damage_taken":0.0},{"damage_healed":0.0,"max_hp_gain":0.0,"max_hp_loss":0.0,"gold_gain":99.0,"event_name":"Nest","player_choice":"Stole From Cult","floor":19.0,"gold_loss":0.0,"damage_taken":0.0},{"damage_healed":0.0,"max_hp_gain":0.0,"max_hp_loss":0.0,"gold_gain":0.0,"event_name":"Match and Keep!","player_choice":"3 cards matched","floor":20.0,"gold_loss":0.0,"damage_taken":0.0,"cards_obtained":["Neutralize","Corpse Explosion","Flash of Steel"]},{"damage_healed":0.0,"max_hp_gain":0.0,"max_hp_loss":0.0,"gold_gain":0.0,"event_name":"SensoryStone","player_choice":"Memory 1","floor":36.0,"gold_loss":0.0,"damage_taken":0.0},{"damage_healed":0,"gold_gain":0,"player_choice":"Ignored","damage_taken":0,"max_hp_gain":0,"max_hp_loss":0,"event_name":"WeMeetAgain","floor":38,"gold_loss":0}],"is_beta":true,"boss_relics":[{"not_picked":["Calling Bell","Cursed Key"],"picked":"Black Star"},{"not_picked":["Velvet Choker","SacredBark"],"picked":"SlaversCollar"}],"items_purged_floors":[31],"is_endless":false,"potions_floor_spawned":[1,7,10,16,23,27,28,29,35,41],"killed_by":"Transient","ascension_level":10}