{"gold_per_floor":[117,117,134,147,127,155,155,188,188,202,212,223,239,259,259,330,330,330,255,27,0,0,0,0,0,0,0,0],"floor_reached":28,"playtime":1219,"items_purged":["Strike_B"],"score":394,"play_id":"6ab22481-a13d-4ba6-8f91-991f812c6a88","local_time":"20190416223711","is_ascension_mode":true,"campfire_choices":[{"data":"Zap","floor":7.0,"key":"SMITH"},{"floor":15.0,"key":"REST"},{"data":"Creative AI","floor":23,"key":"SMITH"},{"data":"Rainbow","floor":25,"key":"SMITH"}],"neow_cost":"NONE","seed_source_timestamp":0,"circlet_count":0,"master_deck":["AscendersBane","Strike_B","Strike_B","Defend_B","Defend_B","Defend_B","Zap+1","Dualcast","Glacier","Capacitor","Cold Snap","Cold Snap","Rainbow+1","Creative AI+1","Blizzard","White Noise+1","Shame","Seek"],"special_seed":0,"relics":["Cracked Core","NeowsBlessing","Cables","Blue Candle","Pear","Ectoplasm","Art of War","Nunchaku","Pen Nib"],"potions_floor_usage":[],"damage_taken":[{"damage":0.0,"enemies":"Small Slimes","floor":1.0,"turns":1.0},{"damage":0.0,"enemies":"Cultist","floor":3.0,"turns":1.0},{"damage":0.0,"enemies":"2 Louse","floor":4.0,"turns":1.0},{"damage":8.0,"enemies":"3 Sentries","floor":6.0,"turns":9.0},{"damage":18.0,"enemies":"Gremlin Nob","floor":8.0,"turns":6.0},{"damage":0.0,"enemies":"2 Fungi Beasts","floor":10.0,"turns":4.0},{"damage":6.0,"enemies":"Exordium Wildlife","floor":11.0,"turns":3.0},{"damage":5.0,"enemies":"Blue Slaver","floor":12.0,"turns":4.0},{"damage":0.0,"enemies":"2 Fungi Beasts","floor":13.0,"turns":4.0},{"damage":6.0,"enemies":"Looter","floor":14.0,"turns":3.0},{"damage":17.0,"enemies":"Hexaghost","floor":16.0,"turns":8.0},{"damage":6,"enemies":"Spheric Guardian","floor":18,"turns":4},{"damage":8,"enemies":"2 Thieves","floor":22,"turns":5},{"damage":28,"enemies":"Chosen and Byrds","floor":27,"turns":6},{"damage":27,"enemies":"Sentry and Sphere","floor":28,"turns":5}],"seed_played":"-6654436191838303401","potions_obtained":[{"floor":1.0,"key":"Fire Potion"},{"floor":5.0,"key":"LiquidBronze"},{"floor":8.0,"key":"Poison Potion"},{"floor":10.0,"key":"Strength Potion"},{"floor":11.0,"key":"FocusPotion"},{"floor":13.0,"key":"Ancient Potion"},{"floor":18,"key":"EssenceOfSteel"}],"is_trial":false,"path_per_floor":["M","?","M","M","?","E","R","E","T","M","M","M","M","M","R","B",null,"M","?","$","?","M","R","?","R","T","M","M"],"character_chosen":"DEFECT","items_purchased":["Art of War"],"campfire_rested":1,"item_purchase_floors":[20],"current_hp_per_floor":[64,57,57,57,57,49,49,31,41,41,35,30,30,24,48,31,69,63,63,63,63,55,55,55,55,55,27,0],"gold":0,"neow_bonus":"THREE_ENEMY_KILL","is_prod":false,"is_daily":false,"chose_seed":false,"campfire_upgraded":3,"win_rate":0,"timestamp":1555447031,"path_taken":["M","?","M","M","?","E","R","E","T","M","M","?","?","M","R","BOSS","M","?","$","?","M","R","?","R","T","M","?"],"build_version":"2019-01-23","purchased_purges":1,"victory":false,"max_hp_per_floor":[71,71,71,71,71,71,71,71,81,81,81,81,81,81,81,81,81,81,81,81,81,81,81,81,81,81,81,81],"card_choices":[{"not_picked":["Darkness","Force Field"],"picked":"Glacier","floor":1.0},{"not_picked":["Conserve Battery","Static Discharge"],"picked":"Capacitor","floor":3.0},{"not_picked":["Tempest","Blizzard","Reinforced Body"],"picked":"SKIP","floor":4.0},{"not_picked":["Stack","Gash"],"picked":"Cold Snap","floor":6.0},{"not_picked":["Genetic Algorithm","Conserve Battery"],"picked":"Cold Snap","floor":8.0},{"not_picked":["Turbo","Redo","Chaos"],"picked":"SKIP","floor":10.0},{"not_picked":["Rip and Tear","Hologram"],"picked":"Rainbow","floor":11.0},{"not_picked":["Gash","Storm","Steam Power"],"picked":"SKIP","floor":12.0},{"not_picked":["Hologram","Rip and Tear","Redo"],"picked":"SKIP","floor":13.0},{"not_picked":["Darkness","Gash","Auto Shields"],"picked":"SKIP","floor":14.0},{"not_picked":["Reboot","Hyperbeam"],"picked":"Creative AI","floor":16.0},{"not_picked":["Streamline","Reprogram"],"picked":"Blizzard","floor":18},{"not_picked":["Rebound","Go for the Eyes+1"],"picked":"White Noise+1","floor":22},{"not_picked":["Hologram","Aggregate"],"picked":"Seek","floor":27}],"player_experience":414777,"relics_obtained":[{"floor":6.0,"key":"Cables"},{"floor":8.0,"key":"Blue Candle"},{"floor":9.0,"key":"Pear"},{"floor":26,"key":"Pen Nib"}],"event_choices":[{"cards_removed":["Defend_B"],"damage_healed":0.0,"max_hp_gain":0.0,"max_hp_loss":0.0,"gold_gain":0.0,"event_name":"Golden Wing","player_choice":"Card Removal","floor":2.0,"gold_loss":0.0,"damage_taken":7.0},{"damage_healed":0.0,"max_hp_gain":0.0,"max_hp_loss":0.0,"gold_gain":0.0,"event_name":"The Woman in Blue","player_choice":"Bought 1 Potion","floor":5.0,"gold_loss":0.0,"damage_taken":0.0},{"cards_removed":["Strike_B"],"damage_healed":0,"gold_gain":0,"player_choice":"Gave Gold","damage_taken":0,"max_hp_gain":0,"max_hp_loss":0,"event_name":"Beggar","floor":19,"gold_loss":75},{"damage_healed":0,"gold_gain":0,"player_choice":"Paid Fearfully","damage_taken":0,"max_hp_gain":0,"max_hp_loss":0,"event_name":"Masked Bandits","floor":21,"gold_loss":27},{"damage_healed":0,"gold_gain":0,"player_choice":"Stole Relic","damage_taken":0,"relics_obtained":["Nunchaku"],"max_hp_gain":0,"max_hp_loss":0,"event_name":"Addict","floor":24,"gold_loss":0,"cards_obtained":["Shame"]}],"is_beta":false,"boss_relics":[{"not_picked":["Eternal Feather","Cursed Key"],"picked":"Ectoplasm"}],"items_purged_floors":[20],"is_endless":false,"potions_floor_spawned":[1,8,10,11,13,18,27],"killed_by":"Sentry and Sphere","ascension_level":14}