{"gold_per_floor":[110,130,150,162,177,177,197,197,197,215,247,247,274,291,291,388,388,399,121,121,133,39,39,72,72,98,98,98,23,41,72,72,176,176,191,210,210,210,310,310,339,230,230,259,184,184,196,208,208,208],"floor_reached":51,"playtime":2610,"items_purged":["Bash","Strike_R","Strike_R","Defend_R"],"score":780,"play_id":"2a03674a-da5c-4c96-933c-6167a4b11725","local_time":"20190919122900","is_ascension_mode":false,"campfire_choices":[{"data":"Uppercut","floor":6,"key":"SMITH"},{"data":"Carnage","floor":8,"key":"SMITH"},{"data":"Whirlwind","floor":12,"key":"SMITH"},{"data":"Iron Wave","floor":15,"key":"SMITH"},{"data":"Good Instincts","floor":23,"key":"SMITH"},{"data":"Flame Barrier","floor":28,"key":"SMITH"},{"floor":32,"key":"REST"},{"data":"Limit Break","floor":40,"key":"SMITH"},{"floor":46,"key":"REST"},{"data":"Demon Form","floor":49,"key":"SMITH"}],"neow_cost":"NONE","seed_source_timestamp":469285606433100,"circlet_count":0,"master_deck":["Defend_R+1","Defend_R+1","Defend_R","Iron Wave+1","Carnage+1","Uppercut+1","Metallicize","Battle Trance","Whirlwind+1","Flex","Demon Form+1","Feed","Trip","Spot Weakness","Seeing Red","Good Instincts+1","Flame Barrier+1","Shrug It Off+1","Limit Break+1","Blind","Double Tap","Deep Breath","Clothesline+1","Whirlwind+1"],"relics":["Burning Blood","Blood Vial","Bag of Marbles","War Paint","Juzu Bracelet","Cursed Key","Membership Card","Sundial","Ancient Tea Set","Orichalcum","Velvet Choker","Incense Burner","Gambling Chip"],"potions_floor_usage":[44],"damage_taken":[{"damage":5,"enemies":"Cultist","floor":1,"turns":4},{"damage":12,"enemies":"Jaw Worm","floor":2,"turns":7},{"damage":6,"enemies":"Small Slimes","floor":3,"turns":3},{"damage":8,"enemies":"Red Slaver","floor":4,"turns":4},{"damage":7,"enemies":"Looter","floor":5,"turns":4},{"damage":0,"enemies":"Exordium Wildlife","floor":7,"turns":5},{"damage":5,"enemies":"Large Slime","floor":10,"turns":4},{"damage":4,"enemies":"Gremlin Nob","floor":11,"turns":3},{"damage":10,"enemies":"3 Sentries","floor":13,"turns":4},{"damage":2,"enemies":"Looter","floor":14,"turns":2},{"damage":20,"enemies":"The Guardian","floor":16,"turns":13},{"damage":0,"enemies":"3 Byrds","floor":18,"turns":4},{"damage":19,"enemies":"Shell Parasite","floor":21,"turns":3},{"damage":27,"enemies":"Book of Stabbing","floor":24,"turns":6},{"damage":4,"enemies":"Snake Plant","floor":30,"turns":4},{"damage":33,"enemies":"Slavers","floor":31,"turns":4},{"damage":17,"enemies":"Collector","floor":33,"turns":7},{"damage":3,"enemies":"3 Shapes","floor":35,"turns":3},{"damage":9,"enemies":"Orb Walker","floor":36,"turns":5},{"damage":5,"enemies":"Mind Bloom Boss Battle","floor":39,"turns":6},{"damage":14,"enemies":"Giant Head","floor":41,"turns":9},{"damage":38,"enemies":"Reptomancer","floor":44,"turns":7},{"damage":13,"enemies":"3 Darklings","floor":47,"turns":12},{"damage":5,"enemies":"Spire Growth","floor":48,"turns":6},{"damage":20,"enemies":"Time Eater","floor":50,"turns":7}],"seed_played":"3583652947934117108","potions_obtained":[{"floor":2,"key":"Dexterity Potion"},{"floor":3,"key":"Block Potion"},{"floor":4,"key":"Weak Potion"},{"floor":48,"key":"AttackPotion"}],"is_trial":false,"path_per_floor":["M","M","M","M","M","R","M","R","T","M","E","R","E","M","R","B",null,"M","$","?","M","$","R","E","?","T","?","R","?","M","E","R","B",null,"M","M","?","?","?","R","E","$","T","E","$","R","M","M","R","B",null],"character_chosen":"IRONCLAD","items_purchased":["Membership Card","Trip","Good Instincts","Deep Breath"],"campfire_rested":2,"item_purchase_floors":[19,19,22,42],"current_hp_per_floor":[80,74,76,76,77,77,80,80,80,80,80,80,76,80,80,66,80,80,80,80,67,67,67,48,48,48,48,48,48,52,27,51,45,83,83,80,80,80,83,83,75,75,75,45,45,69,64,67,67,55],"gold":208,"neow_bonus":"RANDOM_COMMON_RELIC","is_prod":false,"is_daily":false,"chose_seed":false,"campfire_upgraded":8,"win_rate":0,"timestamp":1568863740,"path_taken":["M","M","M","M","M","R","M","R","T","M","E","R","E","M","R","BOSS","M","$","?","M","$","R","E","?","T","?","R","?","M","E","R","BOSS","M","M","?","?","?","R","E","$","T","E","?","R","M","M","R","BOSS"],"build_version":"2019-07-17","purchased_purges":4,"victory":true,"max_hp_per_floor":[80,80,80,80,80,80,80,80,80,80,80,80,80,80,80,80,80,80,80,80,80,80,80,80,80,80,80,80,80,80,80,80,83,83,83,83,83,83,83,83,83,83,83,83,83,83,83,83,83,83],"card_choices":[{"not_picked":["Twin Strike","Rupture"],"picked":"Iron Wave","floor":1},{"not_picked":["Body Slam","Perfected Strike"],"picked":"Carnage","floor":2},{"not_picked":["Twin Strike","Infernal Blade","Pommel Strike"],"picked":"SKIP","floor":3},{"not_picked":["Sever Soul","Ghostly Armor"],"picked":"Uppercut","floor":4},{"not_picked":["Headbutt","Iron Wave"],"picked":"Metallicize","floor":5},{"not_picked":["Bludgeon","Feel No Pain"],"picked":"Battle Trance","floor":7},{"not_picked":["Flex","Combust"],"picked":"Whirlwind","floor":10},{"not_picked":["Sword Boomerang","Blood for Blood"],"picked":"Flex","floor":11},{"not_picked":["Armaments","Thunderclap"],"picked":"Demon Form","floor":13},{"not_picked":["Havoc","True Grit","Iron Wave"],"picked":"SKIP","floor":14},{"not_picked":["Immolate","Bludgeon"],"picked":"Feed","floor":16},{"not_picked":["Iron Wave","Body Slam+1","Headbutt+1"],"picked":"SKIP","floor":18},{"not_picked":["Warcry","Seeing Red","Twin Strike"],"picked":"SKIP","floor":21},{"not_picked":["Warcry","Dropkick"],"picked":"Flame Barrier","floor":24},{"not_picked":["Pommel Strike","Pummel","Sword Boomerang"],"picked":"SKIP","floor":30},{"not_picked":["Thunderclap","Headbutt+1"],"picked":"Shrug It Off+1","floor":31},{"not_picked":["Double Tap","Offering"],"picked":"Limit Break","floor":33},{"not_picked":["Entrench","Cleave","Clothesline+1"],"picked":"SKIP","floor":35},{"not_picked":["True Grit","Heavy Blade","Armaments"],"picked":"SKIP","floor":36},{"not_picked":["Enlightenment","Apotheosis"],"picked":"Blind","floor":38},{"not_picked":["Twin Strike","Cleave+1"],"picked":"Double Tap","floor":41},{"not_picked":["Flex+1","Sword Boomerang"],"picked":"Clothesline+1","floor":44},{"not_picked":["Sword Boomerang+1","Pummel","Shockwave+1"],"picked":"SKIP","floor":47},{"not_picked":["Pommel Strike","Perfected Strike"],"picked":"Whirlwind+1","floor":48}],"player_experience":427442,"relics_obtained":[{"floor":9,"key":"Bag of Marbles"},{"floor":11,"key":"War Paint"},{"floor":13,"key":"Juzu Bracelet"},{"floor":24,"key":"Sundial"},{"floor":26,"key":"Ancient Tea Set"},{"floor":31,"key":"Orichalcum"},{"floor":39,"key":"Incense Burner"},{"floor":44,"key":"Gambling Chip"}],"event_choices":[{"damage_healed":0,"gold_gain":0,"cards_transformed":["Strike_R","Strike_R"],"player_choice":"Became Test Subject","damage_taken":0,"max_hp_gain":0,"max_hp_loss":0,"event_name":"Drug Dealer","floor":20,"gold_loss":0,"cards_obtained":["Spot Weakness","Seeing Red"]},{"cards_removed":["Strike_R"],"damage_healed":0,"gold_gain":0,"player_choice":"Elegance","damage_taken":0,"max_hp_gain":0,"max_hp_loss":0,"event_name":"Back to Basics","floor":25,"gold_loss":0},{"damage_healed":0,"gold_gain":0,"player_choice":"Ignored","damage_taken":0,"max_hp_gain":0,"max_hp_loss":0,"event_name":"Ghosts","floor":27,"gold_loss":0},{"cards_removed":["Injury"],"damage_healed":0,"gold_gain":0,"player_choice":"Gave Gold","damage_taken":0,"max_hp_gain":0,"max_hp_loss":0,"event_name":"Beggar","floor":29,"gold_loss":75},{"damage_healed":0,"gold_gain":0,"player_choice":"Ignored","damage_taken":0,"max_hp_gain":0,"max_hp_loss":0,"event_name":"NoteForYourself","floor":37,"gold_loss":0},{"damage_healed":0,"gold_gain":0,"player_choice":"Memory 1","damage_taken":0,"max_hp_gain":0,"max_hp_loss":0,"event_name":"SensoryStone","floor":38,"gold_loss":0},{"damage_healed":0,"gold_gain":0,"player_choice":"Fight","damage_taken":0,"max_hp_gain":0,"max_hp_loss":0,"event_name":"MindBloom","floor":39,"gold_loss":0}],"is_beta":false,"boss_relics":[{"not_picked":["Calling Bell","Tiny House"],"picked":"Cursed Key"},{"not_picked":["Coffee Dripper","Mark of Pain"],"picked":"Velvet Choker"}],"items_purged_floors":[19,22,42,45],"is_endless":false,"potions_floor_spawned":[2,3,4,13,16,18,24,36,39,41,48],"ascension_level":0}