{"gold_per_floor":[115,115,190,67,77,105,105,105,105,117,117,146,146,173,173,275,275,290,303,125,142,155,155,155,155,203,218,218,237,248,248,248,349,349,359,399,499,499,523,523,541,556,582,17,29,29,0,13,13,13],"floor_reached":51,"playtime":1719,"items_purged":["Strike_P","Strike_P","Strike_P"],"score":1042,"play_id":"e8379033-4244-4a2e-bac9-f904a3bc0711","local_time":"20191010004637","is_ascension_mode":true,"campfire_choices":[{"data":"1","floor":8.0,"key":"LIFT"},{"data":"2","floor":11.0,"key":"LIFT"},{"data":"3","floor":15.0,"key":"LIFT"},{"data":"LikeWater","floor":23,"key":"SMITH"},{"data":"Vigilance","floor":25,"key":"SMITH"},{"data":"Judgement","floor":28,"key":"SMITH"},{"data":"Devotion","floor":32,"key":"SMITH"},{"data":"Wish","floor":40,"key":"SMITH"},{"data":"CutThroughFate","floor":49,"key":"SMITH"}],"neow_cost":"NONE","seed_source_timestamp":2262011039683700,"circlet_count":0,"master_deck":["Strike_P","Defend_P","Defend_P","Defend_P","Defend_P","Eruption+1","Vigilance+1","BowlingBash","FlyingSleeves+1","Conclude","WheelKick+1","CutThroughFate+1","Devotion+1","LikeWater+1","Judgement+1","Wish+1","ThirdEye+1"],"special_seed":0,"relics":["PureWater","Bag of Marbles","Girya","Anchor","Pantograph","MealTicket","Snecko Eye","Dream Catcher","InkBottle","Busted Crown","Calipers","Bronze Scales","Art of War","Ice Cream","Vajra","Red Mask"],"potions_floor_usage":[33,33,50,50,50],"damage_taken":[{"damage":3.0,"enemies":"Jaw Worm","floor":1.0,"turns":5.0},{"damage":0.0,"enemies":"2 Louse","floor":5.0,"turns":2.0},{"damage":0.0,"enemies":"Gremlin Nob","floor":6.0,"turns":2.0},{"damage":0.0,"enemies":"Small Slimes","floor":10.0,"turns":1.0},{"damage":0.0,"enemies":"Lagavulin","floor":12.0,"turns":3.0},{"damage":12.0,"enemies":"3 Sentries","floor":14.0,"turns":6.0},{"damage":22.0,"enemies":"The Guardian","floor":16.0,"turns":8.0},{"damage":0.0,"enemies":"2 Thieves","floor":18.0,"turns":2.0},{"damage":7.0,"enemies":"Shell Parasite","floor":19.0,"turns":5.0},{"damage":6.0,"enemies":"Shelled Parasite and Fungi","floor":21.0,"turns":3.0},{"damage":0,"enemies":"Snecko","floor":22,"turns":2},{"damage":3,"enemies":"Centurion and Healer","floor":27,"turns":2},{"damage":2,"enemies":"Cultist and Chosen","floor":29,"turns":2},{"damage":15,"enemies":"Snake Plant","floor":30,"turns":4},{"damage":15,"enemies":"Collector","floor":33,"turns":6},{"damage":0,"enemies":"Orb Walker","floor":35,"turns":2},{"damage":4,"enemies":"3 Shapes","floor":36,"turns":3},{"damage":0,"enemies":"Mind Bloom Boss Battle","floor":37,"turns":3},{"damage":8,"enemies":"Maw","floor":41,"turns":5},{"damage":0,"enemies":"Jaw Worm Horde","floor":42,"turns":2},{"damage":0,"enemies":"Sphere and 2 Shapes","floor":45,"turns":2},{"damage":0,"enemies":"3 Darklings","floor":48,"turns":1},{"damage":29,"enemies":"Time Eater","floor":50,"turns":9}],"seed_played":"-7619982272389839642","potions_obtained":[{"floor":1.0,"key":"Weak Potion"},{"floor":6.0,"key":"SkillPotion"},{"floor":12.0,"key":"Energy Potion"},{"floor":19.0,"key":"Strength Potion"},{"floor":27,"key":"FearPotion"},{"floor":30,"key":"Dexterity Potion"},{"floor":33,"key":"StancePotion"},{"floor":35,"key":"Swift Potion"}],"is_trial":false,"path_per_floor":["M","?","?","$","M","E","?","R","T","M","R","E","?","E","R","B",null,"M","M","$","M","M","R","?","R","T","M","R","M","M","T","R","B",null,"M","M","?","?","T","R","M","M","T","$","M","$","?","M","R","B",null],"character_chosen":"WATCHER","items_purchased":["FlyingSleeves","Judgement","Ice Cream","Vajra"],"campfire_rested":0,"item_purchase_floors":[4,20,44,44],"current_hp_per_floor":[62,59,48,48,48,48,48,48,48,48,48,48,48,36,36,39,64,64,57,72,66,66,66,66,66,66,63,63,61,46,46,46,56,68,68,64,72,72,72,72,64,64,64,72,72,72,72,72,72,43],"gold":13,"neow_bonus":"UPGRADE_CARD","is_prod":false,"is_daily":false,"chose_seed":false,"campfire_upgraded":6,"win_rate":0,"timestamp":1570661197,"path_taken":["M","?","?","$","M","E","?","R","T","?","R","E","?","E","R","BOSS","M","M","$","?","M","R","?","R","T","?","R","M","M","?","R","BOSS","M","M","?","?","?","R","M","?","T","$","M","?","?","M","R","BOSS"],"build_version":"2019-10-09","purchased_purges":3,"victory":true,"max_hp_per_floor":[72,72,72,72,72,72,72,72,72,72,72,72,72,72,72,72,72,72,72,72,72,72,72,72,72,72,72,72,72,72,72,72,72,72,72,72,72,72,72,72,72,72,72,72,72,72,72,72,72,72],"card_choices":[{"not_picked":["Evaluate","SashWhip"],"picked":"BowlingBash","floor":1.0},{"not_picked":["PathToVictory","WaveOfTheHand","Indignation"],"picked":"SKIP","floor":5.0},{"not_picked":["SignatureMove","FollowUp"],"picked":"Conclude","floor":6.0},{"not_picked":["Consecrate","Wallop"],"picked":"WheelKick","floor":10.0},{"not_picked":["Halt","PathToVictory"],"picked":"CutThroughFate","floor":12.0},{"not_picked":["SashWhip","ConjureBlade","FlyingSleeves"],"picked":"SKIP","floor":14.0},{"not_picked":["DevaForm","Vault"],"picked":"Devotion","floor":16.0},{"not_picked":["Meditate","EmptyBody"],"picked":"LikeWater","floor":18.0},{"not_picked":["Swivel","FlurryOfBlows","WheelKick"],"picked":"SKIP","floor":19.0},{"not_picked":["WindmillStrike","Crescendo","ThirdEye"],"picked":"SKIP","floor":21.0},{"not_picked":["PathToVictory","FollowUp","Crescendo"],"picked":"SKIP","floor":22},{"not_picked":["Prostrate","BowlingBash","Sanctity+1"],"picked":"SKIP","floor":27},{"not_picked":["Conclude","Omniscience","Wireheading"],"picked":"SKIP","floor":29},{"not_picked":["BowlingBash","EmptyFist","Perseverance"],"picked":"SKIP","floor":30},{"not_picked":["Alpha","Judgement"],"picked":"Wish","floor":33},{"not_picked":["Flick"],"picked":"SKIP","floor":35},{"not_picked":["FollowUp+1"],"picked":"SKIP","floor":36},{"not_picked":["Weave"],"picked":"SKIP","floor":41},{"not_picked":[],"picked":"ThirdEye+1","floor":42},{"not_picked":["Weave+1"],"picked":"SKIP","floor":45},{"not_picked":["ThirdEye"],"picked":"SKIP","floor":48}],"player_experience":475415,"relics_obtained":[{"floor":6.0,"key":"Girya"},{"floor":9.0,"key":"Anchor"},{"floor":12.0,"key":"Pantograph"},{"floor":14.0,"key":"MealTicket"},{"floor":26,"key":"Dream Catcher"},{"floor":31,"key":"InkBottle"},{"floor":37,"key":"Calipers"},{"floor":39,"key":"Bronze Scales"},{"floor":43,"key":"Art of War"}],"event_choices":[{"damage_healed":0.0,"max_hp_gain":0.0,"max_hp_loss":0.0,"gold_gain":0.0,"event_name":"Scrap Ooze","player_choice":"Success","floor":2.0,"gold_loss":0.0,"damage_taken":3.0,"relics_obtained":["Bag of Marbles"]},{"damage_healed":0.0,"max_hp_gain":0.0,"max_hp_loss":0.0,"gold_gain":75.0,"event_name":"World of Goop","player_choice":"Gather Gold","floor":3.0,"gold_loss":0.0,"damage_taken":11.0},{"damage_healed":0.0,"max_hp_gain":0.0,"max_hp_loss":0.0,"gold_gain":0.0,"event_name":"Accursed Blacksmith","player_choice":"Forge","floor":7.0,"gold_loss":0.0,"damage_taken":0.0,"cards_upgraded":["FlyingSleeves"]},{"damage_healed":0.0,"max_hp_gain":0.0,"max_hp_loss":0.0,"gold_gain":0.0,"event_name":"Upgrade Shrine","player_choice":"Upgraded","floor":13.0,"gold_loss":0.0,"damage_taken":0.0,"cards_upgraded":["WheelKick"]},{"damage_healed":0,"gold_gain":0,"player_choice":"Bought 0 Potions","damage_taken":0,"max_hp_gain":0,"max_hp_loss":0,"event_name":"The Woman in Blue","floor":24,"gold_loss":0},{"damage_healed":0,"gold_gain":0,"player_choice":"Fight","damage_taken":0,"max_hp_gain":0,"max_hp_loss":0,"event_name":"MindBloom","floor":37,"gold_loss":0},{"damage_healed":0,"gold_gain":0,"player_choice":"Ignored","damage_taken":0,"max_hp_gain":0,"max_hp_loss":0,"event_name":"Mysterious Sphere","floor":38,"gold_loss":0},{"damage_healed":0,"gold_gain":0,"player_choice":"Paid","damage_taken":0,"relics_obtained":["Red Mask"],"max_hp_gain":0,"max_hp_loss":0,"event_name":"Tomb of Lord Red Mask","floor":47,"gold_loss":29}],"is_beta":true,"boss_relics":[{"not_picked":["Tiny House","Cursed Key"],"picked":"Snecko Eye"},{"not_picked":["VioletLotus","Runic Dome"],"picked":"Busted Crown"}],"items_purged_floors":[4,20,44],"is_endless":false,"potions_floor_spawned":[1,6,12,19,27,30,33,35,48],"ascension_level":6}