{"gold_per_floor":[109,127,143,162,178,178,207,224,224,224,224,44,44,57,57,128,128,146,146,34,34,34,34,6,39,65,65,76,76,88,99,99,177,177,196,209,209,209,226,226,256,256,256,90,90,90,34,49,49,49,49],"floor_reached":51,"playtime":4658,"items_purged":["Strike_B"],"score":1340,"play_id":"0314f6bb-3dd5-4cad-aedf-9bf63452cac4","local_time":"20191008203208","is_ascension_mode":true,"campfire_choices":[{"data":"Mayhem","floor":6.0,"key":"SMITH"},{"floor":10.0,"key":"REST"},{"data":"Defragment","floor":15.0,"key":"SMITH"},{"data":"Defragment","floor":23.0,"key":"SMITH"},{"floor":27.0,"key":"REST"},{"floor":29.0,"key":"REST"},{"data":"Loop","floor":32.0,"key":"SMITH"},{"floor":40.0,"key":"REST"},{"floor":46.0,"key":"REST"},{"floor":49.0,"key":"REST"}],"neow_cost":"TEN_PERCENT_HP_LOSS","seed_source_timestamp":299134205283900,"circlet_count":0,"master_deck":["AscendersBane","Defend_B","Defend_B","Defend_B","Zap","Dualcast","Mayhem+1","Dramatic Entrance","Genetic Algorithm","Capacitor","Defragment+1","Cold Snap","Hologram","Coolheaded","Electrodynamics","Seek","Barrage+1","Go for the Eyes","Sweeping Beam","Defragment+1","Cold Snap","Cold Snap+1","Loop+1","Compile Driver+1","Amplify","Conserve Battery+1","Conserve Battery+1","Chill","Buffer"],"special_seed":0,"relics":["Cracked Core","Mercury Hourglass","Ice Cream","Darkstone Periapt","Torii","DataDisk","Empty Cage","Meat on the Bone","Whetstone"],"potions_floor_usage":[51],"damage_taken":[{"damage":1.0,"enemies":"Cultist","floor":1.0,"turns":4.0},{"damage":7.0,"enemies":"Jaw Worm","floor":2.0,"turns":2.0},{"damage":0.0,"enemies":"Small Slimes","floor":3.0,"turns":2.0},{"damage":17.0,"enemies":"Exordium Thugs","floor":4.0,"turns":4.0},{"damage":2.0,"enemies":"2 Fungi Beasts","floor":5.0,"turns":3.0},{"damage":19.0,"enemies":"3 Sentries","floor":7.0,"turns":8.0},{"damage":13.0,"enemies":"Blue Slaver","floor":8.0,"turns":3.0},{"damage":0.0,"enemies":"Gremlin Gang","floor":14.0,"turns":3.0},{"damage":22.0,"enemies":"Slime Boss","floor":16.0,"turns":6.0},{"damage":19.0,"enemies":"Shell Parasite","floor":18.0,"turns":9.0},{"damage":25.0,"enemies":"Book of Stabbing","floor":25.0,"turns":6.0},{"damage":0.0,"enemies":"Chosen","floor":28.0,"turns":6.0},{"damage":1.0,"enemies":"Snecko","floor":30.0,"turns":4.0},{"damage":0.0,"enemies":"Cultist and Chosen","floor":31.0,"turns":3.0},{"damage":29.0,"enemies":"Champ","floor":33.0,"turns":15.0},{"damage":14.0,"enemies":"Orb Walker","floor":35.0,"turns":6.0},{"damage":1.0,"enemies":"3 Shapes","floor":36.0,"turns":3.0},{"damage":30.0,"enemies":"Jaw Worm Horde","floor":39.0,"turns":5.0},{"damage":0.0,"enemies":"Giant Head","floor":41.0,"turns":12.0},{"damage":21.0,"enemies":"4 Shapes","floor":48.0,"turns":5.0},{"damage":29.0,"enemies":"Time Eater","floor":50.0,"turns":16.0},{"damage":49,"enemies":"Awakened One","floor":51,"turns":3}],"seed_played":"-4029132738030173343","potions_obtained":[{"floor":1.0,"key":"SkillPotion"},{"floor":2.0,"key":"EssenceOfSteel"},{"floor":5.0,"key":"Dexterity Potion"},{"floor":8.0,"key":"Fire Potion"},{"floor":16.0,"key":"EssenceOfSteel"},{"floor":18.0,"key":"SteroidPotion"},{"floor":25.0,"key":"Fire Potion"},{"floor":28.0,"key":"GamblersBrew"},{"floor":35.0,"key":"Energy Potion"}],"is_trial":false,"path_per_floor":["M","M","M","M","M","R","E","M","T","R","?","$","?","M","R","B",null,"M","?","$","?","T","R","$","E","T","R","M","R","M","M","R","B",null,"M","M","$","?","M","R","E","?","T","$","?","R","$","M","R","B","B"],"character_chosen":"DEFECT","items_purchased":["Electrodynamics","Defragment","Cold Snap","Buffer","SteroidPotion"],"campfire_rested":6,"item_purchase_floors":[12,20,24,44,47],"current_hp_per_floor":[63,56,56,39,37,37,18,5,5,24,24,24,24,24,24,2,49,30,30,30,30,30,30,30,5,5,24,24,43,42,42,42,13,51,37,36,36,36,6,25,25,25,25,25,25,43,43,34,52,35,0],"gold":49,"neow_bonus":"RANDOM_COLORLESS_2","is_prod":false,"is_daily":false,"chose_seed":false,"campfire_upgraded":4,"win_rate":0,"timestamp":1570534328,"path_taken":["M","M","?","M","M","R","E","M","T","R","?","$","?","M","R","BOSS","M","?","$","?","?","R","$","E","T","R","M","R","?","M","R","BOSS","M","M","$","?","?","R","E","?","T","?","?","R","$","M","R","BOSS","BOSS"],"build_version":"2019-07-17","purchased_purges":1,"victory":false,"max_hp_per_floor":[64,64,64,64,64,64,64,64,64,64,64,64,64,64,64,64,64,64,64,64,64,64,64,64,64,64,64,64,64,64,64,64,64,64,64,64,64,64,64,64,64,64,64,64,61,61,61,61,61,61,61],"card_choices":[{"not_picked":["Lockon","Turbo","Go for the Eyes"],"picked":"SKIP","floor":1.0},{"not_picked":["Hologram","Steam Power"],"picked":"Genetic Algorithm","floor":2.0},{"not_picked":["Stack","Storm"],"picked":"Capacitor","floor":3.0},{"not_picked":["Fusion","Auto Shields"],"picked":"Defragment","floor":4.0},{"not_picked":["Redo","Melter"],"picked":"Cold Snap","floor":5.0},{"not_picked":["Stack","Amplify"],"picked":"Hologram","floor":7.0},{"not_picked":["Beam Cell","Sweeping Beam"],"picked":"Coolheaded","floor":8.0},{"not_picked":["Beam Cell","Hologram","Coolheaded"],"picked":"SKIP","floor":14.0},{"not_picked":["Amplify","Buffer"],"picked":"Seek","floor":16.0},{"not_picked":["Heatsinks","Chill"],"picked":"Barrage+1","floor":18.0},{"not_picked":["Ball Lightning","Rebound+1"],"picked":"Cold Snap","floor":25.0},{"not_picked":["Force Field","Leap"],"picked":"Loop","floor":28.0},{"not_picked":["Hologram","Stack","Storm"],"picked":"SKIP","floor":30.0},{"not_picked":["Skim+1","Streamline+1"],"picked":"Compile Driver","floor":31.0},{"not_picked":["Machine Learning","Core Surge"],"picked":"Amplify","floor":33.0},{"not_picked":["Streamline+1","Hologram","Defragment"],"picked":"SKIP","floor":35.0},{"not_picked":["Ball Lightning","Leap"],"picked":"Conserve Battery+1","floor":36.0},{"not_picked":["Steam+1","Darkness"],"picked":"Chill","floor":39.0},{"not_picked":["Go for the Eyes","Conserve Battery+1","Skim"],"picked":"SKIP","floor":41.0},{"not_picked":["Sweeping Beam","Turbo","Steam"],"picked":"SKIP","floor":48.0}],"player_experience":595785,"relics_obtained":[{"floor":7.0,"key":"Mercury Hourglass"},{"floor":9.0,"key":"Ice Cream"},{"floor":22.0,"key":"Darkstone Periapt"},{"floor":25.0,"key":"Torii"},{"floor":26.0,"key":"DataDisk"},{"floor":41.0,"key":"Meat on the Bone"},{"floor":43.0,"key":"Whetstone"}],"event_choices":[{"damage_healed":0.0,"max_hp_gain":0.0,"max_hp_loss":0.0,"gold_gain":0.0,"event_name":"Scrap Ooze","player_choice":"Fled","floor":11.0,"gold_loss":0.0,"damage_taken":0.0},{"damage_healed":0.0,"max_hp_gain":0.0,"max_hp_loss":0.0,"gold_gain":0.0,"event_name":"Golden Wing","player_choice":"Ignored","floor":13.0,"gold_loss":0.0,"damage_taken":0.0},{"damage_healed":0.0,"max_hp_gain":0.0,"max_hp_loss":0.0,"gold_gain":0.0,"cards_transformed":["Strike_B","Strike_B"],"event_name":"Drug Dealer","player_choice":"Became Test Subject","floor":19.0,"gold_loss":0.0,"damage_taken":0.0,"cards_obtained":["Go for the Eyes","Sweeping Beam"]},{"damage_healed":0.0,"max_hp_gain":0.0,"max_hp_loss":0.0,"gold_gain":0.0,"event_name":"The Mausoleum","player_choice":"Ignored","floor":21.0,"gold_loss":0.0,"damage_taken":0.0},{"damage_healed":0.0,"max_hp_gain":0.0,"max_hp_loss":0.0,"gold_gain":0.0,"event_name":"Duplicator","player_choice":"Copied","floor":38.0,"gold_loss":0.0,"damage_taken":0.0,"cards_obtained":["Conserve Battery"]},{"damage_healed":0.0,"max_hp_gain":0.0,"max_hp_loss":0.0,"gold_gain":0.0,"event_name":"Mysterious Sphere","player_choice":"Ignored","floor":42.0,"gold_loss":0.0,"damage_taken":0.0},{"damage_healed":0.0,"max_hp_gain":0.0,"max_hp_loss":3.0,"gold_gain":0.0,"event_name":"Winding Halls","player_choice":"Max HP","floor":45.0,"gold_loss":0.0,"damage_taken":0.0}],"is_beta":false,"boss_relics":[{"not_picked":["Philosopher\u0027s Stone","Coffee Dripper","Busted Crown"]},{"not_picked":["Tiny House","Runic Pyramid"],"picked":"Empty Cage"}],"items_purged_floors":[20],"is_endless":false,"potions_floor_spawned":[1,2,5,8,16,18,25,28,35,48],"killed_by":"Awakened One","ascension_level":20}