{"gold_per_floor":[118,68,79,79,93,126,126,126,207,221,233,247,247,267,267,267],"floor_reached":16,"playtime":643,"items_purged":[],"score":175,"play_id":"576b143c-f75f-4861-9f88-a78a4d95a28a","local_time":"20191022072533","is_ascension_mode":true,"campfire_choices":[{"floor":8,"key":"REST"},{"floor":13,"key":"REST"},{"data":"Blur","floor":15,"key":"SMITH"}],"neow_cost":"NONE","seed_source_timestamp":235364811809900,"circlet_count":0,"master_deck":["AscendersBane","Strike_G","Strike_G","Strike_G","Strike_G","Defend_G","Defend_G","Defend_G","Defend_G","Defend_G","Survivor","Neutralize","PiercingWail","Riddle With Holes","Well Laid Plans","Dagger Spray","Burst","Blur+1","Escape Plan","All Out Attack","Crippling Poison"],"relics":["Ring of the Snake","Prayer Wheel","HornCleat"],"potions_floor_usage":[6,7,14],"damage_taken":[{"damage":16,"enemies":"Jaw Worm","floor":1,"turns":9},{"damage":13,"enemies":"Cultist","floor":3,"turns":6},{"damage":2,"enemies":"2 Louse","floor":5,"turns":3},{"damage":37,"enemies":"Lagavulin","floor":6,"turns":10},{"damage":0,"enemies":"Looter","floor":7,"turns":1},{"damage":11,"enemies":"Gremlin Gang","floor":10,"turns":8},{"damage":2,"enemies":"Large Slime","floor":11,"turns":9},{"damage":10,"enemies":"2 Fungi Beasts","floor":12,"turns":4},{"damage":4,"enemies":"Exordium Thugs","floor":14,"turns":4},{"damage":30,"enemies":"Slime Boss","floor":16,"turns":3}],"seed_played":"-7098684459840129680","potions_obtained":[{"floor":3,"key":"DuplicationPotion"},{"floor":4,"key":"SmokeBomb"},{"floor":6,"key":"PowerPotion"},{"floor":11,"key":"Explosive Potion"}],"is_trial":false,"path_per_floor":["M","?","M","?","M","E","M","R","T","M","M","M","R","M","R","B"],"character_chosen":"THE_SILENT","items_purchased":[],"campfire_rested":2,"item_purchase_floors":[],"current_hp_per_floor":[54,54,41,41,39,2,2,25,25,14,12,2,25,21,21,0],"gold":267,"neow_bonus":"TEN_PERCENT_HP_BONUS","is_prod":false,"is_daily":false,"chose_seed":false,"campfire_upgraded":1,"win_rate":0,"timestamp":1571696733,"path_taken":["M","?","M","?","M","E","M","R","T","M","M","M","R","M","R","BOSS"],"build_version":"2019-10-21","purchased_purges":0,"victory":false,"max_hp_per_floor":[77,77,77,77,77,77,77,77,77,77,77,77,77,77,77,77],"card_choices":[{"not_picked":["Acrobatics","Underhanded Strike"],"picked":"PiercingWail","floor":1},{"not_picked":["PiercingWail","Tactician"],"picked":"Riddle With Holes","floor":3},{"not_picked":["Deflect","Outmaneuver"],"picked":"Well Laid Plans","floor":5},{"not_picked":["Choke","Dagger Throw","Quick Slash"],"picked":"SKIP","floor":6},{"not_picked":["Poisoned Stab","Sucker Punch"],"picked":"Dagger Spray","floor":10},{"not_picked":["Prepared","Riddle With Holes"],"picked":"Burst","floor":10},{"not_picked":["Prepared","Underhanded Strike"],"picked":"Blur","floor":11},{"not_picked":["Masterful Stab","Deflect"],"picked":"Escape Plan","floor":11},{"not_picked":["PiercingWail","Bane"],"picked":"All Out Attack","floor":12},{"not_picked":["Dagger Throw","Quick Slash","Acrobatics"],"picked":"SKIP","floor":12},{"not_picked":["PiercingWail","Underhanded Strike"],"picked":"Crippling Poison","floor":14},{"not_picked":["Masterful Stab","Finisher","Skewer"],"picked":"SKIP","floor":14}],"player_experience":712217,"relics_obtained":[{"floor":6,"key":"Prayer Wheel"},{"floor":9,"key":"HornCleat"}],"event_choices":[{"cards_removed":["Strike_G"],"damage_healed":0,"gold_gain":0,"player_choice":"Card Removal","damage_taken":0,"max_hp_gain":0,"max_hp_loss":0,"event_name":"The Cleric","floor":2,"gold_loss":50},{"damage_healed":0,"gold_gain":0,"player_choice":"Got Potions","damage_taken":0,"max_hp_gain":0,"max_hp_loss":0,"event_name":"Lab","floor":4,"gold_loss":0}],"is_beta":true,"boss_relics":[],"items_purged_floors":[],"is_endless":false,"potions_floor_spawned":[3,6,11],"killed_by":"Slime Boss","ascension_level":13}