{"gold_per_floor":[110,123,123,198,209,209,244,244,270,285,296,312,342,215,215,313,313,324,224,224,237,249,249,281,281,281,298,315,325,325,345,345,447,447,464,481,494,1493,1503,1534,1534,1544,1568,1599,757,757,769,0,0,0],"floor_reached":51,"playtime":4193,"items_purged":["Strike_R","Strike_R","Strike_R"],"score":786,"play_id":"20dcb742-31c8-4a41-bbb4-cdfa519e6308","local_time":"20180803163535","is_ascension_mode":true,"campfire_choices":[{"data":"Twin Strike","floor":6.0,"key":"SMITH"},{"data":"Iron Wave","floor":8.0,"key":"SMITH"},{"data":"Heavy Blade","floor":15.0,"key":"SMITH"},{"data":"Double Tap","floor":23.0,"key":"SMITH"},{"floor":25.0,"key":"REST"},{"floor":32.0,"key":"REST"},{"floor":41.0,"key":"REST"},{"floor":49.0,"key":"REST"}],"neow_cost":"NONE","seed_source_timestamp":12114306792997,"circlet_count":0,"master_deck":["Strike_R","Defend_R","Defend_R","Defend_R","Defend_R+1","Bash+1","Twin Strike+1","Headbutt","Spot Weakness","Iron Wave+1","Flex","Heavy Blade+1","Cleave","Battle Trance+1","Flex","Double Tap+1","Cleave+1","Shrug It Off+1","Pommel Strike+1","Shrug It Off+1","Inflame"],"special_seed":0,"relics":["Burning Blood","Omamori","Red Skull","War Paint","Velvet Choker","Toxic Egg 2","Unceasing Top","Busted Crown","Vajra","MawBank","OrangePellets","Centennial Puzzle","Bird Faced Urn","Red Mask"],"potions_floor_usage":[50,50],"damage_taken":[{"damage":3.0,"enemies":"Small Slimes","floor":1.0,"turns":4.0},{"damage":2.0,"enemies":"2 Louse","floor":2.0,"turns":2.0},{"damage":0.0,"enemies":"Cultist","floor":3.0,"turns":2.0},{"damage":13.0,"enemies":"3 Louse","floor":5.0,"turns":4.0},{"damage":25.0,"enemies":"3 Sentries","floor":7.0,"turns":5.0},{"damage":2.0,"enemies":"Looter","floor":10.0,"turns":4.0},{"damage":1.0,"enemies":"2 Fungi Beasts","floor":11.0,"turns":3.0},{"damage":0.0,"enemies":"Large Slime","floor":12.0,"turns":3.0},{"damage":0.0,"enemies":"Gremlin Nob","floor":13.0,"turns":3.0},{"damage":46.0,"enemies":"Hexaghost","floor":16.0,"turns":6.0},{"damage":17.0,"enemies":"2 Thieves","floor":18.0,"turns":2.0},{"damage":0.0,"enemies":"Chosen","floor":21.0,"turns":2.0},{"damage":37.0,"enemies":"Centurion and Healer","floor":22.0,"turns":5.0},{"damage":14.0,"enemies":"Book of Stabbing","floor":24.0,"turns":3.0},{"damage":19.0,"enemies":"Slaver and Parasite","floor":27.0,"turns":4.0},{"damage":3.0,"enemies":"Sentry and Sphere","floor":28.0,"turns":3.0},{"damage":7.0,"enemies":"Cultist and Chosen","floor":29.0,"turns":3.0},{"damage":21.0,"enemies":"Snake Plant","floor":31.0,"turns":3.0},{"damage":53.0,"enemies":"Automaton","floor":33.0,"turns":9.0},{"damage":1.0,"enemies":"3 Shapes","floor":35.0,"turns":4.0},{"damage":9.0,"enemies":"3 Darklings","floor":36.0,"turns":5.0},{"damage":0.0,"enemies":"Transient","floor":37.0,"turns":5.0},{"damage":3.0,"enemies":"Spire Growth","floor":39.0,"turns":4.0},{"damage":55.0,"enemies":"Giant Head","floor":40.0,"turns":8.0},{"damage":7.0,"enemies":"Sphere and 2 Shapes","floor":42.0,"turns":4.0},{"damage":8.0,"enemies":"3 Darklings","floor":44.0,"turns":3.0},{"damage":0.0,"enemies":"Maw","floor":47.0,"turns":5.0},{"damage":53,"enemies":"Time Eater","floor":50,"turns":8}],"seed_played":"-8854809434433063283","potions_obtained":[{"floor":2.0,"key":"AttackPotion"},{"floor":5.0,"key":"PowerPotion"},{"floor":7.0,"key":"Block Potion"},{"floor":12.0,"key":"SkillPotion"},{"floor":16.0,"key":"SkillPotion"},{"floor":18.0,"key":"Poison Potion"},{"floor":29.0,"key":"PowerPotion"},{"floor":33.0,"key":"Ancient Potion"},{"floor":36.0,"key":"Strength Potion"},{"floor":37.0,"key":"Fire Potion"},{"floor":44.0,"key":"Strength Potion"}],"is_trial":false,"path_per_floor":["M","M","M","?","M","R","E","R","T","M","M","M","E","$","R","B",null,"M","$","?","M","M","R","E","R","T","M","M","M","?","M","R","B",null,"M","M","M","?","M","E","R","M","T","M","$","?","M","?","R","B"],"character_chosen":"IRONCLAD","items_purchased":["Flex","FairyPotion","OrangePellets","Centennial Puzzle","Bird Faced Urn"],"campfire_rested":4,"item_purchase_floors":[14,45,45,45,45],"current_hp_per_floor":[80,80,80,69,62,62,43,43,43,47,52,58,64,64,64,24,80,69,69,69,75,44,44,36,60,60,47,50,49,49,34,58,11,80,80,77,80,80,80,31,55,54,54,52,52,52,60,60,80,35],"gold":0,"neow_bonus":"UPGRADE_CARD","is_prod":false,"is_daily":false,"chose_seed":false,"campfire_upgraded":4,"win_rate":0,"timestamp":1533306935,"path_taken":["M","M","M","?","M","R","E","R","T","M","M","M","E","$","R","BOSS","M","$","?","M","M","R","E","R","T","M","M","M","?","M","R","BOSS","M","M","M","?","M","E","R","M","T","M","$","?","M","?","R","BOSS"],"build_version":"2018-08-02","purchased_purges":3,"victory":true,"max_hp_per_floor":[80,80,80,80,80,80,80,80,80,80,80,80,80,80,80,80,80,80,80,80,80,80,80,80,80,80,80,80,80,80,80,80,80,80,80,80,80,80,80,80,80,80,80,80,80,80,80,80,80,80],"card_choices":[{"not_picked":["Thunderclap","Spot Weakness"],"picked":"Twin Strike","floor":1.0},{"not_picked":["Evolve","Heavy Blade"],"picked":"Headbutt","floor":2.0},{"not_picked":["Dual Wield","Clothesline"],"picked":"Spot Weakness","floor":3.0},{"not_picked":["Body Slam","Armaments"],"picked":"Iron Wave","floor":5.0},{"not_picked":["Headbutt","Shockwave"],"picked":"Flex","floor":7.0},{"not_picked":["Havoc","Warcry"],"picked":"Heavy Blade","floor":10.0},{"not_picked":["Headbutt","Clothesline"],"picked":"Cleave","floor":11.0},{"not_picked":["Bludgeon","Shrug It Off"],"picked":"Battle Trance","floor":12.0},{"not_picked":["Power Through","Burning Pact","Sentinel"],"picked":"SKIP","floor":13.0},{"not_picked":["Offering","Dark Embrace"],"picked":"Double Tap","floor":16.0},{"not_picked":["Searing Blow+1","Anger","Seeing Red"],"picked":"SKIP","floor":18.0},{"not_picked":["Battle Trance","Havoc"],"picked":"Cleave+1","floor":21.0},{"not_picked":["Sever Soul+1","Wild Strike"],"picked":"Shrug It Off+1","floor":22.0},{"not_picked":["Thunderclap","Perfected Strike"],"picked":"Pommel Strike+1","floor":24.0},{"not_picked":["Sword Boomerang","Pommel Strike"],"picked":"Shrug It Off+1","floor":27.0},{"not_picked":["Burning Pact+1","Seeing Red+1","Armaments+1"],"picked":"SKIP","floor":28.0},{"not_picked":["Clash","Uppercut","Perfected Strike+1"],"picked":"SKIP","floor":29.0},{"not_picked":["Body Slam","Feel No Pain+1","True Grit+1"],"picked":"SKIP","floor":31.0},{"not_picked":["Headbutt"],"picked":"SKIP","floor":35.0},{"not_picked":["Perfected Strike+1"],"picked":"SKIP","floor":36.0},{"not_picked":["Iron Wave"],"picked":"SKIP","floor":37.0},{"not_picked":[],"picked":"Inflame","floor":39.0},{"not_picked":["Armaments+1"],"picked":"SKIP","floor":40.0},{"not_picked":["Sever Soul+1"],"picked":"SKIP","floor":42.0},{"not_picked":["Twin Strike+1"],"picked":"SKIP","floor":44.0},{"not_picked":["Sword Boomerang"],"picked":"SKIP","floor":47.0}],"player_experience":68414,"relics_obtained":[{"floor":7.0,"key":"Omamori"},{"floor":9.0,"key":"Red Skull"},{"floor":13.0,"key":"War Paint"},{"floor":24.0,"key":"Toxic Egg 2"},{"floor":26.0,"key":"Unceasing Top"},{"floor":40.0,"key":"Vajra"},{"floor":43.0,"key":"MawBank"}],"event_choices":[{"event_name":"World of Goop","player_choice":"Gather Gold","floor":4.0,"damage_taken":0.0},{"event_name":"Cursed Tome","player_choice":"Ignored","floor":20.0,"damage_taken":0.0},{"event_name":"Ghosts","player_choice":"Ignored","floor":30.0,"damage_taken":0.0},{"event_name":"MindBloom","player_choice":"Gold","floor":38.0,"damage_taken":0.0},{"event_name":"Falling","player_choice":"Removed Attack","floor":46.0,"damage_taken":0.0},{"event_name":"Tomb of Lord Red Mask","player_choice":"Paid","floor":48.0,"damage_taken":0.0}],"is_beta":false,"boss_relics":[{"not_picked":["Lizard Tail","Black Blood"],"picked":"Velvet Choker"},{"not_picked":["Cursed Key","Runic Pyramid"],"picked":"Busted Crown"}],"items_purged_floors":[14,19,45],"is_endless":false,"potions_floor_spawned":[2,5,7,12,16,18,29,33,36,37,44,47],"ascension_level":2}