{"gold_per_floor":[117,137,148,161,336,336,353,29,29,55,55,68,68,68,68,168,168,179,139,123,75,120,120,120,120,120,145,145,162,174,174,174,278,278,298,298,298,117,97,97,115,132,157,16,33,33,33,33,33,33],"floor_reached":50,"playtime":2375,"items_purged":["Doubt","Strike_G"],"score":719,"play_id":"9a5e129f-b7e2-4560-aa4c-f0e4cca8fdbf","local_time":"20191020021154","is_ascension_mode":true,"campfire_choices":[{"data":"Crippling Poison","floor":6.0,"key":"SMITH"},{"floor":11.0,"key":"REST"},{"data":"Blade Dance","floor":13.0,"key":"SMITH"},{"data":"Deflect","floor":15.0,"key":"SMITH"},{"floor":23.0,"key":"REST"},{"floor":25.0,"key":"REST"},{"data":"Backflip","floor":28.0,"key":"SMITH"},{"floor":32.0,"key":"REST"},{"data":"Cloak And Dagger","floor":40.0,"key":"SMITH"},{"floor":49.0,"key":"REST"}],"neow_cost":"NONE","seed_source_timestamp":41488376038300,"circlet_count":0,"master_deck":["AscendersBane","Strike_G","Defend_G","Defend_G","Defend_G","Defend_G+1","Defend_G","Survivor+1","Neutralize+1","Blade Dance+1","Crippling Poison+1","PiercingWail","Deflect+1","Infinite Blades","Night Terror","Terror","Backflip+1","Deflect","Deadly Poison","Envenom","Cloak And Dagger+1","Flash of Steel","Dodge and Roll","Cloak And Dagger+1"],"special_seed":0,"relics":["Ring of the Snake","Kunai","Letter Opener","Odd Mushroom","Empty Cage","Oddly Smooth Stone","Ginger","Bottled Lightning","WristBlade","CeramicFish","DollysMirror"],"potions_floor_usage":[],"damage_taken":[{"damage":10.0,"enemies":"Cultist","floor":1.0,"turns":5.0},{"damage":3.0,"enemies":"2 Louse","floor":2.0,"turns":4.0},{"damage":5.0,"enemies":"Small Slimes","floor":3.0,"turns":4.0},{"damage":15.0,"enemies":"Exordium Thugs","floor":4.0,"turns":6.0},{"damage":13.0,"enemies":"Large Slime","floor":7.0,"turns":8.0},{"damage":1.0,"enemies":"The Mushroom Lair","floor":10.0,"turns":3.0},{"damage":5.0,"enemies":"Blue Slaver","floor":12.0,"turns":4.0},{"damage":15.0,"enemies":"Slime Boss","floor":16.0,"turns":16.0},{"damage":22.0,"enemies":"Shell Parasite","floor":18.0,"turns":13.0},{"damage":12.0,"enemies":"2 Thieves","floor":20.0,"turns":4.0},{"damage":23.0,"enemies":"Book of Stabbing","floor":27.0,"turns":9.0},{"damage":10.0,"enemies":"Chosen and Byrds","floor":29.0,"turns":7.0},{"damage":0.0,"enemies":"Centurion and Healer","floor":30.0,"turns":14.0},{"damage":48.0,"enemies":"Champ","floor":33.0,"turns":18.0},{"damage":1.0,"enemies":"3 Shapes","floor":35.0,"turns":7.0},{"damage":12.0,"enemies":"3 Darklings","floor":41.0,"turns":7.0},{"damage":0.0,"enemies":"Sphere and 2 Shapes","floor":42.0,"turns":7.0},{"damage":19.0,"enemies":"Spire Growth","floor":45.0,"turns":7.0},{"damage":60,"enemies":"Donu and Deca","floor":50,"turns":6}],"seed_played":"-3081162789417676915","potions_obtained":[{"floor":3.0,"key":"SkillPotion"},{"floor":7.0,"key":"SkillPotion"},{"floor":20.0,"key":"AttackPotion"},{"floor":29.0,"key":"PowerPotion"},{"floor":35.0,"key":"SteroidPotion"},{"floor":39.0,"key":"Explosive Potion"},{"floor":45.0,"key":"Fire Potion"}],"is_trial":false,"path_per_floor":["M","M","M","M","?","R","M","$","T","?","R","M","R","?","R","B",null,"M","?","M","$","T","R","?","R","T","E","R","M","M","?","R","B",null,"M","?","?","$","?","R","M","M","T","$","M","?","?","?","R","B"],"character_chosen":"THE_SILENT","items_purchased":["Kunai","Backflip","Flash of Steel","DollysMirror"],"campfire_rested":5,"item_purchase_floors":[8,21,38,44],"current_hp_per_floor":[60,57,52,37,37,37,24,24,24,23,46,41,41,41,41,26,64,42,42,30,30,30,53,39,63,63,40,40,30,30,30,54,6,63,62,62,62,62,62,62,50,50,50,50,31,31,31,31,55,0],"gold":33,"neow_bonus":"TEN_PERCENT_HP_BONUS","is_prod":false,"is_daily":false,"chose_seed":false,"campfire_upgraded":5,"win_rate":0,"timestamp":1571505114,"path_taken":["M","M","?","M","?","R","M","$","T","?","R","M","R","?","R","BOSS","M","?","M","$","?","R","?","R","T","E","R","M","?","?","R","BOSS","M","?","?","$","?","R","M","M","T","$","?","?","?","?","R","BOSS"],"build_version":"2019-10-18","purchased_purges":2,"victory":false,"max_hp_per_floor":[77,77,77,77,77,77,77,77,77,77,77,77,77,77,77,77,77,77,77,77,77,77,77,82,82,82,82,82,82,82,82,82,82,82,82,82,82,82,82,82,82,82,82,82,82,82,82,82,82,82],"card_choices":[{"not_picked":["Flying Knee","Underhanded Strike"],"picked":"Blade Dance","floor":1.0},{"not_picked":["Prepared","Slice"],"picked":"Crippling Poison","floor":2.0},{"not_picked":["Prepared","Riddle With Holes"],"picked":"PiercingWail","floor":3.0},{"not_picked":["Tactician","Poisoned Stab"],"picked":"Deflect","floor":4.0},{"not_picked":["PiercingWail","Calculated Gamble","Heel Hook"],"picked":"SKIP","floor":7.0},{"not_picked":["Prepared","Calculated Gamble"],"picked":"Infinite Blades","floor":12.0},{"not_picked":["Glass Knife","Tools of the Trade"],"picked":"Night Terror","floor":16.0},{"not_picked":["Backstab","Dash+1","Quick Slash"],"picked":"SKIP","floor":18.0},{"not_picked":["Dagger Spray","Reflex+1"],"picked":"Terror","floor":20.0},{"not_picked":["Sucker Punch","Backstab","Riddle With Holes+1"],"picked":"SKIP","floor":27.0},{"not_picked":["Heel Hook+1","Slice"],"picked":"Deflect","floor":29.0},{"not_picked":["Outmaneuver","Glass Knife"],"picked":"Deadly Poison","floor":30.0},{"not_picked":["Adrenaline","Doppelganger"],"picked":"Envenom","floor":33.0},{"not_picked":["Underhanded Strike+1","Flying Knee+1"],"picked":"Cloak And Dagger","floor":35.0},{"not_picked":["Quick Slash","Crippling Poison"],"picked":"Dodge and Roll","floor":41.0},{"not_picked":["Quick Slash","Dagger Spray+1","Backstab+1"],"picked":"SKIP","floor":42.0},{"not_picked":["PiercingWail","Acrobatics+1","Heel Hook+1"],"picked":"SKIP","floor":45.0}],"player_experience":694023,"relics_obtained":[{"floor":9.0,"key":"Letter Opener"},{"floor":10.0,"key":"Odd Mushroom"},{"floor":22.0,"key":"Oddly Smooth Stone"},{"floor":26.0,"key":"Ginger"},{"floor":27.0,"key":"Bottled Lightning"},{"floor":43.0,"key":"CeramicFish"}],"event_choices":[{"damage_healed":0.0,"max_hp_gain":0.0,"max_hp_loss":0.0,"gold_gain":175.0,"event_name":"Liars Game","player_choice":"AGREE","floor":5.0,"gold_loss":0.0,"damage_taken":0.0,"cards_obtained":["Doubt"]},{"damage_healed":0.0,"max_hp_gain":0.0,"max_hp_loss":0.0,"gold_gain":0.0,"event_name":"Mushrooms","player_choice":"Fought Mushrooms","floor":10.0,"gold_loss":0.0,"damage_taken":0.0},{"damage_healed":0.0,"max_hp_gain":0.0,"max_hp_loss":0.0,"gold_gain":0.0,"event_name":"Living Wall","player_choice":"Grow","floor":14.0,"gold_loss":0.0,"damage_taken":0.0,"cards_upgraded":["Neutralize"]},{"damage_healed":0.0,"max_hp_gain":0.0,"max_hp_loss":0.0,"gold_gain":0.0,"event_name":"Designer","player_choice":"Upgraded Two","floor":19.0,"gold_loss":40.0,"damage_taken":0.0,"cards_upgraded":["Survivor","Defend_G"]},{"damage_healed":0.0,"max_hp_gain":5.0,"max_hp_loss":0.0,"gold_gain":0.0,"event_name":"Forgotten Altar","player_choice":"Shed Blood","floor":24.0,"gold_loss":0.0,"damage_taken":19.0},{"damage_healed":0.0,"max_hp_gain":0.0,"max_hp_loss":0.0,"gold_gain":0.0,"event_name":"Cursed Tome","player_choice":"Ignored","floor":31.0,"gold_loss":0.0,"damage_taken":0.0},{"damage_healed":0.0,"max_hp_gain":0.0,"max_hp_loss":0.0,"gold_gain":0.0,"event_name":"Tomb of Lord Red Mask","player_choice":"Ignored","floor":36.0,"gold_loss":0.0,"damage_taken":0.0},{"cards_removed":["Strike_G"],"damage_healed":0.0,"max_hp_gain":0.0,"max_hp_loss":0.0,"gold_gain":0.0,"event_name":"Falling","player_choice":"Removed Attack","floor":37.0,"gold_loss":0.0,"damage_taken":0.0},{"damage_healed":0.0,"max_hp_gain":0.0,"max_hp_loss":0.0,"gold_gain":0.0,"event_name":"The Woman in Blue","player_choice":"Bought 1 Potion","floor":39.0,"gold_loss":0.0,"damage_taken":0.0},{"damage_healed":0.0,"max_hp_gain":0.0,"max_hp_loss":0.0,"gold_gain":0.0,"event_name":"Mysterious Sphere","player_choice":"Ignored","floor":46.0,"gold_loss":0.0,"damage_taken":0.0},{"damage_healed":0.0,"max_hp_gain":0.0,"max_hp_loss":0.0,"gold_gain":0.0,"event_name":"SensoryStone","player_choice":"Memory 1","floor":47.0,"gold_loss":0.0,"damage_taken":0.0},{"damage_healed":0.0,"max_hp_gain":0.0,"max_hp_loss":0.0,"gold_gain":0.0,"event_name":"Match and Keep!","player_choice":"0 cards matched","floor":48.0,"gold_loss":0.0,"damage_taken":0.0,"cards_obtained":[]}],"is_beta":true,"boss_relics":[{"not_picked":["Ectoplasm","SacredBark"],"picked":"Empty Cage"},{"not_picked":["HoveringKite","Black Star"],"picked":"WristBlade"}],"items_purged_floors":[8,38],"is_endless":false,"potions_floor_spawned":[3,7,10,12,20,29,35,45],"killed_by":"Donu and Deca","ascension_level":11}