{"gold_per_floor":[113,66,66,81,81,113,127,156,232,258,258,271,271,281,281,378,378,378,378,108,108,108,108],"floor_reached":23,"playtime":905,"items_purged":["Bash"],"score":309,"play_id":"a92d91a1-63e3-4cab-bc2a-4a9ca81093c4","local_time":"20190620225715","is_ascension_mode":true,"campfire_choices":[{"data":"Bash","floor":11,"key":"SMITH"},{"data":"Anger","floor":13,"key":"SMITH"},{"data":"Metallicize","floor":15,"key":"SMITH"}],"neow_cost":"NONE","seed_source_timestamp":5621978555220,"circlet_count":0,"master_deck":["Strike_R","Strike_R","Strike_R","Strike_R","Strike_R","Defend_R","Defend_R","Defend_R","Defend_R","Bash+1","Twin Strike","Anger+1","True Grit","Flame Barrier","Clothesline","Seeing Red+1","Metallicize+1","Limit Break+1","Ghostly Armor+1","Feed","Disarm+1"],"relics":["Burning Blood","NeowsBlessing","Incense Burner","Boot","Toxic Egg 2","Regal Pillow","Ectoplasm"],"potions_floor_usage":[16,16,23],"damage_taken":[{"damage":0,"enemies":"Cultist","floor":1,"turns":1},{"damage":0,"enemies":"2 Louse","floor":4,"turns":1},{"damage":0,"enemies":"Lagavulin","floor":6,"turns":1},{"damage":0,"enemies":"Small Slimes","floor":7,"turns":3},{"damage":17,"enemies":"Gremlin Nob","floor":8,"turns":4},{"damage":36,"enemies":"3 Sentries","floor":10,"turns":9},{"damage":4,"enemies":"Blue Slaver","floor":12,"turns":3},{"damage":8,"enemies":"Large Slime","floor":14,"turns":5},{"damage":13,"enemies":"Hexaghost","floor":16,"turns":11},{"damage":2,"enemies":"Chosen","floor":18,"turns":4},{"damage":7,"enemies":"Shell Parasite","floor":19,"turns":4},{"damage":31,"enemies":"3 Cultists","floor":21,"turns":7},{"damage":14,"enemies":"Snecko","floor":22,"turns":7},{"damage":41,"enemies":"Slavers","floor":23,"turns":4}],"seed_played":"6763462865580783594","potions_obtained":[{"floor":1,"key":"FearPotion"},{"floor":6,"key":"Block Potion"},{"floor":10,"key":"Regen Potion"},{"floor":12,"key":"PowerPotion"},{"floor":18,"key":"Ancient Potion"}],"is_trial":false,"path_per_floor":["M","$","?","M","?","E","M","E","T","E","R","M","R","M","R","B",null,"M","M","$","M","M","E"],"character_chosen":"IRONCLAD","items_purchased":["Anger","Feed","Disarm+1"],"campfire_rested":0,"item_purchase_floors":[2,20,20],"current_hp_per_floor":[78,78,78,80,72,78,80,69,69,39,39,41,41,39,39,32,68,72,71,71,49,41,0],"gold":108,"neow_bonus":"THREE_ENEMY_KILL","is_prod":false,"is_daily":false,"chose_seed":false,"campfire_upgraded":3,"win_rate":0,"timestamp":1561064235,"path_taken":["M","$","?","?","?","E","?","E","T","E","R","M","R","M","R","BOSS","M","?","$","?","?","E"],"build_version":"2019-01-23","purchased_purges":1,"victory":false,"max_hp_per_floor":[80,80,80,80,80,80,80,80,80,80,80,80,80,80,80,80,80,80,80,80,83,83,83],"card_choices":[{"not_picked":["Evolve","Combust"],"picked":"Twin Strike","floor":1},{"not_picked":["Searing Blow","Feel No Pain","Sword Boomerang"],"picked":"SKIP","floor":4},{"not_picked":["Iron Wave","Heavy Blade"],"picked":"Flame Barrier","floor":6},{"not_picked":["Headbutt","Heavy Blade"],"picked":"Clothesline","floor":7},{"not_picked":["Headbutt","Twin Strike","Perfected Strike"],"picked":"SKIP","floor":8},{"not_picked":["Second Wind+1","Perfected Strike","Clash"],"picked":"SKIP","floor":10},{"not_picked":["Carnage","Body Slam"],"picked":"Seeing Red+1","floor":12},{"not_picked":["Clothesline","Heavy Blade"],"picked":"Metallicize","floor":14},{"not_picked":["Juggernaut","Brutality"],"picked":"Limit Break+1","floor":16},{"not_picked":["Infernal Blade+1","Twin Strike"],"picked":"Ghostly Armor+1","floor":18},{"not_picked":["Sword Boomerang","Wild Strike","Cleave"],"picked":"SKIP","floor":19},{"not_picked":["Armaments+1","Blood for Blood","Havoc+1"],"picked":"SKIP","floor":21},{"not_picked":["Second Wind+1","Seeing Red+1","Clothesline+1"],"picked":"SKIP","floor":22}],"player_experience":204704,"relics_obtained":[{"floor":6,"key":"Incense Burner"},{"floor":8,"key":"Boot"},{"floor":9,"key":"Toxic Egg 2"},{"floor":10,"key":"Regal Pillow"}],"event_choices":[{"damage_healed":0,"gold_gain":0,"player_choice":"2 cards matched","damage_taken":0,"max_hp_gain":0,"max_hp_loss":0,"event_name":"Match and Keep!","floor":3,"gold_loss":0,"cards_obtained":["True Grit","Bash"]},{"damage_healed":0,"gold_gain":0,"player_choice":"Damaged","damage_taken":8,"max_hp_gain":0,"max_hp_loss":0,"event_name":"Wheel of Change","floor":5,"gold_loss":0}],"is_beta":false,"boss_relics":[{"not_picked":["Calling Bell","Pandora\u0027s Box"],"picked":"Ectoplasm"}],"items_purged_floors":[20],"is_endless":false,"potions_floor_spawned":[1,6,10,12,18],"killed_by":"Slavers","ascension_level":6}