{"gold_per_floor":[109,284,359,382,401,435,435,33,33,43,69,88,38,64,64,163,163,163],"floor_reached":18,"playtime":798,"items_purged":["Doubt","Strike_R"],"score":256,"play_id":"f3d14fc2-e74e-4506-9c73-bb98a17c3291","local_time":"20190611191616","is_ascension_mode":true,"campfire_choices":[{"data":"Bash","floor":7,"key":"SMITH"},{"data":"Iron Wave","floor":15,"key":"SMITH"}],"neow_cost":"NONE","seed_source_timestamp":201056895005387,"circlet_count":0,"master_deck":["Strike_R","Strike_R","Strike_R","Strike_R","Defend_R","Defend_R","Defend_R","Defend_R","Bash+1","Spot Weakness","Sword Boomerang","Flame Barrier","True Grit","Shrug It Off","Shrug It Off","Thunderclap","Iron Wave+1","Demon Form+1"],"relics":["Burning Blood","Smiling Mask","Pear","Meat on the Bone","Bottled Flame","Frozen Egg 2","Pantograph","Eternal Feather"],"potions_floor_usage":[11,12,14,14,14,14],"damage_taken":[{"damage":12,"enemies":"Small Slimes","floor":1,"turns":5},{"damage":8,"enemies":"Jaw Worm","floor":5,"turns":5},{"damage":60,"enemies":"3 Sentries","floor":6,"turns":9},{"damage":0,"enemies":"Cultist","floor":10,"turns":2},{"damage":32,"enemies":"Lagavulin","floor":11,"turns":7},{"damage":14,"enemies":"Large Slime","floor":12,"turns":9},{"damage":22,"enemies":"3 Sentries","floor":14,"turns":6},{"damage":56,"enemies":"Hexaghost","floor":16,"turns":11},{"damage":23,"enemies":"3 Byrds","floor":18,"turns":5}],"seed_played":"4143680602422009393","potions_obtained":[{"floor":5,"key":"Poison Potion"},{"floor":10,"key":"Weak Potion"},{"floor":12,"key":"EntropicBrew"},{"floor":16,"key":"Fire Potion"}],"is_trial":false,"path_per_floor":["M","?","?","T","M","E","R","$","T","M","E","M","$","E","R","B",null,"M"],"character_chosen":"IRONCLAD","items_purchased":["Meat on the Bone","True Grit","Shrug It Off"],"campfire_rested":0,"item_purchase_floors":[8,8,8],"current_hp_per_floor":[74,74,63,63,61,17,17,17,17,35,21,25,25,36,36,23,79,56],"gold":163,"neow_bonus":"TEN_PERCENT_HP_BONUS","is_prod":false,"is_daily":false,"chose_seed":false,"campfire_upgraded":2,"win_rate":0,"timestamp":1560273376,"path_taken":["M","?","?","?","?","E","R","$","T","M","E","M","$","E","R","BOSS","M"],"build_version":"2019-01-23","purchased_purges":2,"victory":false,"max_hp_per_floor":[88,88,88,88,88,98,98,98,98,98,98,98,98,98,98,98,98,98],"card_choices":[{"not_picked":["Shrug It Off","Metallicize"],"picked":"Spot Weakness","floor":1},{"not_picked":["Pummel","Heavy Blade"],"picked":"Sword Boomerang","floor":5},{"not_picked":["Clash","Headbutt"],"picked":"Flame Barrier","floor":6},{"not_picked":["Pommel Strike","True Grit"],"picked":"Shrug It Off","floor":10},{"not_picked":["Berserk","Burning Pact","Armaments"],"picked":"SKIP","floor":11},{"not_picked":["Rupture+1","Flex"],"picked":"Thunderclap","floor":12},{"not_picked":["Whirlwind","Havoc"],"picked":"Iron Wave","floor":14},{"not_picked":["Barricade+1","Brutality+1"],"picked":"Demon Form+1","floor":16}],"player_experience":201762,"relics_obtained":[{"floor":4,"key":"Smiling Mask"},{"floor":6,"key":"Pear"},{"floor":9,"key":"Bottled Flame"},{"floor":11,"key":"Frozen Egg 2"},{"floor":14,"key":"Pantograph"}],"event_choices":[{"damage_healed":0,"gold_gain":175,"player_choice":"AGREE","damage_taken":0,"max_hp_gain":0,"max_hp_loss":0,"event_name":"Liars Game","floor":2,"gold_loss":0,"cards_obtained":["Doubt"]},{"damage_healed":0,"gold_gain":75,"player_choice":"Gather Gold","damage_taken":11,"max_hp_gain":0,"max_hp_loss":0,"event_name":"World of Goop","floor":3,"gold_loss":0}],"is_beta":false,"boss_relics":[{"not_picked":["White Beast Statue","Astrolabe"],"picked":"Eternal Feather"}],"items_purged_floors":[8,13],"is_endless":false,"potions_floor_spawned":[5,10,12,16],"killed_by":"3 Byrds","ascension_level":6}