{"gold_per_floor":[111,211,211,224,154,154,172,172,172,204,204,217,230,104,104,208,208],"floor_reached":17,"playtime":762,"items_purged":["Strike_G"],"score":233,"play_id":"c0bb481e-cbf5-47b0-abe9-0a10a63e4e48","local_time":"20190421110928","is_ascension_mode":true,"campfire_choices":[{"data":"Bouncing Flask","floor":6.0,"key":"SMITH"},{"data":"Neutralize","floor":8.0,"key":"SMITH"},{"data":"Survivor","floor":11,"key":"SMITH"},{"floor":15,"key":"REST"}],"neow_cost":"NONE","seed_source_timestamp":923118303080325,"circlet_count":0,"master_deck":["AscendersBane","Survivor+1","Neutralize+1","Bouncing Flask+1","Quick Slash","Venomology+1","Cloak And Dagger+1","Deadly Poison+1","Malaise+1"],"special_seed":0,"relics":["Ring of the Snake","NeowsBlessing","Toxic Egg 2","Dodecahedron","Pandora\u0027s Box"],"potions_floor_usage":[13,16,16,16,16],"damage_taken":[{"damage":0.0,"enemies":"Small Slimes","floor":1.0,"turns":1.0},{"damage":0.0,"enemies":"Cultist","floor":4.0,"turns":1.0},{"damage":0.0,"enemies":"2 Louse","floor":7.0,"turns":1.0},{"damage":7,"enemies":"Lagavulin","floor":10,"turns":5},{"damage":1,"enemies":"Blue Slaver","floor":12,"turns":5},{"damage":8,"enemies":"Lots of Slimes","floor":13,"turns":7},{"damage":63,"enemies":"Slime Boss","floor":16,"turns":12}],"seed_played":"-1037642093264344420","potions_obtained":[{"floor":4.0,"key":"LiquidBronze"},{"floor":7.0,"key":"SneckoOil"},{"floor":12,"key":"SpeedPotion"}],"is_trial":false,"path_per_floor":["M","?","$","M","$","R","M","R","T","E","R","M","M","$","R","B",null],"character_chosen":"THE_SILENT","items_purchased":["Bouncing Flask","Deadly Poison+1"],"campfire_rested":1,"item_purchase_floors":[5,14],"current_hp_per_floor":[63,63,63,63,63,63,63,63,63,56,56,55,47,47,68,5,5],"gold":208,"neow_bonus":"THREE_ENEMY_KILL","is_prod":false,"is_daily":false,"chose_seed":false,"campfire_upgraded":3,"win_rate":0,"timestamp":1555837768,"path_taken":["M","?","$","?","?","R","M","R","T","E","R","M","M","$","R","BOSS"],"build_version":"2019-01-23","purchased_purges":1,"victory":false,"max_hp_per_floor":[70,70,70,70,70,70,70,70,70,70,70,70,70,70,70,70,70],"card_choices":[{"not_picked":["Outmaneuver","Blade Dance","Prepared"],"picked":"SKIP","floor":1.0},{"not_picked":["Backstab","Dodge and Roll","Dagger Spray"],"picked":"SKIP","floor":4.0},{"not_picked":["Bane","Dagger Spray"],"picked":"Quick Slash","floor":7.0},{"not_picked":["Expertise+1","Flechettes"],"picked":"Venomology+1","floor":10},{"not_picked":["Blade Dance+1","Heel Hook"],"picked":"Cloak And Dagger+1","floor":12},{"not_picked":["Quick Slash","Endless Agony","Calculated Gamble+1"],"picked":"SKIP","floor":13},{"not_picked":["Die Die Die","Storm of Steel+1"],"picked":"Malaise+1","floor":16}],"player_experience":436929,"relics_obtained":[{"floor":9.0,"key":"Toxic Egg 2"},{"floor":10,"key":"Dodecahedron"}],"event_choices":[{"damage_healed":0.0,"max_hp_gain":0.0,"max_hp_loss":0.0,"gold_gain":100.0,"event_name":"Golden Shrine","player_choice":"Pray","floor":2.0,"gold_loss":0.0,"damage_taken":0.0}],"is_beta":false,"boss_relics":[{"not_picked":["Coffee Dripper","White Beast Statue"],"picked":"Pandora\u0027s Box"}],"items_purged_floors":[14],"is_endless":false,"potions_floor_spawned":[4,7,12],"ascension_level":10}