{"gold_per_floor":[109,57,67,86,161,161,181,181,181,181,181,214,234,234,234,331,331,341,57,57,99,117,117,142,156,229,5,17,66,66,86,86,185,185,198,208,223,25,41,67,67,67],"floor_reached":42,"playtime":1895,"items_purged":["Strike_P","Strike_P","Vigilance"],"score":728,"play_id":"01d20d9a-e1f9-454b-9bbb-5ce6e73e9c61","local_time":"20191015165750","is_ascension_mode":true,"campfire_choices":[{"data":"PathToVictory","floor":6.0,"key":"SMITH"},{"data":"Protect","floor":8.0,"key":"SMITH"},{"data":"Eruption","floor":10.0,"key":"SMITH"},{"data":"CutThroughFate","floor":15.0,"key":"SMITH"},{"data":"PathToVictory","floor":23.0,"key":"SMITH"},{"floor":32.0,"key":"REST"}],"neow_cost":"NONE","seed_source_timestamp":0,"circlet_count":0,"master_deck":["Defend_P","Defend_P","Defend_P","Defend_P","PathToVictory+1","Protect+1","DeceiveReality","CutThroughFate+1","Wish+1","PathToVictory+1","Protect+1","Protect","Omniscience","PathToVictory","PathToVictory","PathToVictory"],"special_seed":0,"relics":["HolyWater","Mercury Hourglass","Blue Candle","Omamori","Oddly Smooth Stone","Molten Egg 2","Bottled Lightning","MutagenicStrength","Empty Cage","Gremlin Horn"],"potions_floor_usage":[39,40,40],"damage_taken":[{"damage":0.0,"enemies":"Cultist","floor":1.0,"turns":4.0},{"damage":7.0,"enemies":"Small Slimes","floor":3.0,"turns":5.0},{"damage":0.0,"enemies":"2 Louse","floor":4.0,"turns":3.0},{"damage":0.0,"enemies":"Blue Slaver","floor":7.0,"turns":5.0},{"damage":7.0,"enemies":"Lagavulin","floor":12.0,"turns":6.0},{"damage":0.0,"enemies":"3 Louse","floor":13.0,"turns":2.0},{"damage":0.0,"enemies":"The Guardian","floor":16.0,"turns":12.0},{"damage":11.0,"enemies":"2 Thieves","floor":18.0,"turns":5.0},{"damage":0.0,"enemies":"Chosen","floor":21.0,"turns":5.0},{"damage":12.0,"enemies":"3 Cultists","floor":22.0,"turns":7.0},{"damage":1.0,"enemies":"Book of Stabbing","floor":24.0,"turns":6.0},{"damage":20.0,"enemies":"Shelled Parasite and Fungi","floor":25.0,"turns":7.0},{"damage":0.0,"enemies":"Snecko","floor":28.0,"turns":3.0},{"damage":1.0,"enemies":"Centurion and Healer","floor":29.0,"turns":10.0},{"damage":0.0,"enemies":"Chosen and Byrds","floor":31.0,"turns":8.0},{"damage":16.0,"enemies":"Automaton","floor":33.0,"turns":15.0},{"damage":22,"enemies":"3 Darklings","floor":35,"turns":6},{"damage":0,"enemies":"Orb Walker","floor":36,"turns":4},{"damage":27,"enemies":"4 Shapes","floor":37,"turns":8},{"damage":11,"enemies":"Sphere and 2 Shapes","floor":39,"turns":8},{"damage":3,"enemies":"Nemesis","floor":40,"turns":5},{"damage":8,"enemies":"Spire Growth","floor":42,"turns":2}],"seed_played":"845403859367127170","potions_obtained":[{"floor":3.0,"key":"SpeedPotion"},{"floor":12.0,"key":"Strength Potion"},{"floor":13.0,"key":"SteroidPotion"},{"floor":22.0,"key":"BottledMiracle"},{"floor":29.0,"key":"SpeedPotion"},{"floor":33.0,"key":"LiquidBronze"},{"floor":39,"key":"PowerPotion"}],"is_trial":false,"path_per_floor":["M","$","M","M","?","R","M","R","T","R","?","E","M","T","R","B",null,"M","$","?","M","M","R","E","M","T","$","M","M","?","M","R","B",null,"M","M","M","$","M","E","$","M"],"character_chosen":"WATCHER","items_purchased":["Protect","PathToVictory","Oddly Smooth Stone","Protect","Energy Potion","Block Potion","DistilledChaos"],"campfire_rested":1,"item_purchase_floors":[2,19,19,27,27,27,38],"current_hp_per_floor":[72,72,65,65,54,54,54,54,54,54,47,40,40,40,40,40,69,58,58,58,58,46,46,45,25,25,25,25,24,24,24,47,31,67,45,45,18,18,7,4,4,0],"gold":67,"neow_bonus":"TEN_PERCENT_HP_BONUS","is_prod":false,"is_daily":false,"chose_seed":false,"campfire_upgraded":5,"win_rate":0,"timestamp":1571151470,"path_taken":["M","$","?","M","?","R","M","R","T","R","?","E","M","?","R","BOSS","M","$","?","M","M","R","E","?","T","$","M","M","?","M","R","BOSS","M","M","M","$","M","E","$","M"],"build_version":"2019-10-14","purchased_purges":3,"victory":false,"max_hp_per_floor":[79,79,79,79,79,79,79,79,79,79,79,79,79,79,79,79,79,79,79,79,79,79,79,79,79,79,79,79,79,79,79,79,79,79,79,79,79,79,79,79,79,79],"card_choices":[{"not_picked":["CutThroughFate","FlyingSleeves"],"picked":"PathToVictory","floor":1.0},{"not_picked":["EmptyBody","BattleHymn","Consecrate"],"picked":"SKIP","floor":3.0},{"not_picked":["Crescendo","Blasphemy","JustLucky"],"picked":"SKIP","floor":4.0},{"not_picked":["FlurryOfBlows","ThirdEye","EmptyBody"],"picked":"SKIP","floor":7.0},{"not_picked":["Prostrate","Indignation"],"picked":"DeceiveReality","floor":12.0},{"not_picked":["Halt","Sanctity"],"picked":"CutThroughFate","floor":13.0},{"not_picked":["LessonLearned","Devotion"],"picked":"Wish","floor":16.0},{"not_picked":["Halt","Crescendo","Scrawl"],"picked":"SKIP","floor":18.0},{"not_picked":["SashWhip+1","BowlingBash","Wireheading"],"picked":"SKIP","floor":21.0},{"not_picked":["EmptyMind","Collect+1"],"picked":"Protect+1","floor":22.0},{"not_picked":["SignatureMove+1","Evaluate","Prostrate"],"picked":"SKIP","floor":24.0},{"not_picked":["CutThroughFate+1","SignatureMove+1","BowlingBash+1"],"picked":"SKIP","floor":25.0},{"not_picked":["LikeWater","MasterReality","FlurryOfBlows+1"],"picked":"SKIP","floor":28.0},{"not_picked":["BowlingBash+1","FollowUp+1","Meditate"],"picked":"SKIP","floor":29.0},{"not_picked":["Weave+1","Consecrate+1","EmptyBody"],"picked":"SKIP","floor":31.0},{"not_picked":["DevaForm","MasterReality"],"picked":"Omniscience","floor":33.0},{"not_picked":["MentalFortress","Consecrate+1"],"picked":"PathToVictory","floor":35},{"not_picked":["Nirvana","Protect+1","Consecrate+1"],"picked":"SKIP","floor":36},{"not_picked":["FollowUp+1","Evaluate"],"picked":"PathToVictory","floor":37},{"not_picked":["ThirdEye","Swivel"],"picked":"PathToVictory","floor":39},{"not_picked":["Collect","EmptyMind+1","EmptyFist+1"],"picked":"SKIP","floor":40}],"player_experience":485909,"relics_obtained":[{"floor":9.0,"key":"Mercury Hourglass"},{"floor":12.0,"key":"Blue Candle"},{"floor":14.0,"key":"Omamori"},{"floor":24.0,"key":"Molten Egg 2"},{"floor":26.0,"key":"Bottled Lightning"},{"floor":40,"key":"Gremlin Horn"}],"event_choices":[{"damage_healed":0.0,"max_hp_gain":0.0,"max_hp_loss":0.0,"gold_gain":75.0,"event_name":"World of Goop","player_choice":"Gather Gold","floor":5.0,"gold_loss":0.0,"damage_taken":11.0},{"cards_removed":["Strike_P"],"damage_healed":0.0,"max_hp_gain":0.0,"max_hp_loss":0.0,"gold_gain":0.0,"event_name":"Golden Wing","player_choice":"Card Removal","floor":11.0,"gold_loss":0.0,"damage_taken":7.0},{"damage_healed":0.0,"max_hp_gain":0.0,"max_hp_loss":0.0,"gold_gain":0.0,"event_name":"Upgrade Shrine","player_choice":"Upgraded","floor":20.0,"gold_loss":0.0,"damage_taken":0.0,"cards_upgraded":["Wish"]},{"damage_healed":0.0,"max_hp_gain":0.0,"max_hp_loss":0.0,"gold_gain":0.0,"event_name":"Drug Dealer","player_choice":"Inject Mutagens","floor":30.0,"gold_loss":0.0,"damage_taken":0.0,"relics_obtained":["MutagenicStrength"]}],"is_beta":true,"boss_relics":[{"not_picked":["Astrolabe","Coffee Dripper"],"picked":"HolyWater"},{"not_picked":["Runic Pyramid","Black Star"],"picked":"Empty Cage"}],"items_purged_floors":[19,27,38],"is_endless":false,"potions_floor_spawned":[3,12,13,22,29,33,39],"killed_by":"Spire Growth","ascension_level":8}