{"gold_per_floor":[114,114,130,50,68,96,113,113,186,213,213,213,213,213,213,213],"floor_reached":16,"playtime":479,"items_purged":[],"score":167,"play_id":"15ad66be-6ff6-4491-9c6e-29b2d50e4278","local_time":"20191025210322","is_ascension_mode":true,"campfire_choices":[{"data":"Bash","floor":8,"key":"SMITH"},{"data":"Wild Strike","floor":11,"key":"SMITH"},{"floor":15,"key":"REST"}],"neow_cost":"NONE","seed_source_timestamp":98247996042400,"circlet_count":0,"master_deck":["AscendersBane","Strike_R","Strike_R","Strike_R","Strike_R","Defend_R","Defend_R","Defend_R","Defend_R","Bash+1","Inflame+1","Battle Trance+1","Power Through","Shockwave+1","Wild Strike+1"],"relics":["Burning Blood","Ginger","Toxic Egg 2","Anchor"],"potions_floor_usage":[10,16],"damage_taken":[{"damage":11,"enemies":"Jaw Worm","floor":1,"turns":4},{"damage":1,"enemies":"Cultist","floor":3,"turns":3},{"damage":0,"enemies":"Small Slimes","floor":5,"turns":4},{"damage":43,"enemies":"Lagavulin","floor":6,"turns":9},{"damage":4,"enemies":"2 Fungi Beasts","floor":7,"turns":5},{"damage":35,"enemies":"3 Sentries","floor":10,"turns":10},{"damage":32,"enemies":"The Guardian","floor":16,"turns":10}],"seed_played":"-4098781834295796803","potions_obtained":[{"floor":5,"key":"SpeedPotion"},{"floor":10,"key":"Weak Potion"}],"is_trial":false,"path_per_floor":["M","?","M","$","M","E","M","R","T","E","R","?","?","?","R","B"],"character_chosen":"IRONCLAD","items_purchased":["Power Through"],"campfire_rested":1,"item_purchase_floors":[4],"current_hp_per_floor":[75,75,80,80,86,49,51,51,51,22,22,22,22,4,30,0],"gold":213,"neow_bonus":"TEN_PERCENT_HP_BONUS","is_prod":false,"is_daily":false,"chose_seed":false,"campfire_upgraded":2,"win_rate":0,"timestamp":1572030202,"path_taken":["M","?","?","$","M","E","M","R","T","E","R","?","?","?","R","BOSS"],"build_version":"2019-10-25-V2","purchased_purges":0,"victory":false,"max_hp_per_floor":[88,88,88,88,88,88,88,88,88,88,88,88,88,88,88,88],"card_choices":[{"not_picked":["Headbutt","Wild Strike"],"picked":"Inflame","floor":1},{"not_picked":["Feel No Pain","Twin Strike"],"picked":"Battle Trance","floor":3},{"not_picked":["Body Slam","Havoc","Flex"],"picked":"SKIP","floor":5},{"not_picked":["Twin Strike","Rupture"],"picked":"Shockwave","floor":6},{"not_picked":["Dark Embrace","Headbutt"],"picked":"Wild Strike","floor":7},{"not_picked":["Rupture","Body Slam","Feel No Pain"],"picked":"SKIP","floor":10}],"player_experience":518163,"relics_obtained":[{"floor":6,"key":"Ginger"},{"floor":9,"key":"Toxic Egg 2"},{"floor":10,"key":"Anchor"}],"event_choices":[{"cards_removed":["Strike_R"],"damage_healed":0,"gold_gain":0,"player_choice":"Offered Basic","damage_taken":0,"max_hp_gain":0,"max_hp_loss":0,"event_name":"Bonfire Elementals","floor":2,"gold_loss":0},{"damage_healed":0,"gold_gain":0,"player_choice":"Grow","damage_taken":0,"max_hp_gain":0,"max_hp_loss":0,"event_name":"Living Wall","floor":12,"gold_loss":0,"cards_upgraded":["Inflame"]},{"damage_healed":0,"gold_gain":0,"player_choice":"Ignored","damage_taken":0,"max_hp_gain":0,"max_hp_loss":0,"event_name":"Liars Game","floor":13,"gold_loss":0},{"damage_healed":0,"gold_gain":0,"player_choice":"Entered Light","damage_taken":18,"max_hp_gain":0,"max_hp_loss":0,"event_name":"Shining Light","floor":14,"gold_loss":0,"cards_upgraded":["Shockwave","Battle Trance"]}],"is_beta":true,"boss_relics":[],"items_purged_floors":[],"is_endless":false,"potions_floor_spawned":[5,10],"killed_by":"The Guardian","ascension_level":11}