{"gold_per_floor":[210,21,21,32,50,50,76,76,76,95,153,165,196,296,296,394,394,405,417,417],"floor_reached":20,"playtime":1124,"items_purged":[],"score":285,"play_id":"21b47caa-e908-4505-ac78-0bcd62fb6926","local_time":"20190611172353","is_ascension_mode":true,"campfire_choices":[{"data":"Shrug It Off","floor":6,"key":"SMITH"},{"data":"Anger","floor":15,"key":"SMITH"}],"neow_cost":"NONE","seed_source_timestamp":193981801376335,"circlet_count":0,"master_deck":["Strike_R","Strike_R","Strike_R","Strike_R","Strike_R","Defend_R","Defend_R","Defend_R","Defend_R","Bash+1","Sword Boomerang","Clothesline","Shrug It Off+1","Anger+1","Double Tap","Ghostly Armor","Pummel","Offering","Armaments"],"relics":["Burning Blood","Happy Flower","Dodecahedron","PreservedInsect","Tiny Chest","Lantern","Cursed Key"],"potions_floor_usage":[7,13],"damage_taken":[{"damage":1,"enemies":"Cultist","floor":1,"turns":4},{"damage":4,"enemies":"Jaw Worm","floor":4,"turns":4},{"damage":5,"enemies":"2 Louse","floor":5,"turns":3},{"damage":23,"enemies":"Gremlin Nob","floor":7,"turns":4},{"damage":12,"enemies":"Exordium Thugs","floor":10,"turns":5},{"damage":15,"enemies":"Lagavulin","floor":11,"turns":3},{"damage":0,"enemies":"Large Slime","floor":12,"turns":3},{"damage":0,"enemies":"Gremlin Nob","floor":13,"turns":3},{"damage":31,"enemies":"Slime Boss","floor":16,"turns":9},{"damage":16,"enemies":"Shell Parasite","floor":18,"turns":4},{"damage":15,"enemies":"3 Byrds","floor":19,"turns":5},{"damage":71,"enemies":"Cultist and Chosen","floor":20,"turns":7}],"seed_played":"-2422796252458568346","potions_obtained":[{"floor":1,"key":"SpeedPotion"},{"floor":5,"key":"Explosive Potion"},{"floor":11,"key":"EssenceOfSteel"},{"floor":12,"key":"AttackPotion"}],"is_trial":false,"path_per_floor":["M","$","?","M","M","R","E","?","T","M","E","M","E","?","R","B",null,"M","M","M"],"character_chosen":"IRONCLAD","items_purchased":["Clothesline","Happy Flower"],"campfire_rested":0,"item_purchase_floors":[2,2],"current_hp_per_floor":[77,77,82,84,85,85,68,68,68,62,53,59,65,65,65,40,74,64,55,0],"gold":417,"neow_bonus":"HUNDRED_GOLD","is_prod":false,"is_daily":false,"chose_seed":false,"campfire_upgraded":2,"win_rate":0,"timestamp":1560266633,"path_taken":["M","?","?","M","M","R","E","?","T","M","E","M","E","?","R","BOSS","M","M","M"],"build_version":"2019-01-23","purchased_purges":0,"victory":false,"max_hp_per_floor":[80,80,85,85,85,85,85,85,85,85,85,85,85,85,85,85,85,85,85,85],"card_choices":[{"not_picked":["Body Slam","Combust"],"picked":"Sword Boomerang","floor":1},{"not_picked":["Carnage","Searing Blow","Seeing Red"],"picked":"SKIP","floor":4},{"not_picked":["Wild Strike","Disarm"],"picked":"Shrug It Off","floor":5},{"not_picked":["Thunderclap","Wild Strike"],"picked":"Anger","floor":7},{"not_picked":["Cleave","Fire Breathing"],"picked":"Double Tap","floor":10},{"not_picked":["Double Tap","Rage"],"picked":"Ghostly Armor","floor":11},{"not_picked":["Havoc","Second Wind","Clothesline"],"picked":"SKIP","floor":12},{"not_picked":["Headbutt","Thunderclap"],"picked":"Pummel","floor":13},{"not_picked":["Bludgeon","Brutality"],"picked":"Offering","floor":16},{"not_picked":["Wild Strike","Sword Boomerang+1"],"picked":"Armaments","floor":18},{"not_picked":["Warcry","Intimidate","Wild Strike"],"picked":"SKIP","floor":19}],"player_experience":198089,"relics_obtained":[{"floor":7,"key":"Dodecahedron"},{"floor":9,"key":"PreservedInsect"},{"floor":11,"key":"Tiny Chest"},{"floor":13,"key":"Lantern"}],"event_choices":[{"damage_healed":0,"gold_gain":0,"player_choice":"Donut","damage_taken":0,"max_hp_gain":5,"max_hp_loss":0,"event_name":"Big Fish","floor":3,"gold_loss":0},{"damage_healed":0,"gold_gain":0,"player_choice":"Grow","damage_taken":0,"max_hp_gain":0,"max_hp_loss":0,"event_name":"Living Wall","floor":8,"gold_loss":0,"cards_upgraded":["Bash"]},{"damage_healed":0,"gold_gain":100,"player_choice":"Gold","damage_taken":0,"max_hp_gain":0,"max_hp_loss":0,"event_name":"Wheel of Change","floor":14,"gold_loss":0}],"is_beta":false,"boss_relics":[{"not_picked":["Ectoplasm","Calling Bell"],"picked":"Cursed Key"}],"items_purged_floors":[],"is_endless":false,"potions_floor_spawned":[1,5,11,12],"killed_by":"Cultist and Chosen","ascension_level":6}