{"gold_per_floor":[112,126,145,145,23,23,53,53,53,67,85,85,95,111,111,184,184,204,204,222,240,140,140,171,24,47,47,47,47,57,69,69,143,143,156,156,78,78,78],"floor_reached":39,"playtime":1844,"items_purged":["Strike_G","Strike_G"],"score":682,"play_id":"07e7abbf-19e8-4e91-bd16-864a2a71d33e","local_time":"20191022214454","is_ascension_mode":true,"campfire_choices":[{"data":"Dagger Spray","floor":6.0,"key":"SMITH"},{"floor":8.0,"key":"REST"},{"data":"Blur","floor":12.0,"key":"SMITH"},{"data":"Cloak And Dagger","floor":15.0,"key":"SMITH"},{"floor":23.0,"key":"REST"},{"data":"Noxious Fumes","floor":29,"key":"SMITH"},{"data":"Crippling Poison","floor":32,"key":"SMITH"}],"neow_cost":"NONE","seed_source_timestamp":285618940964000,"circlet_count":0,"master_deck":["AscendersBane","Strike_G","Strike_G","Strike_G+1","Defend_G","Defend_G","Defend_G","Defend_G","Defend_G","Survivor","Neutralize+1","Sucker Punch+1","Dagger Spray+1","Noxious Fumes+1","Cloak And Dagger+1","Corpse Explosion","Blur+1","Deadly Poison","Flying Knee","Slice","Wraith Form v2","Infinite Blades","Backstab+1","Crippling Poison+1","Envenom","Backflip+1","Madness","Madness","Footwork"],"special_seed":0,"relics":["Ring of the Snake","Dodecahedron","Ornamental Fan","Sozu","Strawberry","Whetstone","Anchor","SlaversCollar"],"potions_floor_usage":[39,39],"damage_taken":[{"damage":5.0,"enemies":"Jaw Worm","floor":1.0,"turns":6.0},{"damage":4.0,"enemies":"Cultist","floor":2.0,"turns":4.0},{"damage":0.0,"enemies":"2 Louse","floor":3.0,"turns":3.0},{"damage":28.0,"enemies":"Lagavulin","floor":7.0,"turns":8.0},{"damage":4.0,"enemies":"Exordium Thugs","floor":10.0,"turns":6.0},{"damage":0.0,"enemies":"Blue Slaver","floor":11.0,"turns":4.0},{"damage":2.0,"enemies":"2 Fungi Beasts","floor":13.0,"turns":4.0},{"damage":0.0,"enemies":"Looter","floor":14.0,"turns":4.0},{"damage":11.0,"enemies":"Hexaghost","floor":16.0,"turns":11.0},{"damage":4.0,"enemies":"3 Byrds","floor":18.0,"turns":3.0},{"damage":8.0,"enemies":"2 Thieves","floor":20.0,"turns":5.0},{"damage":29.0,"enemies":"Snake Plant","floor":21.0,"turns":6.0},{"damage":14.0,"enemies":"Gremlin Leader","floor":24.0,"turns":8.0},{"damage":0,"enemies":"Colosseum Slavers","floor":27,"turns":3},{"damage":4,"enemies":"Shelled Parasite and Fungi","floor":30,"turns":5},{"damage":7,"enemies":"Centurion and Healer","floor":31,"turns":5},{"damage":32,"enemies":"Collector","floor":33,"turns":9},{"damage":1,"enemies":"3 Shapes","floor":35,"turns":6},{"damage":52,"enemies":"Time Eater","floor":39,"turns":12}],"seed_played":"-3114006777539989581","potions_obtained":[{"floor":2.0,"key":"SneckoOil"},{"floor":10.0,"key":"Strength Potion"},{"floor":11.0,"key":"Dexterity Potion"}],"is_trial":false,"path_per_floor":["M","M","M","?","$","R","E","R","T","M","M","R","M","M","R","B",null,"M","?","M","M","$","R","E","$","T","?","?","R","M","M","R","B",null,"M","?","$","?","B"],"character_chosen":"THE_SILENT","items_purchased":["Cloak And Dagger","Whetstone","Footwork"],"campfire_rested":2,"item_purchase_floors":[5,25,37],"current_hp_per_floor":[54,50,50,50,50,50,22,41,41,37,37,37,35,35,35,24,56,52,66,58,29,29,48,41,41,41,41,65,65,61,54,54,22,60,59,50,50,50,0],"gold":78,"neow_bonus":"UPGRADE_CARD","is_prod":false,"is_daily":false,"chose_seed":false,"campfire_upgraded":5,"win_rate":0,"timestamp":1571748294,"path_taken":["M","M","M","?","?","R","E","R","T","M","M","R","M","M","R","BOSS","M","?","M","M","$","R","E","?","T","?","?","R","M","M","R","BOSS","M","?","$","?","BOSS"],"build_version":"2019-10-21","purchased_purges":2,"victory":false,"max_hp_per_floor":[66,66,66,66,66,66,66,66,66,66,66,66,66,66,66,66,66,66,66,66,66,66,66,73,73,73,73,73,73,73,73,73,73,73,73,73,73,73,73],"card_choices":[{"not_picked":["Bane","Dagger Throw"],"picked":"Sucker Punch","floor":1.0},{"not_picked":["Setup","Poisoned Stab"],"picked":"Dagger Spray","floor":2.0},{"not_picked":["Poisoned Stab","Underhanded Strike"],"picked":"Noxious Fumes","floor":3.0},{"not_picked":["Noxious Fumes","Poisoned Stab"],"picked":"Corpse Explosion","floor":7.0},{"not_picked":["Cloak And Dagger","Acrobatics"],"picked":"Blur","floor":10.0},{"not_picked":["Flying Knee","Dagger Throw"],"picked":"Deadly Poison","floor":11.0},{"not_picked":["Deflect","Bane"],"picked":"Flying Knee","floor":13.0},{"not_picked":["Caltrops","Acrobatics"],"picked":"Slice","floor":14.0},{"not_picked":["Storm of Steel","Corpse Explosion"],"picked":"Wraith Form v2","floor":16.0},{"not_picked":["Riddle With Holes","Leg Sweep"],"picked":"Infinite Blades","floor":18.0},{"not_picked":["Calculated Gamble","Poisoned Stab","Dagger Spray"],"picked":"SKIP","floor":20.0},{"not_picked":["Calculated Gamble","Concentrate","Deadly Poison"],"picked":"SKIP","floor":21.0},{"not_picked":["Underhanded Strike","Sucker Punch"],"picked":"Backstab","floor":24.0},{"not_picked":["Well Laid Plans","Masterful Stab"],"picked":"Crippling Poison","floor":30},{"not_picked":["Underhanded Strike","Bane","Endless Agony"],"picked":"SKIP","floor":31},{"not_picked":["Phantasmal Killer","A Thousand Cuts"],"picked":"Envenom","floor":33},{"not_picked":["PiercingWail+1","Deadly Poison"],"picked":"Backflip+1","floor":35}],"player_experience":722874,"relics_obtained":[{"floor":7.0,"key":"Dodecahedron"},{"floor":9.0,"key":"Ornamental Fan"},{"floor":24.0,"key":"Strawberry"},{"floor":26.0,"key":"Anchor"}],"event_choices":[{"damage_healed":0.0,"max_hp_gain":0.0,"max_hp_loss":0.0,"gold_gain":0.0,"event_name":"Upgrade Shrine","player_choice":"Upgraded","floor":4.0,"gold_loss":0.0,"damage_taken":0.0,"cards_upgraded":["Sucker Punch"]},{"damage_healed":14.0,"max_hp_gain":0.0,"max_hp_loss":0.0,"gold_gain":0.0,"event_name":"Wheel of Change","player_choice":"Full Heal","floor":19.0,"gold_loss":0.0,"damage_taken":0.0},{"damage_healed":0,"gold_gain":0,"player_choice":"Fight","damage_taken":0,"max_hp_gain":0,"max_hp_loss":0,"event_name":"Colosseum","floor":27,"gold_loss":0},{"damage_healed":0,"gold_gain":0,"player_choice":"Fled From Nobs","damage_taken":0,"max_hp_gain":0,"max_hp_loss":0,"event_name":"Colosseum","floor":27,"gold_loss":0},{"damage_healed":24,"gold_gain":0,"player_choice":"Heal","damage_taken":0,"max_hp_gain":0,"max_hp_loss":0,"event_name":"The Library","floor":28,"gold_loss":0},{"damage_healed":0,"gold_gain":0,"player_choice":"Embrace Madness","damage_taken":9,"max_hp_gain":0,"max_hp_loss":0,"event_name":"Winding Halls","floor":36,"gold_loss":0,"cards_obtained":["Madness","Madness"]},{"damage_healed":0,"gold_gain":0,"player_choice":"Took Portal","damage_taken":0,"max_hp_gain":0,"max_hp_loss":0,"event_name":"SecretPortal","floor":38,"gold_loss":0}],"is_beta":true,"boss_relics":[{"not_picked":["Busted Crown","WristBlade"],"picked":"Sozu"},{"not_picked":["Cursed Key","Fusion Hammer"],"picked":"SlaversCollar"}],"items_purged_floors":[5,22],"is_endless":false,"potions_floor_spawned":[2,10,11,16,18,20,31],"killed_by":"Time Eater","ascension_level":14}