{"gold_per_floor":[116,136,150,169,179,205,205,205],"floor_reached":8,"playtime":413,"items_purged":[],"score":75,"play_id":"31f6976f-162f-4ef1-ab40-ef24024b16b7","local_time":"20190610160822","is_ascension_mode":true,"campfire_choices":[],"neow_cost":"PERCENT_DAMAGE","seed_source_timestamp":103771498065894,"circlet_count":0,"master_deck":["Strike_R","Strike_R","Strike_R","Strike_R","Strike_R","Defend_R","Defend_R","Defend_R","Defend_R","Bash","Demon Form","Havoc","Twin Strike","Flame Barrier","Shrug It Off"],"relics":["Burning Blood","Juzu Bracelet"],"potions_floor_usage":[6,6],"damage_taken":[{"damage":11,"enemies":"Cultist","floor":1,"turns":4},{"damage":8,"enemies":"Jaw Worm","floor":2,"turns":6},{"damage":5,"enemies":"Small Slimes","floor":3,"turns":4},{"damage":27,"enemies":"Exordium Wildlife","floor":4,"turns":5},{"damage":7,"enemies":"Looter","floor":5,"turns":4},{"damage":25,"enemies":"Lagavulin","floor":6,"turns":7},{"damage":19,"enemies":"3 Sentries","floor":8,"turns":2}],"seed_played":"-2705739681803997690","potions_obtained":[{"floor":1,"key":"BloodPotion"},{"floor":2,"key":"SteroidPotion"},{"floor":4,"key":"FearPotion"}],"is_trial":false,"path_per_floor":["M","M","M","M","M","E","?","E"],"character_chosen":"IRONCLAD","items_purchased":[],"campfire_rested":0,"item_purchase_floors":[],"current_hp_per_floor":[51,49,50,29,28,17,17,0],"gold":205,"neow_bonus":"THREE_RARE_CARDS","is_prod":false,"is_daily":false,"chose_seed":false,"campfire_upgraded":0,"win_rate":0,"timestamp":1560175702,"path_taken":["M","M","?","M","M","E","?","E"],"build_version":"2019-01-23","purchased_purges":0,"victory":false,"max_hp_per_floor":[80,80,80,80,80,80,80,80],"card_choices":[{"not_picked":["Fiend Fire","Exhume"],"picked":"Demon Form","floor":0},{"not_picked":["Ghostly Armor","Burning Pact"],"picked":"Havoc","floor":1},{"not_picked":["Perfected Strike","Hemokinesis"],"picked":"Twin Strike","floor":2},{"not_picked":["Perfected Strike","Blood for Blood","Pommel Strike"],"picked":"SKIP","floor":3},{"not_picked":["Perfected Strike","Body Slam","Anger"],"picked":"SKIP","floor":4},{"not_picked":["Wild Strike","Blood for Blood"],"picked":"Flame Barrier","floor":5},{"not_picked":["Bludgeon","Pommel Strike"],"picked":"Shrug It Off","floor":6}],"player_experience":189633,"relics_obtained":[{"floor":6,"key":"Juzu Bracelet"}],"event_choices":[{"damage_healed":0,"gold_gain":0,"player_choice":"Fled","damage_taken":0,"max_hp_gain":0,"max_hp_loss":0,"event_name":"Scrap Ooze","floor":7,"gold_loss":0}],"is_beta":false,"boss_relics":[],"items_purged_floors":[],"is_endless":false,"potions_floor_spawned":[1,2,4],"killed_by":"3 Sentries","ascension_level":5}