{"gold_per_floor":[109,109,127,127,139,170,182,194],"floor_reached":8,"playtime":247,"items_purged":[],"score":84,"play_id":"272b29df-fd2b-4172-a25d-ad962f291441","local_time":"20191022173919","is_ascension_mode":true,"campfire_choices":[{"data":"BowlingBash","floor":7,"key":"SMITH"}],"neow_cost":"NONE","seed_source_timestamp":3361152918142600,"circlet_count":0,"master_deck":["AscendersBane","Strike_P","Strike_P","Strike_P","Strike_P","Defend_P","Defend_P","Defend_P","Defend_P","Eruption","Vigilance","ForeignInfluence+1","PathToVictory","ForeignInfluence","BowlingBash+1"],"relics":["Coffee Dripper","Ancient Tea Set","MawBank"],"potions_floor_usage":[],"damage_taken":[{"damage":5,"enemies":"2 Louse","floor":1,"turns":2},{"damage":2,"enemies":"Jaw Worm","floor":3,"turns":2},{"damage":0,"enemies":"Small Slimes","floor":5,"turns":2},{"damage":35,"enemies":"Lagavulin","floor":6,"turns":3},{"damage":18,"enemies":"Gremlin Gang","floor":8,"turns":2}],"seed_played":"-1805544607540638858","potions_obtained":[{"floor":3,"key":"Energy Potion"}],"is_trial":false,"path_per_floor":["M","?","M","?","M","E","R","M"],"character_chosen":"WATCHER","items_purchased":[],"campfire_rested":0,"item_purchase_floors":[],"current_hp_per_floor":[60,60,58,51,51,16,16,0],"gold":194,"neow_bonus":"BOSS_RELIC","is_prod":false,"is_daily":false,"chose_seed":false,"campfire_upgraded":1,"win_rate":0,"timestamp":1571758759,"path_taken":["M","?","M","?","M","E","R","M"],"build_version":"2019-10-21","purchased_purges":0,"victory":false,"max_hp_per_floor":[72,72,72,72,72,72,72,72],"card_choices":[{"not_picked":["Prostrate","Wireheading"],"picked":"ForeignInfluence","floor":1},{"not_picked":["ClearTheMind","Pray"],"picked":"PathToVictory","floor":3},{"not_picked":["FlurryOfBlows","EmptyBody"],"picked":"ForeignInfluence","floor":5},{"not_picked":["JustLucky","FlurryOfBlows"],"picked":"BowlingBash","floor":6}],"player_experience":498334,"relics_obtained":[{"floor":6,"key":"MawBank"}],"event_choices":[{"damage_healed":0,"gold_gain":0,"player_choice":"Grow","damage_taken":0,"max_hp_gain":0,"max_hp_loss":0,"event_name":"Living Wall","floor":2,"gold_loss":0,"cards_upgraded":["ForeignInfluence"]},{"damage_healed":0,"gold_gain":0,"player_choice":"Success","damage_taken":7,"relics_obtained":["Ancient Tea Set"],"max_hp_gain":0,"max_hp_loss":0,"event_name":"Scrap Ooze","floor":4,"gold_loss":0}],"is_beta":true,"boss_relics":[],"items_purged_floors":[],"is_endless":false,"potions_floor_spawned":[3],"killed_by":"Gremlin Gang","ascension_level":10}