{"gold_per_floor":[114,131,144,157,173,206,206,218,264,295,295,295,295,315,315,315],"floor_reached":16,"playtime":587,"items_purged":[],"score":160,"play_id":"19af8467-1d59-4306-8dff-2f057da02edf","local_time":"20191012125244","is_ascension_mode":true,"campfire_choices":[{"floor":7,"key":"REST"},{"data":"Fiend Fire","floor":11,"key":"SMITH"},{"floor":15,"key":"REST"}],"neow_cost":"NONE","seed_source_timestamp":133045188310600,"circlet_count":0,"master_deck":["Strike_R","Strike_R","Strike_R","Strike_R","Strike_R","Defend_R","Defend_R","Defend_R","Defend_R","Bash","Shrug It Off","Power Through","Cleave","Fiend Fire+1","Thunderclap","Ghostly Armor","Pain","Evolve"],"relics":["Burning Blood","Ginger","Ancient Tea Set","Gambling Chip","WarpedTongs"],"potions_floor_usage":[6,10,10,16],"damage_taken":[{"damage":4,"enemies":"Jaw Worm","floor":1,"turns":4},{"damage":8,"enemies":"Small Slimes","floor":2,"turns":4},{"damage":1,"enemies":"Cultist","floor":3,"turns":4},{"damage":16,"enemies":"Blue Slaver","floor":4,"turns":5},{"damage":40,"enemies":"Gremlin Gang","floor":5,"turns":5},{"damage":40,"enemies":"Gremlin Nob","floor":6,"turns":5},{"damage":2,"enemies":"2 Fungi Beasts","floor":8,"turns":4},{"damage":32,"enemies":"Lagavulin","floor":10,"turns":10},{"damage":2,"enemies":"Looter","floor":14,"turns":1},{"damage":41,"enemies":"Hexaghost","floor":16,"turns":11}],"seed_played":"-9083859436773033774","potions_obtained":[{"floor":2,"key":"PowerPotion"},{"floor":6,"key":"Fire Potion"},{"floor":8,"key":"GamblersBrew"},{"floor":10,"key":"SpeedPotion"},{"floor":14,"key":"Block Potion"}],"is_trial":false,"path_per_floor":["M","M","M","M","M","E","R","M","T","E","R","?","?","M","R","B"],"character_chosen":"IRONCLAD","items_purchased":[],"campfire_rested":2,"item_purchase_floors":[],"current_hp_per_floor":[82,80,85,75,41,7,33,37,37,11,11,11,11,15,41,0],"gold":315,"neow_bonus":"TEN_PERCENT_HP_BONUS","is_prod":false,"is_daily":false,"chose_seed":false,"campfire_upgraded":1,"win_rate":0,"timestamp":1570852364,"path_taken":["M","M","M","M","M","E","R","M","T","E","R","?","?","?","R","BOSS"],"build_version":"2019-10-11","purchased_purges":0,"victory":false,"max_hp_per_floor":[88,88,88,88,88,88,88,88,88,88,88,88,88,88,88,88],"card_choices":[{"not_picked":["Pommel Strike","Carnage"],"picked":"Shrug It Off","floor":1},{"not_picked":["Entrench","Shockwave"],"picked":"Power Through","floor":2},{"not_picked":["Reckless Charge","Wild Strike"],"picked":"Cleave","floor":3},{"not_picked":["Wild Strike","Flex","Blood for Blood"],"picked":"SKIP","floor":4},{"not_picked":["Havoc","Heavy Blade","Clash"],"picked":"SKIP","floor":5},{"not_picked":["Burning Pact","Rupture"],"picked":"Fiend Fire","floor":6},{"not_picked":["Perfected Strike","Cleave"],"picked":"Thunderclap","floor":8},{"not_picked":["Reckless Charge","Warcry"],"picked":"Ghostly Armor","floor":10},{"not_picked":["Fire Breathing","Corruption"],"picked":"Evolve","floor":14}],"player_experience":654488,"relics_obtained":[{"floor":6,"key":"Ginger"},{"floor":9,"key":"Ancient Tea Set"},{"floor":10,"key":"Gambling Chip"}],"event_choices":[{"damage_healed":0,"gold_gain":0,"player_choice":"Ignored","damage_taken":0,"max_hp_gain":0,"max_hp_loss":0,"event_name":"Golden Idol","floor":12,"gold_loss":0},{"damage_healed":0,"gold_gain":0,"player_choice":"Rummage","damage_taken":0,"relics_obtained":["WarpedTongs"],"max_hp_gain":0,"max_hp_loss":0,"event_name":"Accursed Blacksmith","floor":13,"gold_loss":0,"cards_obtained":["Pain"]}],"is_beta":true,"boss_relics":[],"items_purged_floors":[],"is_endless":false,"potions_floor_spawned":[2,6,8,10,14],"killed_by":"Hexaghost","ascension_level":8}