{"gold_per_floor":[116,126,137,187,207,207,238,238,238,254,289,289,304,318,318,394,394,405,416,416],"floor_reached":20,"playtime":784,"items_purged":[],"score":376,"play_id":"528de4ee-135d-40c0-b5c3-574373178cc5","local_time":"20191008190349","is_ascension_mode":true,"campfire_choices":[{"data":"Sunder","floor":6.0,"key":"SMITH"},{"data":"Zap","floor":8.0,"key":"SMITH"},{"floor":12.0,"key":"REST"},{"data":"Coolheaded","floor":15.0,"key":"SMITH"}],"neow_cost":"NONE","seed_source_timestamp":298291321283300,"circlet_count":0,"master_deck":["AscendersBane","Strike_B","Strike_B","Strike_B","Strike_B","Defend_B","Defend_B","Defend_B","Defend_B","Zap+1","Dualcast","Coolheaded+1","Conserve Battery","Sunder+1","Steam","Core Surge","Go for the Eyes","Sweeping Beam","Gash","All For One","Steam"],"special_seed":0,"relics":["Cracked Core","NeowsBlessing","Blood Vial","Dream Catcher","Darkstone Periapt","Black Star"],"potions_floor_usage":[16,18],"damage_taken":[{"damage":0.0,"enemies":"Small Slimes","floor":1.0,"turns":1.0},{"damage":0.0,"enemies":"Cultist","floor":2.0,"turns":1.0},{"damage":0.0,"enemies":"2 Louse","floor":3.0,"turns":1.0},{"damage":15.0,"enemies":"Exordium Wildlife","floor":5.0,"turns":3.0},{"damage":21.0,"enemies":"Lagavulin","floor":7.0,"turns":7.0},{"damage":8.0,"enemies":"Blue Slaver","floor":10.0,"turns":4.0},{"damage":8.0,"enemies":"Gremlin Nob","floor":11.0,"turns":3.0},{"damage":0.0,"enemies":"Large Slime","floor":13.0,"turns":4.0},{"damage":0.0,"enemies":"Looter","floor":14.0,"turns":3.0},{"damage":25,"enemies":"The Guardian","floor":16,"turns":12},{"damage":33,"enemies":"3 Byrds","floor":18,"turns":4},{"damage":22,"enemies":"Shell Parasite","floor":19,"turns":9},{"damage":12,"enemies":"Sentry and Sphere","floor":20,"turns":2}],"seed_played":"6734406136161814032","potions_obtained":[{"floor":3.0,"key":"Explosive Potion"},{"floor":5.0,"key":"Explosive Potion"},{"floor":13.0,"key":"Strength Potion"}],"is_trial":false,"path_per_floor":["M","M","M","?","M","R","E","R","T","M","E","R","M","M","R","B",null,"M","M","M"],"character_chosen":"DEFECT","items_purchased":[],"campfire_rested":1,"item_purchase_floors":[],"current_hp_per_floor":[64,64,64,64,49,49,28,28,28,22,16,37,39,41,41,18,58,27,7,0],"gold":416,"neow_bonus":"THREE_ENEMY_KILL","is_prod":false,"is_daily":false,"chose_seed":false,"campfire_upgraded":3,"win_rate":0,"timestamp":1570529029,"path_taken":["M","M","M","?","M","R","E","R","T","M","E","R","M","M","R","BOSS","M","M","M"],"build_version":"2019-07-17","purchased_purges":0,"victory":false,"max_hp_per_floor":[71,71,71,71,71,71,71,71,71,71,71,71,71,71,71,71,71,71,71,71],"card_choices":[{"not_picked":["Gash","Ball Lightning"],"picked":"Coolheaded","floor":1.0},{"not_picked":["Beam Cell","Coolheaded"],"picked":"Conserve Battery","floor":2.0},{"not_picked":["Gash","Double Energy"],"picked":"Sunder","floor":3.0},{"not_picked":["Skim","Force Field"],"picked":"Steam","floor":5.0},{"not_picked":["Leap","Darkness"],"picked":"Core Surge","floor":7.0},{"not_picked":["Turbo","Redo"],"picked":"Go for the Eyes","floor":10.0},{"not_picked":["Fusion","Rainbow","Barrage"],"picked":"SKIP","floor":11.0},{"not_picked":["Gash","Stack"],"picked":"Sweeping Beam","floor":12.0},{"not_picked":["Streamline","Steam"],"picked":"Gash","floor":13.0},{"not_picked":["Stack","Turbo","Rebound"],"picked":"SKIP","floor":14.0},{"not_picked":["Machine Learning","Fission"],"picked":"All For One","floor":16},{"not_picked":["Turbo","Barrage","Recycle"],"picked":"SKIP","floor":18},{"not_picked":["Ball Lightning","Sweeping Beam"],"picked":"Steam","floor":19}],"player_experience":595001,"relics_obtained":[{"floor":7.0,"key":"Blood Vial"},{"floor":9.0,"key":"Dream Catcher"},{"floor":11.0,"key":"Darkstone Periapt"}],"event_choices":[{"damage_healed":0.0,"max_hp_gain":0.0,"max_hp_loss":0.0,"gold_gain":50.0,"event_name":"Golden Shrine","player_choice":"Pray","floor":4.0,"gold_loss":0.0,"damage_taken":0.0}],"is_beta":false,"boss_relics":[{"not_picked":["Runic Dome","Ectoplasm"],"picked":"Black Star"}],"items_purged_floors":[],"is_endless":false,"potions_floor_spawned":[3,5,13,14],"killed_by":"Sentry and Sphere","ascension_level":20}