{"gold_per_floor":[116,116,133,8,8,40,59,91,91,91,107,118,118,134,134,134],"floor_reached":16,"playtime":649,"items_purged":["Defend_R"],"score":171,"play_id":"962ab7f9-07a2-4f7d-bc5d-1188c0870600","local_time":"20190610163940","is_ascension_mode":true,"campfire_choices":[{"floor":13,"key":"RECALL"},{"data":"True Grit","floor":15,"key":"SMITH"}],"neow_cost":"NONE","seed_source_timestamp":105409876558215,"circlet_count":0,"master_deck":["Strike_R","Strike_R","Strike_R","Strike_R","Strike_R","Defend_R","Defend_R","Defend_R","True Grit+1","Havoc","Shockwave","Shrug It Off","Flame Barrier"],"relics":["Burning Blood","NeowsBlessing","Incense Burner","Darkstone Periapt","Happy Flower","Ornamental Fan"],"potions_floor_usage":[8,16,16],"damage_taken":[{"damage":0,"enemies":"Small Slimes","floor":1,"turns":1},{"damage":0,"enemies":"Cultist","floor":3,"turns":1},{"damage":0,"enemies":"Lagavulin","floor":6,"turns":1},{"damage":5,"enemies":"2 Louse","floor":7,"turns":3},{"damage":16,"enemies":"Gremlin Nob","floor":8,"turns":4},{"damage":7,"enemies":"Large Slime","floor":11,"turns":6},{"damage":11,"enemies":"3 Louse","floor":12,"turns":4},{"damage":9,"enemies":"Exordium Thugs","floor":14,"turns":7},{"damage":79,"enemies":"Hexaghost","floor":16,"turns":16}],"seed_played":"-7721232769092438111","potions_obtained":[{"floor":2,"key":"Strength Potion"},{"floor":2,"key":"Ancient Potion"},{"floor":2,"key":"Ancient Potion"},{"floor":6,"key":"AttackPotion"},{"floor":7,"key":"PowerPotion"},{"floor":11,"key":"Regen Potion"}],"is_trial":false,"path_per_floor":["M","?","M","$","T","E","M","E","T","?","M","M","R","M","R","B"],"character_chosen":"IRONCLAD","items_purchased":["Havoc"],"campfire_rested":0,"item_purchase_floors":[4],"current_hp_per_floor":[80,80,80,80,80,80,80,70,70,70,69,64,64,61,61,0],"gold":134,"neow_bonus":"THREE_ENEMY_KILL","is_prod":false,"is_daily":false,"chose_seed":false,"campfire_upgraded":1,"win_rate":0,"timestamp":1560177580,"path_taken":["M","?","M","$","?","E","M","E","T","?","M","M","R","M","R","BOSS"],"build_version":"2019-01-23","purchased_purges":1,"victory":false,"max_hp_per_floor":[80,80,80,80,80,80,80,80,80,80,80,80,80,80,80,80],"card_choices":[{"not_picked":["Clash","Sword Boomerang","Flex"],"picked":"SKIP","floor":1},{"not_picked":["Evolve","Fire Breathing"],"picked":"True Grit","floor":3},{"not_picked":["Wild Strike","Cleave","Reckless Charge"],"picked":"SKIP","floor":6},{"not_picked":["Pommel Strike","Carnage"],"picked":"Shockwave","floor":7},{"not_picked":["Iron Wave","Heavy Blade","Headbutt"],"picked":"SKIP","floor":8},{"not_picked":["Clothesline","Juggernaut","Body Slam"],"picked":"SKIP","floor":11},{"not_picked":["Body Slam","Infernal Blade"],"picked":"Shrug It Off","floor":12},{"not_picked":["Uppercut","Combust"],"picked":"Flame Barrier","floor":14}],"player_experience":191201,"relics_obtained":[{"floor":5,"key":"Incense Burner"},{"floor":6,"key":"Darkstone Periapt"},{"floor":8,"key":"Happy Flower"},{"floor":9,"key":"Ornamental Fan"}],"event_choices":[{"damage_healed":0,"gold_gain":0,"player_choice":"Got Potions","damage_taken":0,"max_hp_gain":0,"max_hp_loss":0,"event_name":"Lab","floor":2,"gold_loss":0},{"cards_removed":["Bash"],"damage_healed":0,"gold_gain":0,"player_choice":"Forget","damage_taken":0,"max_hp_gain":0,"max_hp_loss":0,"event_name":"Living Wall","floor":10,"gold_loss":0}],"is_beta":false,"boss_relics":[],"items_purged_floors":[4],"is_endless":false,"potions_floor_spawned":[6,7,11,12],"killed_by":"Hexaghost","ascension_level":5}