{"gold_per_floor":[113,133,149,161,177,177,207,63,89,119,138,138,172,172,172,277,277,287,307,75,90,43,43,143,154,154,154,165,165,180,196,196,196],"floor_reached":33,"playtime":2621,"items_purged":[],"score":393,"play_id":"a2d33630-a682-47bd-aec3-7ddbc98365ca","local_time":"20191011194851","is_ascension_mode":true,"campfire_choices":[{"data":"Footwork","floor":6.0,"key":"SMITH"},{"floor":12.0,"key":"REST"},{"data":"Neutralize","floor":15.0,"key":"SMITH"},{"floor":23,"key":"REST"},{"floor":27,"key":"REST"},{"floor":29,"key":"REST"},{"data":"Survivor","floor":32,"key":"SMITH"}],"neow_cost":"NONE","seed_source_timestamp":69536296419900,"circlet_count":0,"master_deck":["Strike_G","Strike_G","Defend_G","Defend_G","Defend_G","Defend_G","Defend_G","Survivor+1","Neutralize+1","Corpse Explosion+1","Heel Hook+1","Unload+1","Deadly Poison","Crippling Poison","Footwork+1","Reflex","Reflex","Dash","Noxious Fumes","Blur","Dodge and Roll","Backflip","Wraith Form v2","All Out Attack+1","Tools of the Trade","Blur","Dodge and Roll","Prepared+1"],"special_seed":0,"relics":["Astrolabe","Bottled Flame","Juzu Bracelet","Potion Belt","Toy Ornithopter","Oddly Smooth Stone","StoneCalendar"],"potions_floor_usage":[33],"damage_taken":[{"damage":3.0,"enemies":"Small Slimes","floor":1.0,"turns":4.0},{"damage":0.0,"enemies":"Cultist","floor":2.0,"turns":3.0},{"damage":2.0,"enemies":"Jaw Worm","floor":3.0,"turns":3.0},{"damage":4.0,"enemies":"Looter","floor":4.0,"turns":4.0},{"damage":9.0,"enemies":"Lots of Slimes","floor":5.0,"turns":3.0},{"damage":5.0,"enemies":"Lagavulin","floor":7.0,"turns":7.0},{"damage":15.0,"enemies":"3 Sentries","floor":10.0,"turns":4.0},{"damage":6.0,"enemies":"Exordium Thugs","floor":11.0,"turns":3.0},{"damage":14.0,"enemies":"Lagavulin","floor":13.0,"turns":7.0},{"damage":12.0,"enemies":"Hexaghost","floor":16.0,"turns":12.0},{"damage":21.0,"enemies":"Spheric Guardian","floor":18.0,"turns":6.0},{"damage":12.0,"enemies":"Shell Parasite","floor":19.0,"turns":11.0},{"damage":12,"enemies":"Cultist and Chosen","floor":21,"turns":6},{"damage":12,"enemies":"Shelled Parasite and Fungi","floor":25,"turns":6},{"damage":13,"enemies":"Centurion and Healer","floor":28,"turns":7},{"damage":16,"enemies":"Snake Plant","floor":30,"turns":7},{"damage":9,"enemies":"Shelled Parasite and Fungi","floor":31,"turns":7},{"damage":56,"enemies":"Collector","floor":33,"turns":13}],"seed_played":"7255067505353959359","potions_obtained":[{"floor":1.0,"key":"Strength Potion"},{"floor":2.0,"key":"GamblersBrew"},{"floor":5.0,"key":"Block Potion"},{"floor":18.0,"key":"FairyPotion"},{"floor":25,"key":"PowerPotion"},{"floor":28,"key":"SmokeBomb"}],"is_trial":false,"path_per_floor":["M","M","M","M","M","R","E","$","T","E","M","R","E","?","R","B",null,"M","M","$","M","$","R","?","M","T","R","M","R","M","M","R","B"],"character_chosen":"THE_SILENT","items_purchased":["Noxious Fumes","Blur","Tools of the Trade","Oddly Smooth Stone","Dodge and Roll"],"campfire_rested":4,"item_purchase_floors":[8,8,20,20,22],"current_hp_per_floor":[60,60,58,54,45,45,40,40,40,25,19,40,26,26,26,14,56,35,23,23,11,11,32,32,20,20,41,28,49,33,24,24,0],"gold":196,"neow_bonus":"BOSS_RELIC","is_prod":false,"is_daily":false,"chose_seed":false,"campfire_upgraded":3,"win_rate":0,"timestamp":1570790931,"path_taken":["M","M","M","M","M","R","E","$","T","E","M","R","E","?","R","BOSS","M","M","$","M","$","R","?","M","T","R","M","R","M","M","R","BOSS"],"build_version":"2019-10-10","purchased_purges":0,"victory":false,"max_hp_per_floor":[70,70,70,70,70,70,70,70,70,70,70,70,70,70,70,70,70,70,70,70,70,70,70,70,70,70,70,70,70,70,70,70,70],"card_choices":[{"not_picked":["Eviscerate","Dagger Spray"],"picked":"Deadly Poison","floor":1.0},{"not_picked":["Deflect","Choke"],"picked":"Crippling Poison","floor":2.0},{"not_picked":["Choke","Dagger Spray"],"picked":"Footwork","floor":3.0},{"not_picked":["Prepared","Deadly Poison"],"picked":"Reflex","floor":4.0},{"not_picked":["Flying Knee","Backflip"],"picked":"Reflex","floor":5.0},{"not_picked":["Envenom","Crippling Poison"],"picked":"Dash","floor":7.0},{"not_picked":["Dash","Quick Slash"],"picked":"Dodge and Roll","floor":10.0},{"not_picked":["Slice","Underhanded Strike"],"picked":"Backflip","floor":11.0},{"not_picked":["Crippling Poison","Expertise","Dagger Spray"],"picked":"SKIP","floor":13.0},{"not_picked":["A Thousand Cuts","Glass Knife"],"picked":"Wraith Form v2","floor":16.0},{"not_picked":["Calculated Gamble","Setup"],"picked":"All Out Attack+1","floor":18.0},{"not_picked":["Slice","Bane","Quick Slash+1"],"picked":"SKIP","floor":19.0},{"not_picked":["Accuracy+1","Quick Slash"],"picked":"Blur","floor":21},{"not_picked":["Underhanded Strike","Terror","Quick Slash+1"],"picked":"SKIP","floor":25},{"not_picked":["Quick Slash","Deflect"],"picked":"Prepared+1","floor":28},{"not_picked":["Sucker Punch","Poisoned Stab","Leg Sweep+1"],"picked":"SKIP","floor":30},{"not_picked":["Distraction","Dash","Flying Knee"],"picked":"SKIP","floor":31}],"player_experience":648672,"relics_obtained":[{"floor":7.0,"key":"Bottled Flame"},{"floor":9.0,"key":"Juzu Bracelet"},{"floor":10.0,"key":"Potion Belt"},{"floor":13.0,"key":"Toy Ornithopter"},{"floor":26,"key":"StoneCalendar"}],"event_choices":[{"damage_healed":0.0,"max_hp_gain":0.0,"max_hp_loss":0.0,"gold_gain":0.0,"event_name":"FaceTrader","player_choice":"Leave","floor":14.0,"gold_loss":0.0,"damage_taken":0.0},{"damage_healed":0,"gold_gain":100,"player_choice":"Pray","damage_taken":0,"max_hp_gain":0,"max_hp_loss":0,"event_name":"Golden Shrine","floor":24,"gold_loss":0}],"is_beta":true,"boss_relics":[{"not_picked":["Fusion Hammer","Busted Crown","Runic Dome"]}],"items_purged_floors":[],"is_endless":false,"potions_floor_spawned":[1,2,5,7,18,25,28,30],"killed_by":"Collector","ascension_level":9}