{"gold_per_floor":[114,127,127,141,141,141,154,154,181,181,31,41,55,55,55,154,154,164,263,263,263,318,344,394,414,414,414,431,441,476,488,488,591,591,609,402,402,454,468,493,493,510,810,823,823,518,518,530,530,530],"floor_reached":51,"playtime":1057,"items_purged":["Twin Strike+1"],"score":832,"play_id":"a209f3a8-1727-4fff-a2cd-508dbcd5ed0d","local_time":"20191013010842","is_ascension_mode":false,"campfire_choices":[{"data":"Bash","floor":6.0,"key":"SMITH"},{"data":"Twin Strike","floor":8.0,"key":"SMITH"},{"data":"Bludgeon","floor":15.0,"key":"SMITH"},{"data":"Whirlwind","floor":32.0,"key":"SMITH"},{"data":"Bite","floor":41.0,"key":"SMITH"},{"floor":45.0,"key":"REST"},{"data":"Bite","floor":49.0,"key":"SMITH"}],"neow_cost":"NONE","seed_source_timestamp":175233618580400,"circlet_count":0,"master_deck":["Defend_R","Defend_R","Defend_R","Defend_R","Bash+1","Bludgeon+1","Double Tap","Whirlwind+1","Armaments+1","Bite","Bite","Bite","Bite+1","Bite+1","Seeing Red+1","Offering+1","Blind+1"],"special_seed":0,"relics":["Burning Blood","NeowsBlessing","PreservedInsect","SlaversCollar","MutagenicStrength","Tiny Chest","Smiling Mask","Gremlin Horn","Toxic Egg 2","Sozu","Strawberry","Orichalcum","Eternal Feather","Old Coin","Oddly Smooth Stone","Anchor","Bag of Preparation"],"potions_floor_usage":[50],"damage_taken":[{"damage":0.0,"enemies":"Cultist","floor":1.0,"turns":1.0},{"damage":0.0,"enemies":"2 Louse","floor":2.0,"turns":1.0},{"damage":0.0,"enemies":"Jaw Worm","floor":4.0,"turns":1.0},{"damage":36.0,"enemies":"Exordium Thugs","floor":7.0,"turns":5.0},{"damage":0.0,"enemies":"Large Slime","floor":12.0,"turns":4.0},{"damage":0.0,"enemies":"2 Fungi Beasts","floor":13.0,"turns":2.0},{"damage":45.0,"enemies":"Hexaghost","floor":16.0,"turns":7.0},{"damage":19.0,"enemies":"Spheric Guardian","floor":18.0,"turns":4.0},{"damage":12.0,"enemies":"Book of Stabbing","floor":23.0,"turns":2.0},{"damage":11.0,"enemies":"3 Byrds","floor":25.0,"turns":5.0},{"damage":24.0,"enemies":"3 Cultists","floor":28.0,"turns":5.0},{"damage":24.0,"enemies":"Shelled Parasite and Fungi","floor":29.0,"turns":4.0},{"damage":0.0,"enemies":"Gremlin Leader","floor":30.0,"turns":2.0},{"damage":8.0,"enemies":"Centurion and Healer","floor":31.0,"turns":6.0},{"damage":30.0,"enemies":"Collector","floor":33.0,"turns":5.0},{"damage":15.0,"enemies":"3 Shapes","floor":35.0,"turns":3.0},{"damage":0.0,"enemies":"Orb Walker","floor":39.0,"turns":1.0},{"damage":6.0,"enemies":"Reptomancer","floor":40.0,"turns":1.0},{"damage":21.0,"enemies":"Writhing Mass","floor":42.0,"turns":4.0},{"damage":50.0,"enemies":"Maw","floor":44.0,"turns":6.0},{"damage":10.0,"enemies":"Sphere and 2 Shapes","floor":48.0,"turns":3.0},{"damage":78,"enemies":"Awakened One","floor":50,"turns":13}],"seed_played":"7155138049235931784","potions_obtained":[{"floor":2.0,"key":"Fire Potion"},{"floor":13.0,"key":"LiquidBronze"},{"floor":16.0,"key":"Fire Potion"},{"floor":18.0,"key":"SkillPotion"},{"floor":29.0,"key":"Swift Potion"},{"floor":33.0,"key":"FearPotion"}],"is_trial":false,"path_per_floor":["M","M","?","M","$","R","M","R","T","?","$","M","M","$","R","B",null,"M","?","?","?","T","E","?","M","T","?","M","M","E","M","R","B",null,"M","$","?","T","M","E","R","M","T","M","R","$","T","M","R","B",null],"character_chosen":"IRONCLAD","items_purchased":["Bludgeon","Strawberry","Oddly Smooth Stone","Anchor"],"campfire_rested":1,"item_purchase_floors":[11,36,46,46],"current_hp_per_floor":[80,80,80,80,80,80,50,50,50,50,50,56,62,62,62,23,80,67,67,67,52,52,46,46,41,41,41,38,30,42,58,58,38,59,56,63,63,63,66,66,66,55,55,31,59,59,59,63,66,32],"gold":530,"neow_bonus":"THREE_ENEMY_KILL","is_prod":false,"is_daily":false,"chose_seed":false,"campfire_upgraded":6,"win_rate":0,"timestamp":1570896522,"path_taken":["M","?","?","?","$","R","M","R","T","?","$","M","M","?","R","BOSS","M","?","?","?","?","E","?","?","T","?","M","M","E","M","R","BOSS","M","$","?","?","M","E","R","M","T","M","R","$","?","M","R","BOSS"],"build_version":"2019-10-11","purchased_purges":1,"victory":true,"max_hp_per_floor":[80,80,80,80,80,80,80,80,80,80,80,80,80,80,80,80,80,80,80,80,85,85,85,85,85,85,59,59,59,59,59,59,59,59,59,66,66,66,66,66,66,66,66,66,66,66,66,66,66,66],"card_choices":[{"not_picked":["True Grit","Heavy Blade","Ghostly Armor"],"picked":"SKIP","floor":1.0},{"not_picked":["Dropkick","Bloodletting","Flex"],"picked":"SKIP","floor":2.0},{"not_picked":["True Grit","Anger"],"picked":"Twin Strike","floor":4.0},{"not_picked":["Iron Wave","Bloodletting","Sword Boomerang"],"picked":"SKIP","floor":7.0},{"not_picked":["Body Slam","Warcry","Rupture"],"picked":"SKIP","floor":12.0},{"not_picked":["Bloodletting","Blood for Blood","Body Slam"],"picked":"SKIP","floor":13.0},{"not_picked":["Demon Form","Brutality"],"picked":"Double Tap","floor":16.0},{"not_picked":["Spot Weakness","Sword Boomerang","Thunderclap"],"picked":"SKIP","floor":18.0},{"not_picked":["Blood for Blood+1","Second Wind"],"picked":"Whirlwind","floor":23.0},{"not_picked":["Clash","Wild Strike"],"picked":"Armaments+1","floor":25.0},{"not_picked":["Power Through+1","Feel No Pain"],"picked":"Seeing Red+1","floor":28.0},{"not_picked":["Anger+1","Power Through","Headbutt"],"picked":"SKIP","floor":29.0},{"not_picked":["Burning Pact","Warcry","Havoc+1"],"picked":"SKIP","floor":30.0},{"not_picked":["True Grit+1","Dropkick+1","Feel No Pain"],"picked":"SKIP","floor":31.0},{"not_picked":["Feed","Double Tap+1"],"picked":"Offering+1","floor":33.0},{"not_picked":["Clothesline+1","Wild Strike","Thunderclap"],"picked":"SKIP","floor":35.0},{"not_picked":["HandOfGreed","Violence+1"],"picked":"Blind+1","floor":37.0},{"not_picked":["Shrug It Off+1","True Grit+1","Spot Weakness+1"],"picked":"SKIP","floor":39.0},{"not_picked":["Heavy Blade+1","Havoc+1","Armaments+1"],"picked":"SKIP","floor":40.0},{"not_picked":["Warcry+1","Sentinel+1","Flex+1"],"picked":"SKIP","floor":42.0},{"not_picked":["Carnage","Rampage","Pommel Strike"],"picked":"SKIP","floor":44.0},{"not_picked":["Havoc+1","Body Slam+1","Power Through+1"],"picked":"SKIP","floor":48.0}],"player_experience":675690,"relics_obtained":[{"floor":9.0,"key":"PreservedInsect"},{"floor":22.0,"key":"Tiny Chest"},{"floor":23.0,"key":"Smiling Mask"},{"floor":26.0,"key":"Gremlin Horn"},{"floor":30.0,"key":"Toxic Egg 2"},{"floor":38.0,"key":"Orichalcum"},{"floor":40.0,"key":"Eternal Feather"},{"floor":43.0,"key":"Old Coin"},{"floor":47.0,"key":"Bag of Preparation"}],"event_choices":[{"cards_removed":["Strike_R"],"damage_healed":0.0,"max_hp_gain":0.0,"max_hp_loss":0.0,"gold_gain":0.0,"event_name":"Bonfire Elementals","player_choice":"Offered Basic","floor":3.0,"gold_loss":0.0,"damage_taken":0.0},{"damage_healed":0.0,"max_hp_gain":0.0,"max_hp_loss":0.0,"gold_gain":0.0,"event_name":"NoteForYourself","player_choice":"Ignored","floor":10.0,"gold_loss":0.0,"damage_taken":0.0},{"damage_healed":0.0,"max_hp_gain":0.0,"max_hp_loss":0.0,"gold_gain":99.0,"event_name":"Nest","player_choice":"Stole From Cult","floor":19.0,"gold_loss":0.0,"damage_taken":0.0},{"damage_healed":0.0,"max_hp_gain":0.0,"max_hp_loss":0.0,"gold_gain":0.0,"event_name":"Drug Dealer","player_choice":"Inject Mutagens","floor":20.0,"gold_loss":0.0,"damage_taken":0.0,"relics_obtained":["MutagenicStrength"]},{"damage_healed":0.0,"max_hp_gain":5.0,"max_hp_loss":0.0,"gold_gain":0.0,"event_name":"Forgotten Altar","player_choice":"Shed Blood","floor":21.0,"gold_loss":0.0,"damage_taken":20.0},{"damage_healed":0.0,"max_hp_gain":0.0,"max_hp_loss":0.0,"gold_gain":100.0,"event_name":"The Joust","player_choice":"Bet on Murderer","floor":24.0,"gold_loss":50.0,"damage_taken":0.0},{"damage_healed":0.0,"max_hp_gain":0.0,"max_hp_loss":26.0,"gold_gain":0.0,"event_name":"Vampires","player_choice":"Became a vampire","floor":27.0,"gold_loss":0.0,"damage_taken":0.0,"cards_obtained":["Bite","Bite","Bite","Bite","Bite"]},{"damage_healed":0.0,"max_hp_gain":0.0,"max_hp_loss":0.0,"gold_gain":0.0,"event_name":"SensoryStone","player_choice":"Memory 1","floor":37.0,"gold_loss":0.0,"damage_taken":0.0}],"is_beta":true,"boss_relics":[{"not_picked":["Empty Cage","Calling Bell"],"picked":"SlaversCollar"},{"not_picked":["Cursed Key","Runic Dome"],"picked":"Sozu"}],"items_purged_floors":[36],"is_endless":false,"potions_floor_spawned":[2,13,16,18,23,29,33,42,44],"ascension_level":0}