{"gold_per_floor":[211,187,203,203,217,217,250,250,325,24,99,111,131,131,131,231,231,211,211,224,91,91,125,125,50,50,67,83,8,22,40,40,40],"floor_reached":33,"playtime":1624,"items_purged":["Strike_R"],"score":374,"play_id":"6d53aa5a-cea6-452b-bbb0-92e1486ba6c9","local_time":"20191012135457","is_ascension_mode":true,"campfire_choices":[{"data":"Armaments","floor":6.0,"key":"SMITH"},{"data":"Shrug It Off","floor":8.0,"key":"SMITH"},{"data":"Clothesline","floor":15,"key":"SMITH"},{"floor":24,"key":"REST"},{"floor":32,"key":"REST"}],"neow_cost":"NONE","seed_source_timestamp":135730470937400,"circlet_count":0,"master_deck":["Strike_R","Strike_R","Defend_R","Defend_R","Defend_R","Defend_R","Bash","Sword Boomerang","Armaments+1","Headbutt","Shrug It Off+1","Seeing Red","Evolve","Clothesline+1","Dark Embrace","Feel No Pain","True Grit","Flash of Steel","True Grit","Whirlwind"],"special_seed":0,"relics":["Burning Blood","MealTicket","Paper Frog","Bag of Preparation","Bronze Scales","Mark of Pain","Mercury Hourglass","Ice Cream"],"potions_floor_usage":[16],"damage_taken":[{"damage":4.0,"enemies":"Jaw Worm","floor":1.0,"turns":4.0},{"damage":5.0,"enemies":"Small Slimes","floor":3.0,"turns":4.0},{"damage":1.0,"enemies":"Cultist","floor":5.0,"turns":3.0},{"damage":30.0,"enemies":"Lagavulin","floor":7.0,"turns":7.0},{"damage":2,"enemies":"Blue Slaver","floor":12,"turns":3},{"damage":25,"enemies":"Exordium Thugs","floor":13,"turns":7},{"damage":37,"enemies":"Hexaghost","floor":16,"turns":12},{"damage":17,"enemies":"2 Thieves","floor":18,"turns":4},{"damage":6,"enemies":"3 Byrds","floor":20,"turns":4},{"damage":58,"enemies":"Gremlin Leader","floor":23,"turns":10},{"damage":4,"enemies":"Cultist and Chosen","floor":27,"turns":7},{"damage":13,"enemies":"Snecko","floor":28,"turns":5},{"damage":18,"enemies":"3 Cultists","floor":30,"turns":3},{"damage":15,"enemies":"Shelled Parasite and Fungi","floor":31,"turns":5},{"damage":76,"enemies":"Champ","floor":33,"turns":20}],"seed_played":"230429746539359213","potions_obtained":[{"floor":1.0,"key":"Regen Potion"},{"floor":3.0,"key":"EntropicBrew"},{"floor":7.0,"key":"SkillPotion"},{"floor":18,"key":"Dexterity Potion"},{"floor":30,"key":"DuplicationPotion"}],"is_trial":false,"path_per_floor":["M","$","M","?","M","R","E","R","T","$","?","M","M","?","R","B",null,"M","$","M","$","?","E","R","?","T","M","M","$","M","M","R","B"],"character_chosen":"IRONCLAD","items_purchased":["Armaments","Evolve","Bag of Preparation","True Grit","Flash of Steel","Whirlwind"],"campfire_rested":2,"item_purchase_floors":[2,10,10,21,21,29],"current_hp_per_floor":[74,74,75,68,73,73,49,49,49,64,56,60,41,41,41,10,63,52,67,67,80,80,28,52,52,52,54,47,62,50,41,65,0],"gold":40,"neow_bonus":"HUNDRED_GOLD","is_prod":false,"is_daily":false,"chose_seed":false,"campfire_upgraded":3,"win_rate":0,"timestamp":1570856097,"path_taken":["M","$","M","?","M","R","E","R","T","$","?","?","M","?","R","BOSS","M","$","M","$","?","E","R","?","T","M","M","$","M","M","R","BOSS"],"build_version":"2019-10-11","purchased_purges":1,"victory":false,"max_hp_per_floor":[80,80,80,80,80,80,80,80,80,80,80,80,80,80,80,80,80,80,80,80,80,80,80,80,80,80,80,80,80,80,80,80,80],"card_choices":[{"not_picked":["Ghostly Armor","Heavy Blade"],"picked":"Sword Boomerang","floor":1.0},{"not_picked":["Anger","Sentinel"],"picked":"Headbutt","floor":3.0},{"not_picked":["Intimidate","Iron Wave"],"picked":"Shrug It Off","floor":5.0},{"not_picked":["Intimidate","Cleave"],"picked":"Seeing Red","floor":7.0},{"not_picked":["Wild Strike","Iron Wave"],"picked":"Clothesline","floor":12},{"not_picked":["Wild Strike","Limit Break","Spot Weakness"],"picked":"SKIP","floor":13},{"not_picked":["Impervious","Reaper"],"picked":"Dark Embrace","floor":16},{"not_picked":["Anger","Cleave+1"],"picked":"Feel No Pain","floor":18},{"not_picked":["Entrench+1","Thunderclap","Pommel Strike+1"],"picked":"SKIP","floor":20},{"not_picked":["Rage","Metallicize","Carnage"],"picked":"SKIP","floor":23},{"not_picked":["Shrug It Off","Heavy Blade","Metallicize"],"picked":"SKIP","floor":27},{"not_picked":["Clash","Demon Form"],"picked":"True Grit","floor":28},{"not_picked":["Clash","Warcry","Shockwave"],"picked":"SKIP","floor":30},{"not_picked":["Shrug It Off","Shockwave","Searing Blow"],"picked":"SKIP","floor":31}],"player_experience":656920,"relics_obtained":[{"floor":7.0,"key":"MealTicket"},{"floor":9.0,"key":"Paper Frog"},{"floor":23,"key":"Mercury Hourglass"},{"floor":26,"key":"Ice Cream"}],"event_choices":[{"cards_removed":["Strike_R"],"damage_healed":0.0,"max_hp_gain":0.0,"max_hp_loss":0.0,"gold_gain":0.0,"event_name":"Golden Wing","player_choice":"Card Removal","floor":4.0,"gold_loss":0.0,"damage_taken":7.0},{"damage_healed":0,"gold_gain":75,"player_choice":"Touch","damage_taken":8,"max_hp_gain":0,"max_hp_loss":0,"event_name":"FaceTrader","floor":11,"gold_loss":0},{"damage_healed":0,"gold_gain":0,"player_choice":"Gave Potion","damage_taken":0,"relics_obtained":["Bronze Scales"],"max_hp_gain":0,"max_hp_loss":0,"event_name":"WeMeetAgain","floor":14,"gold_loss":0},{"damage_healed":0,"gold_gain":0,"player_choice":"Ignored","damage_taken":0,"max_hp_gain":0,"max_hp_loss":0,"event_name":"Ghosts","floor":22,"gold_loss":0},{"cards_removed":["Strike_R"],"damage_healed":0,"gold_gain":0,"player_choice":"Gave Gold","damage_taken":0,"max_hp_gain":0,"max_hp_loss":0,"event_name":"Beggar","floor":25,"gold_loss":75}],"is_beta":true,"boss_relics":[{"not_picked":["Tiny House","Runic Dome"],"picked":"Mark of Pain"}],"items_purged_floors":[10],"is_endless":false,"potions_floor_spawned":[1,3,7,18,30],"killed_by":"Champ","ascension_level":8}