{"gold_per_floor":[113,124,124,143,143,143,154,154,204,204,214,214,214,228,228,327,327,342,377,396,416,616,616,299,299,325,325,353,370,382,395,395,494,494,513,513,120,1119,274,274,274,274,274,124,143,156,156,170,170,170],"floor_reached":50,"playtime":2723,"items_purged":["Strike_R","Defend_R","Normality","Normality"],"score":522,"play_id":"96513e67-ba5d-40ce-b9a2-f719683a3198","local_time":"20180801165012","is_ascension_mode":true,"campfire_choices":[{"data":"Bash","floor":6,"key":"SMITH"},{"data":"Flex","floor":8,"key":"SMITH"},{"data":"Sword Boomerang","floor":12,"key":"SMITH"},{"data":"Pommel Strike","floor":15,"key":"SMITH"},{"data":"Fiend Fire","floor":23,"key":"SMITH"},{"data":"Flex","floor":25,"key":"SMITH"},{"data":"Defend_R","floor":27,"key":"SMITH"},{"data":"Heavy Blade","floor":32,"key":"SMITH"},{"data":"Apotheosis","floor":41,"key":"SMITH"},{"data":"Madness","floor":49,"key":"SMITH"}],"neow_cost":"NONE","seed_source_timestamp":85855190613123,"circlet_count":0,"master_deck":["Strike_R","Strike_R","Strike_R","Defend_R+1","Defend_R+1","Defend_R+1","Bash+1","Pommel Strike+1","Flex+1","Impervious","Sword Boomerang+1","Metallicize","Fiend Fire+1","Flex+1","Master of Strategy","Impervious","Whirlwind+1","Heavy Blade+1","Sword Boomerang+1","Flex","Normality","Apotheosis+1","Madness+1","Madness","Spot Weakness+1","Sword Boomerang+1"],"relics":["Burning Blood","Lantern","Happy Flower","Mercury Hourglass","Coffee Dripper","Red Mask","Strawberry","Blood Vial","Cursed Key","Paper Frog","Blue Candle","Kunai","Molten Egg 2"],"potions_floor_usage":[21,28,45,50,50],"damage_taken":[{"damage":2,"enemies":"Small Slimes","floor":1,"turns":4},{"damage":1,"enemies":"Cultist","floor":2,"turns":3},{"damage":4,"enemies":"Jaw Worm","floor":4,"turns":3},{"damage":8,"enemies":"Large Slime","floor":7,"turns":6},{"damage":4,"enemies":"Exordium Wildlife","floor":11,"turns":3},{"damage":0,"enemies":"Blue Slaver","floor":14,"turns":2},{"damage":28,"enemies":"The Guardian","floor":16,"turns":10},{"damage":0,"enemies":"3 Byrds","floor":18,"turns":3},{"damage":14,"floor":19,"turns":4},{"damage":0,"enemies":"Chosen","floor":20,"turns":3},{"damage":0,"enemies":"Snecko","floor":21,"turns":2},{"damage":22,"enemies":"Book of Stabbing","floor":28,"turns":5},{"damage":0,"enemies":"Slaver and Parasite","floor":29,"turns":3},{"damage":14,"enemies":"Centurion and Healer","floor":30,"turns":5},{"damage":0,"enemies":"Chosen and Byrds","floor":31,"turns":3},{"damage":51,"enemies":"Collector","floor":33,"turns":6},{"damage":0,"enemies":"3 Darklings","floor":35,"turns":3},{"damage":8,"enemies":"Orb Walker","floor":45,"turns":2},{"damage":2,"enemies":"Flame Bruiser 2 Orb","floor":46,"turns":5},{"damage":26,"enemies":"Maw","floor":48,"turns":7},{"damage":103,"enemies":"Donu and Deca","floor":50,"turns":7}],"seed_played":"-2096810893891492426","potions_obtained":[{"floor":1,"key":"EssenceOfSteel"},{"floor":2,"key":"Fire Potion"},{"floor":4,"key":"SpeedPotion"},{"floor":7,"key":"GamblersBrew"},{"floor":19,"key":"Weak Potion"},{"floor":28,"key":"Fruit Juice"},{"floor":31,"key":"FairyPotion"},{"floor":45,"key":"Strength Potion"}],"is_trial":false,"path_per_floor":["M","M","?","M","?","R","M","R","T","T","M","R","?","M","R","B",null,"M","?","M","M","?","R","$","R","T","R","E","M","M","M","R","B",null,"M","?","$","?","$","?","R","T","T","$","M","M","T","M","R"],"character_chosen":"IRONCLAD","items_purchased":["Flex","Master of Strategy","Paper Frog","Flex","Blue Candle","Kunai","Dexterity Potion","Apotheosis"],"campfire_rested":0,"item_purchase_floors":[24,24,37,37,39,39,39,39],"current_hp_per_floor":[80,80,64,66,48,48,46,46,46,46,48,48,48,54,54,32,80,80,72,78,80,80,80,80,80,87,87,71,79,73,81,81,38,87,87,87,87,87,87,76,76,76,76,76,81,87,87,69,69,0],"gold":170,"neow_bonus":"REMOVE_CARD","is_prod":false,"is_daily":false,"chose_seed":false,"campfire_upgraded":10,"win_rate":0,"timestamp":1533135012,"path_taken":["M","M","?","M","?","R","M","R","T","?","M","R","?","M","R","BOSS","M","?","M","M","?","R","$","R","T","R","E","M","?","M","R","BOSS","M","?","$","?","$","?","R","?","T","?","?","M","?","M","R","BOSS"],"build_version":"2018-07-26","purchased_purges":4,"victory":false,"max_hp_per_floor":[80,80,80,80,80,80,80,80,80,80,80,80,80,80,80,80,80,80,80,80,80,80,80,80,80,87,87,87,87,87,87,87,87,87,87,87,87,87,87,87,87,87,87,87,92,92,92,92,92,92],"card_choices":[{"not_picked":["Headbutt","Shrug It Off"],"picked":"Pommel Strike","floor":1},{"not_picked":["Dual Wield","Evolve"],"picked":"Flex","floor":2},{"not_picked":["Intimidate","Sentinel"],"picked":"Impervious","floor":4},{"not_picked":["Thunderclap","Intimidate"],"picked":"Sword Boomerang","floor":7},{"not_picked":["Uppercut","Flame Barrier"],"picked":"Metallicize","floor":11},{"not_picked":["Anger","Havoc","Clothesline"],"picked":"SKIP","floor":14},{"not_picked":["Feed","Barricade"],"picked":"Fiend Fire","floor":16},{"not_picked":["Second Wind","Battle Trance","Pommel Strike"],"picked":"SKIP","floor":18},{"not_picked":["True Grit","Headbutt","Anger+1"],"picked":"SKIP","floor":20},{"not_picked":["Sentinel+1","Hemokinesis","Havoc"],"picked":"SKIP","floor":21},{"not_picked":["Armaments","Corruption+1"],"picked":"Impervious","floor":28},{"not_picked":["Rampage","Combust+1","Reckless Charge"],"picked":"SKIP","floor":29},{"not_picked":["Shrug It Off","Cleave"],"picked":"Whirlwind+1","floor":30},{"not_picked":["Armaments+1","Anger+1"],"picked":"Heavy Blade","floor":31},{"not_picked":["Wild Strike+1","Carnage","Clothesline+1"],"picked":"SKIP","floor":35},{"not_picked":["Thunderclap+1","Perfected Strike+1","Searing Blow+1"],"picked":"SKIP","floor":45},{"not_picked":["Rage","Havoc"],"picked":"Spot Weakness+1","floor":46},{"not_picked":["Perfected Strike+1","Wild Strike+1"],"picked":"Sword Boomerang+1","floor":48}],"player_experience":65691,"relics_obtained":[{"floor":9,"key":"Happy Flower"},{"floor":10,"key":"Mercury Hourglass"},{"floor":19,"key":"Red Mask"},{"floor":26,"key":"Strawberry"},{"floor":28,"key":"Blood Vial"},{"floor":42,"key":"Molten Egg 2"}],"event_choices":[{"event_name":"Shining Light","player_choice":"Entered Light","floor":3,"damage_taken":0},{"event_name":"Scrap Ooze","player_choice":"success","floor":5,"damage_taken":18},{"event_name":"Golden Idol","player_choice":"Ignored","floor":13,"damage_taken":0},{"event_name":"Masked Bandits","player_choice":"Fought over 342 gold","floor":19,"damage_taken":0},{"event_name":"The Joust","player_choice":"Bet on Owner","floor":22,"damage_taken":0},{"event_name":"Duplicator","player_choice":"One dupe","floor":36,"damage_taken":0},{"event_name":"MindBloom","player_choice":"Gold","floor":38,"damage_taken":0},{"event_name":"Winding Halls","player_choice":"Embrace Madness","floor":40,"damage_taken":0}],"is_beta":false,"boss_relics":[{"not_picked":["Runic Pyramid","Runic Cube"],"picked":"Coffee Dripper"},{"not_picked":["Black Blood","Velvet Choker"],"picked":"Cursed Key"}],"items_purged_floors":[24,37,39,44],"is_endless":false,"potions_floor_spawned":[1,2,4,7,19,20,28,31,45],"killed_by":"Donu and Deca","ascension_level":2}