{"gold_per_floor":[117,117,127,127,127,155,155,155,155,80,107,107,123,136,136,231,231,250,150,150,150,170,170,190,190,190,209,209,222,238,238,238,336,336,347,222,240,259,277,277,352,364,364,364,214,229,240,65,65,65],"floor_reached":51,"playtime":2206,"items_purged":["Strike_P","Strike_P","Strike_P","Eruption","Defend_P"],"score":841,"play_id":"63cc11d8-8ca8-4019-b268-53117a9ed154","local_time":"20190916083338","is_ascension_mode":true,"campfire_choices":[{"data":"FlyingSleeves","floor":7.0,"key":"SMITH"},{"data":"ReachHeaven","floor":12.0,"key":"SMITH"},{"floor":15.0,"key":"REST"},{"data":"DevaForm","floor":23.0,"key":"SMITH"},{"data":"Protect","floor":25.0,"key":"SMITH"},{"floor":32.0,"key":"REST"},{"floor":40.0,"key":"REST"},{"floor":44.0,"key":"REST"},{"floor":49,"key":"REST"}],"neow_cost":"NONE","seed_source_timestamp":0,"circlet_count":0,"master_deck":["Defend_P","Defend_P","Vigilance+1","Protect+1","EmptyBody","FlyingSleeves+1","ReachHeaven+1","CutThroughFate","DevaForm+1","Devotion","Conclude+1","Protect+1","Sanctity+1","Devotion","Alpha","Fasting","Alpha","Establishment"],"special_seed":0,"relics":["HolyWater","NeowsBlessing","Mummified Hand","Prayer Wheel","Bottled Lightning","Regal Pillow","Oddly Smooth Stone","MutagenicStrength","Fusion Hammer","Ornamental Fan"],"potions_floor_usage":[46,46,50],"damage_taken":[{"damage":0.0,"enemies":"Small Slimes","floor":1.0,"turns":1.0},{"damage":0.0,"enemies":"Cultist","floor":3.0,"turns":1.0},{"damage":0.0,"enemies":"3 Sentries","floor":6.0,"turns":1.0},{"damage":31.0,"enemies":"Gremlin Nob","floor":11.0,"turns":3.0},{"damage":0.0,"enemies":"Jaw Worm","floor":13.0,"turns":3.0},{"damage":0.0,"enemies":"3 Louse","floor":14.0,"turns":3.0},{"damage":47.0,"enemies":"Hexaghost","floor":16.0,"turns":9.0},{"damage":32.0,"enemies":"Chosen","floor":18.0,"turns":7.0},{"damage":0.0,"enemies":"Shell Parasite","floor":22.0,"turns":6.0},{"damage":0.0,"enemies":"Centurion and Healer","floor":24.0,"turns":4.0},{"damage":15.0,"enemies":"Snake Plant","floor":27.0,"turns":5.0},{"damage":0.0,"enemies":"Cultist and Chosen","floor":29.0,"turns":7.0},{"damage":0.0,"enemies":"Shelled Parasite and Fungi","floor":30.0,"turns":5.0},{"damage":1.0,"enemies":"Champ","floor":33.0,"turns":10.0},{"damage":0.0,"enemies":"Orb Walker","floor":35.0,"turns":4.0},{"damage":0.0,"enemies":"3 Darklings","floor":37.0,"turns":4.0},{"damage":0.0,"enemies":"Maw","floor":38.0,"turns":7.0},{"damage":15.0,"enemies":"Sphere and 2 Shapes","floor":39.0,"turns":9.0},{"damage":51.0,"enemies":"Spire Growth","floor":42.0,"turns":6.0},{"damage":17,"enemies":"Transient","floor":46,"turns":5},{"damage":8,"enemies":"Maw","floor":47,"turns":6},{"damage":36,"enemies":"Time Eater","floor":50,"turns":10}],"seed_played":"6531695319507551236","potions_obtained":[{"floor":3.0,"key":"LiquidBronze"},{"floor":13.0,"key":"Weak Potion"},{"floor":18.0,"key":"SneckoOil"},{"floor":24.0,"key":"Fire Potion"},{"floor":38.0,"key":"SteroidPotion"},{"floor":39.0,"key":"Regen Potion"},{"floor":46,"key":"EssenceOfSteel"}],"is_trial":false,"path_per_floor":["M","?","M","?","?","E","R","?","T","$","E","R","M","M","R","B",null,"M","$","?","?","M","R","M","R","T","M","?","M","M","?","R","B",null,"M","$","M","M","M","R","?","M","T","R","$","M","M","$","R","B",null],"character_chosen":"WATCHER","items_purchased":[],"campfire_rested":5,"item_purchase_floors":[],"current_hp_per_floor":[65,65,65,70,70,70,70,58,58,58,27,27,27,27,63,16,70,38,38,38,38,38,38,38,38,38,23,23,23,23,23,59,58,70,70,70,70,70,55,70,63,12,12,48,48,46,38,38,70,34],"gold":65,"neow_bonus":"THREE_ENEMY_KILL","is_prod":false,"is_daily":false,"chose_seed":false,"campfire_upgraded":4,"win_rate":0,"timestamp":1568615618,"path_taken":["M","?","?","?","?","E","R","?","T","$","E","R","M","M","R","BOSS","M","$","?","?","M","R","M","R","T","M","?","M","M","?","R","BOSS","M","$","M","M","M","R","?","M","T","R","?","M","M","$","R","BOSS"],"build_version":"2019-09-12","purchased_purges":5,"victory":true,"max_hp_per_floor":[65,65,65,70,70,70,70,70,70,70,70,70,70,70,70,70,70,70,70,70,70,70,70,70,70,70,70,70,70,70,70,70,70,70,70,70,70,70,70,70,70,70,70,70,70,70,70,70,70,70],"card_choices":[{"not_picked":["Weave","Sanctity"],"picked":"Protect","floor":1.0},{"not_picked":["FollowUp","Clarity"],"picked":"EmptyBody","floor":3.0},{"not_picked":["Meditate","Crescendo"],"picked":"FlyingSleeves","floor":6.0},{"not_picked":["FollowUp","EmptyMind"],"picked":"ReachHeaven","floor":11.0},{"not_picked":["Halt","FollowUp"],"picked":"CutThroughFate","floor":13.0},{"not_picked":["Worship","Prostrate","JustLucky"],"picked":"SKIP","floor":13.0},{"not_picked":["Unraveling","Prostrate","BowlingBash"],"picked":"SKIP","floor":14.0},{"not_picked":["Prostrate","Consecrate","CutThroughFate"],"picked":"SKIP","floor":14.0},{"not_picked":["Brilliance","SignatureMove"],"picked":"DevaForm","floor":16.0},{"not_picked":["BowlingBash","EmptyFist"],"picked":"Devotion","floor":18.0},{"not_picked":["Scrawl","Sanctity"],"picked":"Conclude+1","floor":18.0},{"not_picked":["EmptyMind+1","Worship+1"],"picked":"Protect+1","floor":22.0},{"not_picked":["Prostrate","SpiritShield+1","FollowUp"],"picked":"SKIP","floor":22.0},{"not_picked":["EmptyFist","Adaptation"],"picked":"Sanctity+1","floor":24.0},{"not_picked":["ClearTheMind","FollowUp","CrushJoints+1"],"picked":"SKIP","floor":24.0},{"not_picked":["Prostrate","Conclude","Consecrate+1"],"picked":"SKIP","floor":27.0},{"not_picked":["Protect","EmptyMind+1","Prostrate"],"picked":"SKIP","floor":27.0},{"not_picked":["FlurryOfBlows+1","Meditate+1"],"picked":"Devotion","floor":29.0},{"not_picked":["Halt","CarveReality","Vengeance"],"picked":"SKIP","floor":29.0},{"not_picked":["Tantrum","JustLucky"],"picked":"Alpha","floor":30.0},{"not_picked":["Clarity+1","MentalFortress"],"picked":"Fasting","floor":30.0},{"not_picked":["LessonLearned","Blasphemy"],"picked":"Alpha","floor":33.0},{"not_picked":["Vengeance+1","CleanseEvil+1"],"picked":"Establishment","floor":35.0},{"not_picked":["WreathOfFlame+1","Fasting+1","Scrawl"],"picked":"SKIP","floor":35.0},{"not_picked":["SandsOfTime","Sanctity","CleanseEvil"],"picked":"SKIP","floor":37.0},{"not_picked":["EmptyBody","Crescendo","Consecrate+1"],"picked":"SKIP","floor":37.0},{"not_picked":["CrushJoints","Crescendo","ReachHeaven"],"picked":"SKIP","floor":38.0},{"not_picked":["FlurryOfBlows","Crescendo","Prostrate+1"],"picked":"SKIP","floor":38.0},{"not_picked":["Sanctity","FollowUp","CleanseEvil"],"picked":"SKIP","floor":39.0},{"not_picked":["EmptyMind","Protect+1","Worship"],"picked":"SKIP","floor":39.0},{"not_picked":["CutThroughFate+1","Tantrum","Blasphemy"],"picked":"SKIP","floor":42.0},{"not_picked":["FollowUp","Consecrate+1","Wireheading"],"picked":"SKIP","floor":42.0},{"not_picked":["CrushJoints+1","SandsOfTime+1","Fasting+1"],"picked":"SKIP","floor":46},{"not_picked":["CrushJoints+1","Crescendo","JustLucky"],"picked":"SKIP","floor":46},{"not_picked":["CutThroughFate+1","Meditate","FlyingSleeves"],"picked":"SKIP","floor":47},{"not_picked":["EmptyMind","Protect+1","Sanctity+1"],"picked":"SKIP","floor":47}],"player_experience":465135,"relics_obtained":[{"floor":6.0,"key":"Mummified Hand"},{"floor":9.0,"key":"Bottled Lightning"},{"floor":11.0,"key":"Regal Pillow"},{"floor":26.0,"key":"Oddly Smooth Stone"},{"floor":43.0,"key":"Ornamental Fan"}],"event_choices":[{"cards_removed":["Defend_P"],"damage_healed":0.0,"max_hp_gain":0.0,"max_hp_loss":0.0,"gold_gain":0.0,"event_name":"Purifier","player_choice":"Purged","floor":2.0,"gold_loss":0.0,"damage_taken":0.0},{"damage_healed":0.0,"max_hp_gain":5.0,"max_hp_loss":0.0,"gold_gain":0.0,"event_name":"Big Fish","player_choice":"Donut","floor":4.0,"gold_loss":0.0,"damage_taken":0.0},{"damage_healed":0.0,"max_hp_gain":0.0,"max_hp_loss":0.0,"gold_gain":0.0,"event_name":"Living Wall","player_choice":"Grow","floor":5.0,"gold_loss":0.0,"damage_taken":0.0,"cards_upgraded":["Vigilance"]},{"damage_healed":0.0,"max_hp_gain":0.0,"max_hp_loss":0.0,"gold_gain":0.0,"event_name":"Scrap Ooze","player_choice":"Success","floor":8.0,"gold_loss":0.0,"damage_taken":12.0,"relics_obtained":["Prayer Wheel"]},{"cards_removed":["Strike_P"],"damage_healed":0.0,"max_hp_gain":0.0,"max_hp_loss":0.0,"gold_gain":0.0,"event_name":"Back to Basics","player_choice":"Elegance","floor":20.0,"gold_loss":0.0,"damage_taken":0.0},{"damage_healed":0.0,"max_hp_gain":0.0,"max_hp_loss":0.0,"gold_gain":0.0,"event_name":"The Mausoleum","player_choice":"Ignored","floor":21.0,"gold_loss":0.0,"damage_taken":0.0},{"damage_healed":0.0,"max_hp_gain":0.0,"max_hp_loss":0.0,"gold_gain":0.0,"event_name":"Vampires","player_choice":"Ignored","floor":28.0,"gold_loss":0.0,"damage_taken":0.0},{"damage_healed":0.0,"max_hp_gain":0.0,"max_hp_loss":0.0,"gold_gain":0.0,"event_name":"Drug Dealer","player_choice":"Inject Mutagens","floor":31.0,"gold_loss":0.0,"damage_taken":0.0,"relics_obtained":["MutagenicStrength"]},{"damage_healed":0.0,"max_hp_gain":0.0,"max_hp_loss":0.0,"gold_gain":75.0,"event_name":"FaceTrader","player_choice":"Touch","floor":41.0,"gold_loss":0.0,"damage_taken":7.0}],"is_beta":true,"boss_relics":[{"not_picked":["Runic Pyramid","VioletLotus"],"picked":"HolyWater"},{"not_picked":["Coffee Dripper","Empty Cage"],"picked":"Fusion Hammer"}],"items_purged_floors":[10,19,36,45,48],"is_endless":false,"potions_floor_spawned":[3,13,18,24,38,39,46],"ascension_level":4}