{"gold_per_floor":[112,129,146,221,221,221,241,241,241,254,273,306,306,322,322,421,421,439,450,450,461,338,338,253,253],"floor_reached":25,"playtime":844,"items_purged":["Armaments"],"score":205,"play_id":"81c1f8e2-3a53-42df-a6fc-f1571a5fd17d","local_time":"20191023150252","is_ascension_mode":false,"campfire_choices":[{"data":"Whirlwind","floor":6,"key":"SMITH"},{"data":"Power Through","floor":8,"key":"SMITH"},{"floor":13,"key":"REST"},{"floor":15,"key":"REST"},{"data":"True Grit","floor":23,"key":"SMITH"}],"neow_cost":"NONE","seed_source_timestamp":349000500502200,"circlet_count":0,"master_deck":["Strike_R","Strike_R","Strike_R","Defend_R","Defend_R","Defend_R","Defend_R","Bash","Power Through+1","Whirlwind+1","Ghostly Armor","Corruption","Feed","CurseOfTheBell","Searing Blow","Dark Embrace+1","Dropkick","Armaments","Armaments+1","True Grit+1"],"relics":["Runic Cube","StoneCalendar","Mummified Hand","Blood Vial","Calling Bell","Bag of Marbles","Question Card","Lizard Tail","Calipers"],"potions_floor_usage":[16,16],"damage_taken":[{"damage":8,"enemies":"Jaw Worm","floor":1,"turns":6},{"damage":7,"enemies":"2 Louse","floor":2,"turns":4},{"damage":3,"enemies":"Small Slimes","floor":3,"turns":3},{"damage":0,"enemies":"3 Louse","floor":7,"turns":2},{"damage":16,"enemies":"Large Slime","floor":10,"turns":4},{"damage":3,"enemies":"Lots of Slimes","floor":11,"turns":2},{"damage":18,"enemies":"3 Sentries","floor":12,"turns":3},{"damage":7,"enemies":"Exordium Wildlife","floor":14,"turns":5},{"damage":33,"enemies":"Slime Boss","floor":16,"turns":7},{"damage":1,"enemies":"3 Byrds","floor":18,"turns":6},{"damage":48,"enemies":"Shell Parasite","floor":19,"turns":14},{"damage":40,"enemies":"Cultist and Chosen","floor":21,"turns":7},{"damage":48,"enemies":"Gremlin Leader","floor":25,"turns":5}],"seed_played":"1916532180883731531","potions_obtained":[{"floor":1,"key":"DistilledChaos"},{"floor":2,"key":"HeartOfIron"},{"floor":10,"key":"AttackPotion"},{"floor":21,"key":"Energy Potion"}],"is_trial":false,"path_per_floor":["M","M","M","?","?","R","M","R","T","M","M","E","R","M","R","B",null,"M","M","?","M","$","R","?","E"],"character_chosen":"IRONCLAD","items_purchased":["True Grit"],"campfire_rested":2,"item_purchase_floors":[22],"current_hp_per_floor":[72,65,62,51,44,44,44,44,44,28,25,7,31,26,50,19,80,82,35,35,41,41,41,41,0],"gold":253,"neow_bonus":"BOSS_RELIC","is_prod":false,"is_daily":false,"chose_seed":false,"campfire_upgraded":3,"win_rate":0,"timestamp":1571810572,"path_taken":["M","M","M","?","?","R","M","R","T","M","M","E","R","M","R","BOSS","M","M","?","M","$","R","?","E"],"build_version":"2019-10-22","purchased_purges":1,"victory":false,"max_hp_per_floor":[80,80,80,80,80,80,80,80,80,80,80,80,80,80,80,80,80,83,83,83,83,83,83,83,83],"card_choices":[{"not_picked":["Inflame","Spot Weakness"],"picked":"Power Through","floor":1},{"not_picked":["Entrench","True Grit"],"picked":"Whirlwind","floor":2},{"not_picked":["Sword Boomerang","Shrug It Off","Entrench"],"picked":"SKIP","floor":3},{"not_picked":["Heavy Blade","Havoc","Cleave"],"picked":"SKIP","floor":7},{"not_picked":["Body Slam","Havoc","Pommel Strike"],"picked":"SKIP","floor":10},{"not_picked":["Sword Boomerang","Blood for Blood"],"picked":"Ghostly Armor","floor":11},{"not_picked":["Heavy Blade","Sever Soul"],"picked":"Corruption","floor":12},{"not_picked":["True Grit","Heavy Blade"],"picked":"Armaments","floor":14},{"not_picked":["Impervious","Corruption"],"picked":"Feed","floor":16},{"not_picked":["Cleave+1","Wild Strike","Disarm"],"picked":"Searing Blow","floor":18},{"not_picked":["Cleave","Metallicize","Body Slam"],"picked":"Dark Embrace+1","floor":19},{"not_picked":["Sentinel","Body Slam+1","Heavy Blade"],"picked":"Armaments+1","floor":21}],"player_experience":747871,"relics_obtained":[{"floor":9,"key":"Mummified Hand"},{"floor":12,"key":"Blood Vial"},{"floor":17,"key":"Bag of Marbles"},{"floor":17,"key":"Question Card"},{"floor":17,"key":"Lizard Tail"}],"event_choices":[{"damage_healed":0,"gold_gain":75,"player_choice":"Gather Gold","damage_taken":11,"max_hp_gain":0,"max_hp_loss":0,"event_name":"World of Goop","floor":4,"gold_loss":0},{"damage_healed":0,"gold_gain":0,"player_choice":"Success","damage_taken":7,"relics_obtained":["StoneCalendar"],"max_hp_gain":0,"max_hp_loss":0,"event_name":"Scrap Ooze","floor":5,"gold_loss":0},{"damage_healed":0,"gold_gain":0,"cards_transformed":["Strike_R","Strike_R"],"player_choice":"Became Test Subject","damage_taken":0,"max_hp_gain":0,"max_hp_loss":0,"event_name":"Drug Dealer","floor":20,"gold_loss":0,"cards_obtained":["Dropkick","Armaments"]},{"damage_healed":0,"gold_gain":0,"player_choice":"Obtained Relic","damage_taken":0,"relics_obtained":["Calipers"],"max_hp_gain":0,"max_hp_loss":0,"event_name":"Addict","floor":24,"gold_loss":85}],"is_beta":true,"boss_relics":[{"not_picked":["Astrolabe","Philosopher\u0027s Stone"],"picked":"Calling Bell"}],"items_purged_floors":[22],"is_endless":false,"potions_floor_spawned":[1,2,10,14,21],"killed_by":"Gremlin Leader","ascension_level":0}