{"gold_per_floor":[118,193,112,112,112,141,141,159,159,159,159,84,84,119,119,219,269,287,300,311,339,168,187,187,187,187,187,206,206,224,241,241,341,341,357,232,242,257,34,48,83,83,109,127,127,138,151,164,164,164],"floor_reached":51,"playtime":2645,"items_purged":["Strike_R","Strike_R","Strike_R+1","Strike_R+1"],"score":941,"play_id":"f57ffc2b-e3f0-4767-b2fc-fc06f2c0f1f0","local_time":"20190929165358","is_ascension_mode":true,"campfire_choices":[{"data":"Bash","floor":7.0,"key":"SMITH"},{"floor":13.0,"key":"REST"},{"floor":15.0,"key":"REST"},{"floor":24.0,"key":"REST"},{"floor":27.0,"key":"REST"},{"data":"Metallicize","floor":32.0,"key":"SMITH"},{"floor":42.0,"key":"REST"},{"floor":49,"key":"REST"}],"neow_cost":"NONE","seed_source_timestamp":600642564547000,"circlet_count":0,"master_deck":["Defend_R+1","Defend_R","Defend_R+1","Defend_R+1","Bash+1","Rampage+1","Corruption","Ghostly Armor","Seeing Red","Flame Barrier","Double Tap","Shrug It Off+1","Flame Barrier","Metallicize+1","Metallicize","Metallicize+1","Clash+1","Uppercut","Shrug It Off+1"],"special_seed":0,"relics":["Burning Blood","NeowsBlessing","Pear","Bottled Flame","Ornamental Fan","War Paint","Tiny House","Red Mask","Boot","Sozu","Meat on the Bone","Omamori"],"potions_floor_usage":[],"damage_taken":[{"damage":0.0,"enemies":"Small Slimes","floor":1.0,"turns":1.0},{"damage":0.0,"enemies":"3 Sentries","floor":6.0,"turns":1.0},{"damage":0.0,"enemies":"Jaw Worm","floor":8.0,"turns":1.0},{"damage":53.0,"enemies":"Gremlin Nob","floor":14.0,"turns":5.0},{"damage":30.0,"enemies":"The Guardian","floor":16.0,"turns":11.0},{"damage":15.0,"enemies":"Chosen","floor":18.0,"turns":5.0},{"damage":10.0,"enemies":"2 Thieves","floor":19.0,"turns":4.0},{"damage":25.0,"enemies":"Snecko","floor":20.0,"turns":6.0},{"damage":39.0,"enemies":"Masked Bandits","floor":21.0,"turns":5.0},{"damage":0.0,"enemies":"Centurion and Healer","floor":23.0,"turns":7.0},{"damage":0.0,"enemies":"3 Cultists","floor":25.0,"turns":1.0},{"damage":10.0,"enemies":"Shelled Parasite and Fungi","floor":28.0,"turns":7.0},{"damage":24.0,"enemies":"Sentry and Sphere","floor":30.0,"turns":7.0},{"damage":3.0,"enemies":"Centurion and Healer","floor":31.0,"turns":6.0},{"damage":33.0,"enemies":"Champ","floor":33.0,"turns":12.0},{"damage":9.0,"enemies":"Orb Walker","floor":35.0,"turns":7.0},{"damage":6.0,"enemies":"3 Shapes","floor":37.0,"turns":7.0},{"damage":16.0,"enemies":"Maw","floor":38.0,"turns":7.0},{"damage":53.0,"enemies":"4 Shapes","floor":40.0,"turns":7.0},{"damage":15.0,"enemies":"Giant Head","floor":41.0,"turns":8.0},{"damage":14,"enemies":"Writhing Mass","floor":44,"turns":9},{"damage":23,"enemies":"Sphere and 2 Shapes","floor":46,"turns":9},{"damage":14,"enemies":"Maw","floor":47,"turns":8},{"damage":23,"enemies":"Jaw Worm Horde","floor":48,"turns":6},{"damage":51,"enemies":"Time Eater","floor":50,"turns":12}],"seed_played":"2875662047501158657","potions_obtained":[{"floor":1.0,"key":"Weak Potion"},{"floor":8.0,"key":"Explosive Potion"},{"floor":14.0,"key":"Dexterity Potion"},{"floor":19.0,"key":"Strength Potion"},{"floor":21.0,"key":"SmokeBomb"},{"floor":30.0,"key":"Ancient Potion"},{"floor":33.0,"key":"Fruit Juice"}],"is_trial":false,"path_per_floor":["M","?","$","?","?","E","R","M","T","?","?","$","R","E","R","B",null,"M","M","M","?","$","M","R","M","T","R","M","?","M","M","R","B",null,"M","$","M","M","$","M","E","R","T","M","?","M","M","M","R","B",null],"character_chosen":"IRONCLAD","items_purchased":["Corruption","Flame Barrier","Uppercut"],"campfire_rested":6,"item_purchase_floors":[3,22,39],"current_hp_per_floor":[78,67,67,67,52,58,58,64,64,46,39,39,66,19,46,22,78,69,65,46,13,13,19,47,53,53,81,77,77,59,62,62,40,85,82,82,82,72,72,25,16,46,46,50,50,45,49,44,74,41],"gold":164,"neow_bonus":"THREE_ENEMY_KILL","is_prod":false,"is_daily":false,"chose_seed":false,"campfire_upgraded":2,"win_rate":0,"timestamp":1569743638,"path_taken":["M","?","$","?","?","E","R","M","T","?","?","?","R","E","R","BOSS","M","M","M","?","$","M","R","M","T","R","M","?","M","?","R","BOSS","M","$","M","M","$","?","E","R","T","M","?","M","M","M","R","BOSS"],"build_version":"2019-07-17","purchased_purges":4,"victory":true,"max_hp_per_floor":[80,80,80,80,90,90,90,90,90,90,90,90,90,90,90,90,95,95,95,95,95,95,95,95,95,95,95,95,95,95,95,95,100,100,100,100,100,100,100,100,100,100,100,100,100,100,100,100,100,100],"card_choices":[{"not_picked":["Body Slam","Headbutt"],"picked":"Rampage","floor":1.0},{"not_picked":["Sever Soul","Entrench"],"picked":"Ghostly Armor","floor":6.0},{"not_picked":["Headbutt","Flex"],"picked":"Seeing Red","floor":8.0},{"not_picked":["Dropkick","Havoc"],"picked":"Flame Barrier","floor":14.0},{"not_picked":["Feed","Bludgeon"],"picked":"Double Tap","floor":16.0},{"not_picked":["Pommel Strike","Heavy Blade"],"picked":"Iron Wave","floor":17.0},{"not_picked":["Bloodletting+1","Twin Strike","Armaments"],"picked":"SKIP","floor":18.0},{"not_picked":["Entrench+1","Disarm+1","Feel No Pain"],"picked":"SKIP","floor":19.0},{"not_picked":["True Grit","Infernal Blade"],"picked":"Shrug It Off+1","floor":20.0},{"not_picked":["Perfected Strike+1","Havoc","Infernal Blade+1"],"picked":"SKIP","floor":23.0},{"not_picked":["Clash+1","Iron Wave"],"picked":"Metallicize","floor":28.0},{"not_picked":["Twin Strike","Pummel","Perfected Strike"],"picked":"SKIP","floor":30.0},{"not_picked":["Headbutt","Limit Break","Entrench"],"picked":"SKIP","floor":31.0},{"not_picked":["Battle Trance","Body Slam"],"picked":"Metallicize+1","floor":35.0},{"not_picked":["Fire Breathing","Rage+1","Body Slam+1"],"picked":"SKIP","floor":37.0},{"not_picked":["Cleave+1","Second Wind+1"],"picked":"Clash+1","floor":38.0},{"not_picked":["Clothesline+1","Heavy Blade","Anger+1"],"picked":"SKIP","floor":40.0},{"not_picked":["Bludgeon","Armaments","Corruption+1"],"picked":"SKIP","floor":41.0},{"not_picked":["Clash","Clothesline","Headbutt+1"],"picked":"SKIP","floor":44},{"not_picked":["Anger+1","Limit Break","Heavy Blade"],"picked":"SKIP","floor":46},{"not_picked":["Power Through+1","Havoc","Clothesline"],"picked":"SKIP","floor":47},{"not_picked":["Cleave+1","Ghostly Armor+1"],"picked":"Shrug It Off+1","floor":48}],"player_experience":534132,"relics_obtained":[{"floor":6.0,"key":"Bottled Flame"},{"floor":9.0,"key":"Ornamental Fan"},{"floor":14.0,"key":"War Paint"},{"floor":21.0,"key":"Red Mask"},{"floor":26.0,"key":"Boot"},{"floor":41.0,"key":"Meat on the Bone"},{"floor":43.0,"key":"Omamori"}],"event_choices":[{"damage_healed":0.0,"max_hp_gain":0.0,"max_hp_loss":0.0,"gold_gain":75.0,"event_name":"World of Goop","player_choice":"Gather Gold","floor":2.0,"gold_loss":0.0,"damage_taken":11.0},{"damage_healed":0.0,"max_hp_gain":0.0,"max_hp_loss":0.0,"gold_gain":0.0,"event_name":"Living Wall","player_choice":"Grow","floor":4.0,"gold_loss":0.0,"damage_taken":0.0,"cards_upgraded":["Rampage"]},{"damage_healed":0.0,"max_hp_gain":0.0,"max_hp_loss":0.0,"gold_gain":0.0,"event_name":"Scrap Ooze","player_choice":"Success","floor":5.0,"gold_loss":0.0,"damage_taken":25.0,"relics_obtained":["Pear"]},{"damage_healed":0.0,"max_hp_gain":0.0,"max_hp_loss":0.0,"gold_gain":0.0,"event_name":"Shining Light","player_choice":"Entered Light","floor":10.0,"gold_loss":0.0,"damage_taken":18.0,"cards_upgraded":["Strike_R","Strike_R"]},{"cards_removed":["Strike_R"],"damage_healed":0.0,"max_hp_gain":0.0,"max_hp_loss":0.0,"gold_gain":0.0,"event_name":"Golden Wing","player_choice":"Card Removal","floor":11.0,"gold_loss":0.0,"damage_taken":7.0},{"damage_healed":0.0,"max_hp_gain":0.0,"max_hp_loss":0.0,"gold_gain":0.0,"event_name":"Masked Bandits","player_choice":"Fought Bandits","floor":21.0,"gold_loss":0.0,"damage_taken":0.0},{"damage_healed":0.0,"max_hp_gain":0.0,"max_hp_loss":0.0,"gold_gain":0.0,"event_name":"Duplicator","player_choice":"Copied","floor":29.0,"gold_loss":0.0,"damage_taken":0.0,"cards_obtained":["Metallicize"]},{"cards_removed":["Iron Wave"],"damage_healed":0,"gold_gain":0,"player_choice":"Purged","damage_taken":0,"max_hp_gain":0,"max_hp_loss":0,"event_name":"Purifier","floor":45,"gold_loss":0}],"is_beta":false,"boss_relics":[{"not_picked":["Fusion Hammer","Snecko Eye"],"picked":"Tiny House"},{"not_picked":["Orrery","Mark of Pain"],"picked":"Sozu"}],"items_purged_floors":[12,22,36,39],"is_endless":false,"potions_floor_spawned":[1,8,14,19,21,23,30,33,37,38,44,46,48],"ascension_level":6}