{"gold_per_floor":[214,214,214,232,157,190,190,205,228,228,228,228,244,262,262,385,385,409,136,161,36,36,75,94,125,125,139,139,154,154,168,168,298,298,311,335,359,384,29,29,48,48,75,75,75,75,75,94,94,94],"floor_reached":50,"playtime":2151,"items_purged":["Strike_R","Defend_R","Strike_R","Strike_R"],"score":511,"play_id":"2daf1813-503a-4508-b74c-98cad16a65ef","local_time":"20191023132154","is_ascension_mode":false,"campfire_choices":[{"data":"Bash","floor":7,"key":"SMITH"},{"data":"Twin Strike","floor":10,"key":"SMITH"},{"data":"Iron Wave","floor":12,"key":"SMITH"},{"floor":15,"key":"REST"},{"floor":30,"key":"REST"},{"floor":32,"key":"REST"},{"floor":40,"key":"REST"},{"floor":42,"key":"REST"},{"data":"Anger","floor":47,"key":"SMITH"},{"data":"Clothesline","floor":49,"key":"SMITH"}],"neow_cost":"NONE","seed_source_timestamp":341635569586400,"circlet_count":0,"master_deck":["Strike_R+1","Defend_R","Defend_R+1","Defend_R","Bash+1","Sword Boomerang","Twin Strike+1","Iron Wave+1","Shrug It Off","CurseOfTheBell","True Grit+1","Armaments+1","Thunderclap+1","Anger+1","Thunderclap+1","Parasite","Shrug It Off+1","Clothesline+1","Writhe","True Grit+1"],"relics":["Burning Blood","Orichalcum","Bag of Marbles","Golden Idol","Calling Bell","Bronze Scales","Kunai","Dead Branch","PreservedInsect","Centennial Puzzle","Happy Flower","Potion Belt","Oddly Smooth Stone","Ancient Tea Set"],"potions_floor_usage":[23,25,25,38,46,50,50,50],"damage_taken":[{"damage":1,"enemies":"Cultist","floor":1,"turns":3},{"damage":0,"enemies":"Small Slimes","floor":4,"turns":3},{"damage":27,"enemies":"Gremlin Nob","floor":6,"turns":4},{"damage":4,"enemies":"2 Louse","floor":8,"turns":3},{"damage":8,"enemies":"Large Slime","floor":13,"turns":4},{"damage":2,"enemies":"Lots of Slimes","floor":14,"turns":5},{"damage":45,"enemies":"The Guardian","floor":16,"turns":14},{"damage":5,"enemies":"Chosen","floor":18,"turns":4},{"damage":14,"enemies":"Spheric Guardian","floor":20,"turns":5},{"damage":23,"enemies":"Book of Stabbing","floor":23,"turns":4},{"damage":22,"enemies":"Centurion and Healer","floor":24,"turns":8},{"damage":0,"enemies":"Gremlin Leader","floor":25,"turns":3},{"damage":12,"enemies":"Snecko","floor":27,"turns":7},{"damage":13,"enemies":"Snake Plant","floor":29,"turns":3},{"damage":1,"enemies":"Chosen and Byrds","floor":31,"turns":5},{"damage":72,"enemies":"Champ","floor":33,"turns":17},{"damage":3,"enemies":"Orb Walker","floor":35,"turns":3},{"damage":29,"enemies":"3 Darklings","floor":36,"turns":6},{"damage":35,"enemies":"Writhing Mass","floor":37,"turns":8},{"damage":9,"enemies":"Transient","floor":38,"turns":5},{"damage":34,"enemies":"Spire Growth","floor":41,"turns":6},{"damage":0,"enemies":"Maw","floor":46,"turns":1},{"damage":4,"enemies":"Jaw Worm Horde","floor":48,"turns":5},{"damage":81,"enemies":"Donu and Deca","floor":50,"turns":11}],"seed_played":"3327850516042663030","potions_obtained":[{"floor":8,"key":"Fire Potion"},{"floor":13,"key":"AttackPotion"},{"floor":16,"key":"Fire Potion"},{"floor":23,"key":"AttackPotion"},{"floor":25,"key":"Energy Potion"},{"floor":27,"key":"LiquidMemories"},{"floor":36,"key":"SmokeBomb"},{"floor":38,"key":"SmokeBomb"},{"floor":41,"key":"Strength Potion"}],"is_trial":false,"path_per_floor":["M","?","?","M","$","E","R","M","T","R","?","R","M","M","R","B",null,"M","$","M","$","?","E","M","E","T","M","?","M","R","M","R","B",null,"M","M","M","M","$","R","M","R","T","?","?","M","R","M","R","B"],"character_chosen":"IRONCLAD","items_purchased":["PreservedInsect","Armaments","Clothesline","Oddly Smooth Stone"],"campfire_rested":5,"item_purchase_floors":[19,19,39,39],"current_hp_per_floor":[80,64,57,63,63,42,42,44,44,44,24,24,22,26,50,11,80,80,80,72,72,72,55,39,45,45,39,39,32,56,61,80,14,80,80,57,28,25,25,49,21,45,45,45,65,71,71,73,73,0],"gold":94,"neow_bonus":"HUNDRED_GOLD","is_prod":false,"is_daily":false,"chose_seed":false,"campfire_upgraded":5,"win_rate":0,"timestamp":1571804514,"path_taken":["M","?","?","M","$","E","R","M","T","R","?","R","M","M","R","BOSS","M","$","M","$","?","E","M","E","T","?","?","?","R","M","R","BOSS","M","M","M","M","$","R","M","R","T","?","?","M","R","M","R","BOSS"],"build_version":"2019-10-22","purchased_purges":4,"victory":false,"max_hp_per_floor":[80,80,80,80,80,80,80,80,80,80,80,80,80,80,80,80,80,80,80,80,80,80,80,80,80,80,80,80,80,80,80,80,80,80,80,80,80,80,80,80,80,80,80,80,80,80,80,80,80,80],"card_choices":[{"not_picked":["Sever Soul","Carnage"],"picked":"Sword Boomerang","floor":1},{"not_picked":["Rage","Flex"],"picked":"Twin Strike","floor":4},{"not_picked":["Feel No Pain","Rampage"],"picked":"Iron Wave","floor":6},{"not_picked":["Clash","Wild Strike","Brutality"],"picked":"SKIP","floor":8},{"not_picked":["Iron Wave","Carnage"],"picked":"Shrug It Off","floor":13},{"not_picked":["Shrug It Off","Twin Strike","Intimidate"],"picked":"SKIP","floor":14},{"not_picked":["Clothesline","Burning Pact"],"picked":"True Grit+1","floor":18},{"not_picked":["Power Through+1","Bloodletting"],"picked":"Thunderclap+1","floor":20},{"not_picked":["Spot Weakness","Limit Break","Anger"],"picked":"SKIP","floor":23},{"not_picked":["Clash","Body Slam","Blood for Blood"],"picked":"SKIP","floor":24},{"not_picked":["Shrug It Off","Reckless Charge+1"],"picked":"Anger","floor":25},{"not_picked":["Infernal Blade+1","Flex","Combust+1"],"picked":"SKIP","floor":27},{"not_picked":["Shrug It Off","True Grit","Thunderclap"],"picked":"SKIP","floor":29},{"not_picked":["Twin Strike","Blood for Blood"],"picked":"Thunderclap+1","floor":31},{"not_picked":["Inflame","Perfected Strike+1","Headbutt"],"picked":"SKIP","floor":35},{"not_picked":["Blood for Blood+1","Anger+1","Burning Pact+1"],"picked":"SKIP","floor":36},{"not_picked":["Perfected Strike+1","Anger"],"picked":"Shrug It Off+1","floor":37},{"not_picked":["Anger+1","Headbutt","Corruption"],"picked":"SKIP","floor":38},{"not_picked":["Clothesline+1","Anger+1","Flex"],"picked":"SKIP","floor":41},{"not_picked":["Intimidate+1","Twin Strike+1"],"picked":"True Grit+1","floor":48}],"player_experience":740891,"relics_obtained":[{"floor":6,"key":"Orichalcum"},{"floor":9,"key":"Bag of Marbles"},{"floor":17,"key":"Bronze Scales"},{"floor":17,"key":"Kunai"},{"floor":17,"key":"Dead Branch"},{"floor":23,"key":"Centennial Puzzle"},{"floor":25,"key":"Happy Flower"},{"floor":26,"key":"Potion Belt"},{"floor":43,"key":"Ancient Tea Set"}],"event_choices":[{"damage_healed":0,"gold_gain":0,"player_choice":"Entered Light","damage_taken":16,"max_hp_gain":0,"max_hp_loss":0,"event_name":"Shining Light","floor":2,"gold_loss":0,"cards_upgraded":["Strike_R","Defend_R"]},{"cards_removed":["Strike_R"],"damage_healed":0,"gold_gain":0,"player_choice":"Card Removal","damage_taken":7,"max_hp_gain":0,"max_hp_loss":0,"event_name":"Golden Wing","floor":3,"gold_loss":0},{"damage_healed":0,"gold_gain":0,"player_choice":"Take Damage","damage_taken":20,"relics_obtained":["Golden Idol"],"max_hp_gain":0,"max_hp_loss":0,"event_name":"Golden Idol","floor":11,"gold_loss":0},{"damage_healed":0,"gold_gain":0,"player_choice":"Forge","damage_taken":0,"max_hp_gain":0,"max_hp_loss":0,"event_name":"Accursed Blacksmith","floor":22,"gold_loss":0,"cards_upgraded":["Armaments"]},{"damage_healed":0,"gold_gain":0,"player_choice":"Ignored","damage_taken":0,"max_hp_gain":0,"max_hp_loss":0,"event_name":"Transmorgrifier","floor":28,"gold_loss":0},{"damage_healed":0,"gold_gain":0,"player_choice":"Ignored","damage_taken":0,"max_hp_gain":0,"max_hp_loss":0,"event_name":"Mysterious Sphere","floor":44,"gold_loss":0},{"damage_healed":20,"gold_gain":0,"player_choice":"Writhe","damage_taken":0,"max_hp_gain":0,"max_hp_loss":0,"event_name":"Winding Halls","floor":45,"gold_loss":0,"cards_obtained":["Writhe"]}],"is_beta":true,"boss_relics":[{"not_picked":["Ectoplasm","Astrolabe"],"picked":"Calling Bell"},{"not_picked":["Runic Dome","Velvet Choker","Philosopher\u0027s Stone"]}],"items_purged_floors":[5,19,21,39],"is_endless":false,"potions_floor_spawned":[8,13,16,23,24,25,27,36,38,41],"killed_by":"Donu and Deca","ascension_level":0}