{"gold_per_floor":[112,129,142,97,110,110,143,143,143,11,26,52,67,67,67,144,144,157,172,172,30,40,40,70,70],"floor_reached":25,"playtime":2383,"items_purged":["Strike_G","Strike_G"],"score":446,"play_id":"6577f3b0-e841-4096-abdf-026e5f76cd8d","local_time":"20191018231737","is_ascension_mode":true,"campfire_choices":[{"data":"Predator","floor":6.0,"key":"SMITH"},{"floor":8.0,"key":"REST"},{"floor":15.0,"key":"REST"},{"data":"Footwork","floor":23.0,"key":"SMITH"}],"neow_cost":"NONE","seed_source_timestamp":179918117301221,"circlet_count":0,"master_deck":["AscendersBane","Strike_G","Strike_G","Defend_G","Defend_G","Defend_G","Defend_G","Defend_G","Survivor","Neutralize+1","Deadly Poison","Slice","Heel Hook","Predator+1","Dodge and Roll","Poisoned Stab","Poisoned Stab","Backflip","Corpse Explosion","Noxious Fumes","Footwork+1","Tactician+1","Footwork"],"special_seed":0,"relics":["Ring of the Snake","Letter Opener","Ornamental Fan","Odd Mushroom","Snecko Eye","Singing Bowl"],"potions_floor_usage":[25],"damage_taken":[{"damage":1.0,"enemies":"Jaw Worm","floor":1.0,"turns":4.0},{"damage":2.0,"enemies":"2 Louse","floor":2.0,"turns":3.0},{"damage":1.0,"enemies":"Small Slimes","floor":3.0,"turns":4.0},{"damage":30.0,"enemies":"Exordium Thugs","floor":5.0,"turns":7.0},{"damage":24.0,"enemies":"Gremlin Nob","floor":7.0,"turns":4.0},{"damage":10.0,"enemies":"Large Slime","floor":11.0,"turns":4.0},{"damage":2.0,"enemies":"The Mushroom Lair","floor":12.0,"turns":4.0},{"damage":2.0,"enemies":"2 Fungi Beasts","floor":13.0,"turns":3.0},{"damage":18.0,"enemies":"The Guardian","floor":16.0,"turns":10.0},{"damage":0.0,"enemies":"Spheric Guardian","floor":18.0,"turns":4.0},{"damage":0.0,"enemies":"Chosen","floor":19.0,"turns":4.0},{"damage":23.0,"enemies":"Shelled Parasite and Fungi","floor":22.0,"turns":9.0},{"damage":22.0,"enemies":"Book of Stabbing","floor":24.0,"turns":5.0},{"damage":14,"enemies":"Centurion and Healer","floor":25,"turns":2}],"seed_played":"3261239161771300583","potions_obtained":[{"floor":7.0,"key":"EssenceOfSteel"},{"floor":11.0,"key":"Block Potion"},{"floor":12.0,"key":"PowerPotion"},{"floor":19.0,"key":"Fire Potion"},{"floor":22.0,"key":"Swift Potion"},{"floor":24.0,"key":"Explosive Potion"}],"is_trial":false,"path_per_floor":["M","M","M","?","M","R","E","R","T","$","M","?","M","?","R","B",null,"M","M","?","$","M","R","E","M"],"character_chosen":"THE_SILENT","items_purchased":["Explosive Potion","Footwork"],"campfire_rested":2,"item_purchase_floors":[10,21],"current_hp_per_floor":[58,56,55,55,25,25,1,20,20,20,10,8,6,6,25,7,51,51,51,51,51,28,28,6,0],"gold":70,"neow_bonus":"UPGRADE_CARD","is_prod":false,"is_daily":false,"chose_seed":false,"campfire_upgraded":2,"win_rate":0,"timestamp":1571458657,"path_taken":["M","M","M","?","M","R","E","R","T","$","M","?","M","?","R","BOSS","M","M","?","$","?","R","E","M"],"build_version":"2019-07-17","purchased_purges":2,"victory":false,"max_hp_per_floor":[66,66,66,66,66,66,66,66,66,66,66,66,66,66,66,66,66,66,66,66,66,66,66,66,66],"card_choices":[{"not_picked":["Deflect","Poisoned Stab"],"picked":"Deadly Poison","floor":1.0},{"not_picked":["Masterful Stab","Heel Hook"],"picked":"Slice","floor":2.0},{"not_picked":["Blade Dance","Terror"],"picked":"Heel Hook","floor":3.0},{"not_picked":["Underhanded Strike","Deflect"],"picked":"Predator","floor":5.0},{"not_picked":["Expertise","Predator"],"picked":"Dodge and Roll","floor":7.0},{"not_picked":["Blur","Terror"],"picked":"Poisoned Stab","floor":11.0},{"not_picked":["Calculated Gamble","Predator"],"picked":"Poisoned Stab","floor":12.0},{"not_picked":["Slice","Dagger Spray"],"picked":"Backflip","floor":13.0},{"not_picked":["Grand Finale","Envenom"],"picked":"Corpse Explosion","floor":16.0},{"not_picked":["Flying Knee","Deflect+1"],"picked":"Noxious Fumes","floor":18.0},{"not_picked":["Deflect","Choke","Infinite Blades"],"picked":"SKIP","floor":19.0},{"not_picked":["Expertise","Dagger Throw"],"picked":"Tactician+1","floor":22.0},{"not_picked":["Quick Slash","Infinite Blades"],"picked":"Footwork","floor":24.0}],"player_experience":343468,"relics_obtained":[{"floor":7.0,"key":"Letter Opener"},{"floor":9.0,"key":"Ornamental Fan"},{"floor":12.0,"key":"Odd Mushroom"},{"floor":24.0,"key":"Singing Bowl"}],"event_choices":[{"damage_healed":0.0,"max_hp_gain":0.0,"max_hp_loss":0.0,"gold_gain":0.0,"event_name":"World of Goop","player_choice":"Left Gold","floor":4.0,"gold_loss":45.0,"damage_taken":0.0},{"damage_healed":0.0,"max_hp_gain":0.0,"max_hp_loss":0.0,"gold_gain":0.0,"event_name":"Mushrooms","player_choice":"Fought Mushrooms","floor":12.0,"gold_loss":0.0,"damage_taken":0.0},{"damage_healed":0.0,"max_hp_gain":0.0,"max_hp_loss":0.0,"gold_gain":0.0,"event_name":"Liars Game","player_choice":"Ignored","floor":14.0,"gold_loss":0.0,"damage_taken":0.0},{"cards_removed":["Strike_G"],"damage_healed":0.0,"max_hp_gain":0.0,"max_hp_loss":0.0,"gold_gain":0.0,"event_name":"Purifier","player_choice":"Purged","floor":20.0,"gold_loss":0.0,"damage_taken":0.0}],"is_beta":false,"boss_relics":[{"not_picked":["Astrolabe","Eternal Feather"],"picked":"Snecko Eye"}],"items_purged_floors":[10,21],"is_endless":false,"potions_floor_spawned":[7,11,12,19,22,24],"killed_by":"Centurion and Healer","ascension_level":20}