{"gold_per_floor":[112,112,112,128,7,37,37,62,62,142,217,543,543,556,556,651,651,668,15,30,44,57,57,57,70,119,131,143,167,179,210,222,234],"floor_reached":33,"playtime":1422,"items_purged":["Strike_R","Strike_R"],"score":363,"play_id":"bf94a205-143d-4fe7-bb93-59e717c38ed6","local_time":"20190610201254","is_ascension_mode":true,"campfire_choices":[{"data":"Bash","floor":7,"key":"SMITH"},{"data":"True Grit","floor":15,"key":"SMITH"},{"data":"Corruption","floor":23,"key":"SMITH"},{"data":"Battle Trance","floor":27,"key":"SMITH"},{"floor":32,"key":"REST"}],"neow_cost":"NONE","seed_source_timestamp":117430552063234,"circlet_count":0,"master_deck":["Strike_R","Strike_R","Defend_R","Defend_R","Defend_R","Defend_R","Bash+1","Shrug It Off","Twin Strike","Shrug It Off","True Grit+1","Bloodletting","Sword Boomerang","Battle Trance+1","Rupture","Metallicize","Hemokinesis","Whirlwind","Corruption+1","Apotheosis","True Grit","Havoc","Burning Pact+1","Brutality"],"relics":["Burning Blood","NeowsBlessing","Charon\u0027s Ashes","Vajra","Orichalcum","Old Coin","Dodecahedron","Orrery","Pantograph","GremlinMask","MawBank"],"potions_floor_usage":[12,31,33,33],"damage_taken":[{"damage":0,"enemies":"Jaw Worm","floor":1,"turns":1},{"damage":0,"enemies":"Small Slimes","floor":4,"turns":1},{"damage":0,"enemies":"Lagavulin","floor":6,"turns":1},{"damage":19,"enemies":"3 Sentries","floor":8,"turns":8},{"damage":19,"enemies":"Lagavulin","floor":12,"turns":6},{"damage":3,"enemies":"Cultist","floor":14,"turns":3},{"damage":39,"enemies":"Hexaghost","floor":16,"turns":11},{"damage":30,"enemies":"Chosen","floor":18,"turns":5},{"damage":0,"enemies":"3 Byrds","floor":20,"turns":2},{"damage":14,"enemies":"Snecko","floor":21,"turns":4},{"damage":20,"enemies":"Chosen and Byrds","floor":22,"turns":5},{"damage":6,"enemies":"3 Cultists","floor":25,"turns":3},{"damage":6,"enemies":"Sentry and Sphere","floor":29,"turns":4},{"damage":17,"enemies":"Snake Plant","floor":31,"turns":4},{"damage":76,"enemies":"Automaton","floor":33,"turns":6}],"seed_played":"-52992204403627059","potions_obtained":[{"floor":1,"key":"Poison Potion"},{"floor":4,"key":"Swift Potion"},{"floor":6,"key":"Fire Potion"},{"floor":21,"key":"Weak Potion"},{"floor":22,"key":"Strength Potion"},{"floor":31,"key":"Fruit Juice"}],"is_trial":false,"path_per_floor":["M","?","?","M","$","E","R","E","T","?","?","E","T","M","R","B",null,"M","$","M","M","M","R","?","M","T","R","$","M","?","M","R","B"],"character_chosen":"IRONCLAD","items_purchased":["Shrug It Off","Corruption","Apotheosis","Pantograph","True Grit"],"campfire_rested":1,"item_purchase_floors":[5,19,19,19,19],"current_hp_per_floor":[80,68,68,74,74,80,80,67,67,67,56,43,43,46,46,13,63,39,39,45,37,23,23,23,23,23,23,23,23,23,12,36,0],"gold":234,"neow_bonus":"THREE_ENEMY_KILL","is_prod":false,"is_daily":false,"chose_seed":false,"campfire_upgraded":4,"win_rate":0,"timestamp":1560190374,"path_taken":["M","?","?","?","?","E","R","E","T","?","?","E","?","M","R","BOSS","M","$","M","M","M","R","?","M","T","R","?","M","?","M","R","BOSS"],"build_version":"2019-01-23","purchased_purges":2,"victory":false,"max_hp_per_floor":[80,80,80,80,80,80,80,80,80,80,80,80,80,80,80,80,80,80,80,80,80,80,80,80,80,80,80,80,80,80,80,80,85],"card_choices":[{"not_picked":["Dropkick","Anger","Intimidate"],"picked":"SKIP","floor":1},{"not_picked":["Cleave","Sever Soul"],"picked":"Twin Strike","floor":4},{"not_picked":["Hemokinesis","Rage"],"picked":"True Grit","floor":6},{"not_picked":["Flex","Blood for Blood"],"picked":"Bloodletting","floor":8},{"not_picked":["Blood for Blood","Fire Breathing"],"picked":"Sword Boomerang","floor":12},{"not_picked":["Rampage","Clothesline"],"picked":"Battle Trance","floor":14},{"not_picked":["Wild Strike","Heavy Blade"],"picked":"Rupture","floor":17},{"not_picked":["Seeing Red","Wild Strike"],"picked":"Metallicize","floor":17},{"not_picked":["Berserk","Sever Soul"],"picked":"Hemokinesis","floor":17},{"not_picked":["Warcry","Flex+1"],"picked":"Whirlwind","floor":18},{"not_picked":["Juggernaut","True Grit+1"],"picked":"Havoc","floor":20},{"not_picked":["Cleave+1","Sword Boomerang+1","Heavy Blade"],"picked":"SKIP","floor":21},{"not_picked":["Cleave","Thunderclap","Anger"],"picked":"SKIP","floor":22},{"not_picked":["Armaments","Flex+1","Thunderclap"],"picked":"SKIP","floor":25},{"not_picked":["Iron Wave+1","True Grit"],"picked":"Burning Pact+1","floor":29},{"not_picked":["Cleave","Wild Strike"],"picked":"Brutality","floor":31}],"player_experience":192981,"relics_obtained":[{"floor":6,"key":"Vajra"},{"floor":8,"key":"Orichalcum"},{"floor":12,"key":"Old Coin"},{"floor":13,"key":"Dodecahedron"},{"floor":26,"key":"MawBank"}],"event_choices":[{"damage_healed":0,"gold_gain":0,"player_choice":"Success","damage_taken":12,"relics_obtained":["Charon\u0027s Ashes"],"max_hp_gain":0,"max_hp_loss":0,"event_name":"Scrap Ooze","floor":2,"gold_loss":0},{"damage_healed":0,"gold_gain":0,"player_choice":"1 cards matched","damage_taken":0,"max_hp_gain":0,"max_hp_loss":0,"event_name":"Match and Keep!","floor":3,"gold_loss":0,"cards_obtained":["Shrug It Off"]},{"damage_healed":0,"gold_gain":80,"player_choice":"Gained Gold","damage_taken":0,"max_hp_gain":0,"max_hp_loss":0,"event_name":"Golden Wing","floor":10,"gold_loss":0},{"damage_healed":0,"gold_gain":75,"player_choice":"Gather Gold","damage_taken":11,"max_hp_gain":0,"max_hp_loss":0,"event_name":"World of Goop","floor":11,"gold_loss":0},{"damage_healed":0,"gold_gain":0,"player_choice":"Trade","damage_taken":0,"relics_obtained":["GremlinMask"],"max_hp_gain":0,"max_hp_loss":0,"event_name":"FaceTrader","floor":24,"gold_loss":0},{"cards_removed":["Strike_R"],"damage_healed":0,"gold_gain":0,"player_choice":"Elegance","damage_taken":0,"max_hp_gain":0,"max_hp_loss":0,"event_name":"Back to Basics","floor":30,"gold_loss":0}],"is_beta":false,"boss_relics":[{"not_picked":["Tiny House","Mark of Pain"],"picked":"Orrery"}],"items_purged_floors":[5,19],"is_endless":false,"potions_floor_spawned":[1,4,6,21,22,25,31],"killed_by":"Automaton","ascension_level":5}