{"gold_per_floor":[115,135,153,153,164,164,176,241,241,273,273,308,308,325,325,422,422,442,442,215,314,3,32,32,32,55,90,0,0,0,19,19,117,117,131,131,131,131,149,149,176,26,26,38,38],"floor_reached":45,"playtime":4074,"items_purged":["Writhe","Writhe"],"score":613,"play_id":"d1694a4a-9c4b-4c21-9818-079f32f4c737","local_time":"20191026011302","is_ascension_mode":true,"campfire_choices":[{"floor":6,"key":"RECALL"},{"floor":11,"key":"REST"},{"floor":15,"key":"REST"},{"floor":29,"key":"REST"},{"floor":32,"key":"REST"},{"data":"Demon Form","floor":40,"key":"SMITH"}],"neow_cost":"CURSE","seed_source_timestamp":555030606930800,"circlet_count":0,"master_deck":["Strike_R","Strike_R","Strike_R","Strike_R","Strike_R","Defend_R","Defend_R","Defend_R","Defend_R","Bash","Clothesline","Sentinel","Twin Strike","Sword Boomerang","Demon Form+1","Shockwave","Shrug It Off","Parasite","Ghostly Armor","Anger","Juggernaut","Fire Breathing","Power Through","Sword Boomerang","Twin Strike","Limit Break","Flex+1","Infernal Blade","Power Through","Metallicize","Twin Strike+1","Enlightenment","Chrysalis","Body Slam","Body Slam+1"],"relics":["Burning Blood","Mango","Gremlin Horn","Matryoshka","Busted Crown","Bag of Marbles","Juzu Bracelet","Anchor","PreservedInsect","Bag of Preparation","Vajra","Dream Catcher","Boot","Centennial Puzzle","Orrery","Dodecahedron","Mummified Hand"],"potions_floor_usage":[2,16,23,23,31,44,45],"damage_taken":[{"damage":10,"enemies":"Cultist","floor":1,"turns":5},{"damage":0,"enemies":"Jaw Worm","floor":2,"turns":3},{"damage":1,"enemies":"Small Slimes","floor":3,"turns":4},{"damage":10,"enemies":"3 Louse","floor":5,"turns":4},{"damage":34,"enemies":"Exordium Thugs","floor":7,"turns":6},{"damage":25,"enemies":"Gremlin Nob","floor":8,"turns":5},{"damage":48,"enemies":"3 Sentries","floor":10,"turns":8},{"damage":21,"enemies":"Lagavulin","floor":12,"turns":8},{"damage":11,"enemies":"Looter","floor":14,"turns":2},{"damage":39,"enemies":"Hexaghost","floor":16,"turns":9},{"damage":17,"enemies":"2 Thieves","floor":18,"turns":3},{"damage":23,"enemies":"Book of Stabbing","floor":23,"turns":5},{"damage":0,"enemies":"Slavers","floor":27,"turns":1},{"damage":13,"enemies":"Spheric Guardian","floor":31,"turns":5},{"damage":61,"enemies":"Automaton","floor":33,"turns":8},{"damage":0,"enemies":"Orb Walker","floor":35,"turns":3},{"damage":12,"enemies":"3 Shapes","floor":39,"turns":4},{"damage":62,"enemies":"Reptomancer","floor":41,"turns":5},{"damage":26,"enemies":"Maw","floor":44,"turns":6},{"damage":23,"enemies":"Transient","floor":45,"turns":3}],"seed_played":"-4485968343803168182","potions_obtained":[{"floor":1,"key":"Fire Potion"},{"floor":7,"key":"Weak Potion"},{"floor":8,"key":"AttackPotion"},{"floor":12,"key":"SteroidPotion"},{"floor":16,"key":"Energy Potion"},{"floor":23,"key":"FearPotion"},{"floor":39,"key":"Swift Potion"}],"is_trial":false,"path_per_floor":["M","M","M","?","M","R","M","?","T","E","R","E","?","M","R","B",null,"M","?","$","?","$","E","T","?","T","E","?","R","?","M","R","B",null,"M","?","?","?","M","R","E","$","T","M","M"],"character_chosen":"IRONCLAD","items_purchased":["Bag of Marbles","Juzu Bracelet","Juggernaut","PowerPotion"],"campfire_rested":4,"item_purchase_floors":[20,22,22,42],"current_hp_per_floor":[92,96,96,96,92,92,64,59,59,17,50,35,62,57,90,57,110,99,76,76,76,76,59,59,59,59,65,65,99,99,92,115,60,115,115,115,109,104,98,98,42,42,42,22,0],"gold":38,"neow_bonus":"TWENTY_PERCENT_HP_BONUS","is_prod":false,"is_daily":false,"chose_seed":false,"campfire_upgraded":1,"win_rate":0,"timestamp":1572045182,"path_taken":["M","M","?","?","M","R","M","?","T","E","R","E","?","M","R","BOSS","M","?","$","?","$","E","?","?","T","E","?","R","?","M","R","BOSS","M","?","?","?","M","R","E","$","T","M","M"],"build_version":"2019-07-17","purchased_purges":2,"victory":false,"max_hp_per_floor":[96,96,96,96,96,96,96,110,110,110,110,110,110,110,110,110,110,110,115,115,115,115,115,115,115,115,115,115,115,115,115,115,115,115,115,115,109,109,109,109,109,109,109,109,109],"card_choices":[{"not_picked":["Seeing Red","Sever Soul"],"picked":"Clothesline","floor":1},{"not_picked":["Perfected Strike","Blood for Blood"],"picked":"Sentinel","floor":2},{"not_picked":["Wild Strike","Intimidate"],"picked":"Twin Strike","floor":3},{"not_picked":["Headbutt","Bloodletting","Havoc"],"picked":"SKIP","floor":5},{"not_picked":["Hemokinesis","Havoc"],"picked":"Sword Boomerang","floor":7},{"not_picked":["Body Slam","Twin Strike"],"picked":"Demon Form","floor":8},{"not_picked":["Thunderclap","Second Wind"],"picked":"Shockwave","floor":10},{"not_picked":["Bloodletting","Pommel Strike"],"picked":"Shrug It Off","floor":12},{"not_picked":["Clothesline","Pommel Strike"],"picked":"Ghostly Armor","floor":14},{"not_picked":["Fiend Fire","Exhume"],"picked":"Immolate","floor":16},{"not_picked":[],"picked":"Anger","floor":18},{"not_picked":[],"picked":"Fire Breathing","floor":23},{"not_picked":[],"picked":"Power Through","floor":27},{"not_picked":[],"picked":"Sword Boomerang","floor":29},{"not_picked":[],"picked":"Twin Strike","floor":31},{"not_picked":[],"picked":"Limit Break","floor":33},{"not_picked":[],"picked":"Flex+1","floor":34},{"not_picked":[],"picked":"Infernal Blade","floor":34},{"not_picked":[],"picked":"Power Through","floor":34},{"not_picked":[],"picked":"Metallicize","floor":34},{"not_picked":[],"picked":"Twin Strike+1","floor":34},{"not_picked":["Havoc"],"picked":"SKIP","floor":35},{"not_picked":[],"picked":"Enlightenment","floor":38},{"not_picked":[],"picked":"Chrysalis","floor":38},{"not_picked":[],"picked":"Body Slam","floor":39},{"not_picked":["Twin Strike"],"picked":"SKIP","floor":41},{"not_picked":[],"picked":"Body Slam+1","floor":44}],"player_experience":107844,"relics_obtained":[{"floor":8,"key":"Mango"},{"floor":10,"key":"Gremlin Horn"},{"floor":12,"key":"Matryoshka"},{"floor":23,"key":"Anchor"},{"floor":24,"key":"PreservedInsect"},{"floor":24,"key":"Bag of Preparation"},{"floor":26,"key":"Vajra"},{"floor":26,"key":"Dream Catcher"},{"floor":27,"key":"Boot"},{"floor":41,"key":"Dodecahedron"},{"floor":43,"key":"Mummified Hand"}],"event_choices":[{"damage_healed":0,"gold_gain":0,"player_choice":"Ignored","damage_taken":0,"max_hp_gain":0,"max_hp_loss":0,"event_name":"Liars Game","floor":4,"gold_loss":0},{"damage_healed":0,"gold_gain":0,"player_choice":"Searched \u00272\u0027 times","damage_taken":0,"max_hp_gain":0,"max_hp_loss":0,"event_name":"Dead Adventurer","floor":8,"gold_loss":0},{"damage_healed":27,"gold_gain":0,"player_choice":"Healed and dodged fight","damage_taken":0,"max_hp_gain":0,"max_hp_loss":0,"event_name":"Mushrooms","floor":13,"gold_loss":0,"cards_obtained":["Parasite"]},{"damage_healed":0,"gold_gain":0,"player_choice":"Shed Blood","damage_taken":28,"max_hp_gain":5,"max_hp_loss":0,"event_name":"Forgotten Altar","floor":19,"gold_loss":0},{"damage_healed":0,"gold_gain":99,"player_choice":"Stole From Cult","damage_taken":0,"max_hp_gain":0,"max_hp_loss":0,"event_name":"Nest","floor":21,"gold_loss":0},{"damage_healed":0,"gold_gain":0,"player_choice":"Ignored","damage_taken":0,"max_hp_gain":0,"max_hp_loss":0,"event_name":"Vampires","floor":25,"gold_loss":0},{"damage_healed":0,"gold_gain":0,"player_choice":"Paid Fearfully","damage_taken":0,"max_hp_gain":0,"max_hp_loss":0,"event_name":"Masked Bandits","floor":28,"gold_loss":90},{"damage_healed":0,"gold_gain":0,"player_choice":"Opened","damage_taken":0,"relics_obtained":["Centennial Puzzle"],"max_hp_gain":0,"max_hp_loss":0,"event_name":"The Mausoleum","floor":30,"gold_loss":0,"cards_obtained":["Writhe"]},{"cards_removed":["Immolate"],"damage_healed":0,"gold_gain":0,"player_choice":"Removed Attack","damage_taken":0,"max_hp_gain":0,"max_hp_loss":0,"event_name":"Falling","floor":36,"gold_loss":0},{"damage_healed":0,"gold_gain":0,"player_choice":"Max HP","damage_taken":0,"max_hp_gain":0,"max_hp_loss":6,"event_name":"Winding Halls","floor":37,"gold_loss":0},{"damage_healed":0,"gold_gain":0,"player_choice":"Memory 2","damage_taken":5,"max_hp_gain":0,"max_hp_loss":0,"event_name":"SensoryStone","floor":38,"gold_loss":0}],"is_beta":false,"boss_relics":[{"not_picked":["Calling Bell","White Beast Statue"],"picked":"Busted Crown"},{"not_picked":["Eternal Feather","Runic Dome"],"picked":"Orrery"}],"items_purged_floors":[20,42],"is_endless":false,"potions_floor_spawned":[1,7,8,12,16,23,39],"killed_by":"Transient","ascension_level":2}