{"gold_per_floor":[116,133,133,133,56,90,90,131,131,155,34,34,54,67,67,191,191,215,11,36,36,51,51,65,0,0,0,0,0,0,14,14,14],"floor_reached":33,"playtime":959,"items_purged":["Strike_G"],"score":423,"play_id":"95a95e19-ba35-42a2-b293-bfba0ccd7148","local_time":"20190419121542","is_ascension_mode":true,"campfire_choices":[{"floor":7,"key":"REST"},{"floor":15,"key":"REST"},{"floor":23,"key":"REST"},{"data":"Neutralize","floor":27,"key":"SMITH"},{"floor":29,"key":"REST"},{"floor":32,"key":"REST"}],"neow_cost":"NONE","seed_source_timestamp":754115332567018,"circlet_count":0,"master_deck":["AscendersBane","Defend_G","Defend_G","Defend_G","Defend_G+1","Defend_G","Strike_G","Strike_G","Strike_G+1","Strike_G","Survivor","Neutralize+1","Blur","Poisoned Stab","Poisoned Stab","Deadly Poison","After Image","Deadly Poison"],"relics":["Ring of the Serpent","NeowsBlessing","Golden Idol","The Specimen","Dodecahedron","Mercury Hourglass","Pear","ClockworkSouvenir","Kunai","Bag of Marbles"],"potions_floor_usage":[8,8,20,22,22,28,28],"damage_taken":[{"damage":0,"enemies":"2 Louse","floor":1,"turns":1},{"damage":0,"enemies":"Small Slimes","floor":2,"turns":1},{"damage":0,"enemies":"Lagavulin","floor":6,"turns":1},{"damage":20,"enemies":"Gremlin Nob","floor":8,"turns":4},{"damage":0,"enemies":"Jaw Worm","floor":10,"turns":4},{"damage":4,"enemies":"Large Slime","floor":13,"turns":7},{"damage":0,"enemies":"3 Louse","floor":14,"turns":3},{"damage":20,"enemies":"The Guardian","floor":16,"turns":10},{"damage":0,"enemies":"Chosen","floor":18,"turns":5},{"damage":8,"enemies":"3 Byrds","floor":20,"turns":4},{"damage":32,"enemies":"Snake Plant","floor":22,"turns":5},{"damage":9,"enemies":"Chosen and Byrds","floor":24,"turns":6},{"damage":4,"enemies":"3 Cultists","floor":28,"turns":4},{"damage":14,"enemies":"Snecko","floor":31,"turns":8},{"damage":26,"enemies":"Collector","floor":33,"turns":6}],"seed_played":"-5921262197740415637","potions_obtained":[{"floor":2,"key":"Poison Potion"},{"floor":6,"key":"AttackPotion"},{"floor":8,"key":"EssenceOfSteel"},{"floor":10,"key":"Explosive Potion"},{"floor":18,"key":"GamblersBrew"},{"floor":22,"key":"SmokeBomb"},{"floor":24,"key":"Swift Potion"}],"is_trial":false,"path_per_floor":["M","M","?","?","$","E","R","E","T","M","$","?","M","M","R","B",null,"M","$","M","?","M","R","M","?","T","R","M","R","T","M","R","B"],"character_chosen":"THE_SILENT","items_purchased":["Blur","Poisoned Stab","ClockworkSouvenir"],"campfire_rested":5,"item_purchase_floors":[5,11,19],"current_hp_per_floor":[63,63,46,39,39,39,60,40,50,50,50,34,30,30,54,34,69,69,69,61,61,29,53,44,44,44,44,40,64,64,50,74,48],"gold":14,"neow_bonus":"THREE_ENEMY_KILL","is_prod":false,"is_daily":false,"chose_seed":false,"campfire_upgraded":1,"win_rate":0,"timestamp":1555668942,"path_taken":["M","M","?","?","?","E","R","E","T","M","$","?","M","M","R","BOSS","M","$","M","?","M","R","M","?","T","R","M","R","?","M","R","BOSS"],"build_version":"2019-01-23","purchased_purges":1,"victory":false,"max_hp_per_floor":[70,70,70,70,70,70,70,70,80,80,80,80,80,80,80,80,80,80,80,80,80,80,80,80,80,80,80,80,80,80,80,80,80],"card_choices":[{"not_picked":["Acrobatics","Blade Dance","Finisher"],"picked":"SKIP","floor":1},{"not_picked":["Predator","Leg Sweep","Acrobatics"],"picked":"SKIP","floor":2},{"not_picked":["Crippling Poison","Outmaneuver"],"picked":"Poisoned Stab","floor":6},{"not_picked":["Escape Plan","Terror","Tactician"],"picked":"SKIP","floor":8},{"not_picked":["Bane","Riddle With Holes","Cloak And Dagger"],"picked":"SKIP","floor":10},{"not_picked":["Reflex","Backflip","Setup"],"picked":"SKIP","floor":13},{"not_picked":["Dagger Throw","Acrobatics"],"picked":"Deadly Poison","floor":14},{"not_picked":["Malaise","Adrenaline"],"picked":"After Image","floor":16},{"not_picked":["Caltrops+1","Acrobatics","Skewer+1"],"picked":"SKIP","floor":18},{"not_picked":["Backstab","All Out Attack","Predator"],"picked":"SKIP","floor":20},{"not_picked":["Underhanded Strike","Accuracy"],"picked":"Deadly Poison","floor":22},{"not_picked":["Flying Knee","Quick Slash","Infinite Blades+1"],"picked":"SKIP","floor":24},{"not_picked":["Quick Slash","Outmaneuver","Backflip"],"picked":"SKIP","floor":31}],"player_experience":422878,"relics_obtained":[{"floor":6,"key":"Dodecahedron"},{"floor":8,"key":"Mercury Hourglass"},{"floor":9,"key":"Pear"},{"floor":26,"key":"Kunai"},{"floor":30,"key":"Bag of Marbles"}],"event_choices":[{"damage_healed":0,"gold_gain":0,"player_choice":"Take Damage","damage_taken":17,"relics_obtained":["Golden Idol"],"max_hp_gain":0,"max_hp_loss":0,"event_name":"Golden Idol","floor":3,"gold_loss":0},{"damage_healed":0,"gold_gain":0,"player_choice":"Success","damage_taken":7,"relics_obtained":["The Specimen"],"max_hp_gain":0,"max_hp_loss":0,"event_name":"Scrap Ooze","floor":4,"gold_loss":0},{"damage_healed":0,"gold_gain":0,"player_choice":"Entered Light","damage_taken":16,"max_hp_gain":0,"max_hp_loss":0,"event_name":"Shining Light","floor":12,"gold_loss":0,"cards_upgraded":["Strike_G","Defend_G"]},{"damage_healed":0,"gold_gain":0,"player_choice":"Ignored","damage_taken":0,"max_hp_gain":0,"max_hp_loss":0,"event_name":"The Mausoleum","floor":21,"gold_loss":0},{"damage_healed":0,"gold_gain":0,"player_choice":"Paid Fearfully","damage_taken":0,"max_hp_gain":0,"max_hp_loss":0,"event_name":"Masked Bandits","floor":25,"gold_loss":65}],"is_beta":false,"boss_relics":[{"not_picked":["Cursed Key","Busted Crown"],"picked":"Ring of the Serpent"}],"items_purged_floors":[11],"is_endless":false,"potions_floor_spawned":[2,6,8,10,18,22,24],"killed_by":"Collector","ascension_level":10}