{"gold_per_floor":[118,43,53,69,69,69,83,98,98,112,141,416,228,242,242,347,347,359,373,389,389,409,437,437,163,163,193,193,193,213,230,230,230],"floor_reached":33,"playtime":4975,"items_purged":["Pain","Regret","Strike_R"],"score":373,"play_id":"f87c7a50-72e0-48e9-aef4-a1f64963bbf4","local_time":"20190927203508","is_ascension_mode":true,"campfire_choices":[{"data":"Armaments","floor":6.0,"key":"SMITH"},{"data":"Barricade","floor":15.0,"key":"SMITH"},{"data":"True Grit","floor":24.0,"key":"SMITH"},{"data":"Armaments","floor":28.0,"key":"SMITH"},{"floor":32.0,"key":"REST"}],"neow_cost":"CURSE","seed_source_timestamp":439258666595500,"circlet_count":0,"master_deck":["Strike_R","Strike_R","Strike_R","Defend_R","Defend_R","Defend_R","Defend_R","Bash","Juggernaut","Armaments+1","Barricade+1","Body Slam","Shrug It Off","Shrug It Off","Body Slam","Good Instincts","Warcry","Reaper","Evolve+1","Armaments+1","True Grit+1","Entrench","Power Through","Shrug It Off","Shrug It Off","Seeing Red"],"special_seed":0,"relics":["Burning Blood","Pear","Frozen Egg 2","Letter Opener","Lizard Tail","PreservedInsect","Prayer Wheel","Boot"],"potions_floor_usage":[33],"damage_taken":[{"damage":3.0,"enemies":"2 Louse","floor":1.0,"turns":3.0},{"damage":18.0,"enemies":"Jaw Worm","floor":3.0,"turns":5.0},{"damage":6.0,"enemies":"Cultist","floor":4.0,"turns":4.0},{"damage":9.0,"enemies":"Red Slaver","floor":7.0,"turns":3.0},{"damage":12.0,"enemies":"2 Fungi Beasts","floor":8.0,"turns":4.0},{"damage":13.0,"enemies":"Exordium Wildlife","floor":10.0,"turns":4.0},{"damage":0.0,"enemies":"Lagavulin","floor":11.0,"turns":7.0},{"damage":1.0,"enemies":"Red Slaver","floor":14.0,"turns":3.0},{"damage":24.0,"enemies":"The Guardian","floor":16.0,"turns":12.0},{"damage":14.0,"enemies":"Shell Parasite","floor":18.0,"turns":7.0},{"damage":12.0,"enemies":"Chosen","floor":19.0,"turns":7.0},{"damage":28.0,"enemies":"Centurion and Healer","floor":20.0,"turns":9.0},{"damage":30.0,"enemies":"Snake Plant","floor":22.0,"turns":6.0},{"damage":57.0,"enemies":"Gremlin Leader","floor":23.0,"turns":12.0},{"damage":20.0,"enemies":"Slavers","floor":27.0,"turns":5.0},{"damage":23.0,"enemies":"Shelled Parasite and Fungi","floor":30.0,"turns":11.0},{"damage":13.0,"enemies":"Centurion and Healer","floor":31.0,"turns":12.0},{"damage":84,"enemies":"Collector","floor":33,"turns":7}],"seed_played":"7333220841969208354","potions_obtained":[{"floor":1.0,"key":"Block Potion"},{"floor":3.0,"key":"Fire Potion"},{"floor":10.0,"key":"Dexterity Potion"},{"floor":23.0,"key":"Dexterity Potion"},{"floor":27.0,"key":"LiquidBronze"}],"is_trial":false,"path_per_floor":["M","$","M","M","?","R","M","M","T","M","E","?","$","M","R","B",null,"M","M","M","?","M","E","R","$","T","E","R","?","M","M","R","B"],"character_chosen":"IRONCLAD","items_purchased":["Good Instincts","Entrench","Power Through"],"campfire_rested":1,"item_purchase_floors":[13,25,25],"current_hp_per_floor":[80,80,68,68,75,75,72,66,66,59,65,65,65,70,70,52,90,82,79,65,65,41,55,55,55,55,41,41,41,24,27,54,0],"gold":230,"neow_bonus":"THREE_RARE_CARDS","is_prod":false,"is_daily":false,"chose_seed":false,"campfire_upgraded":4,"win_rate":0,"timestamp":1569584108,"path_taken":["M","$","M","M","?","R","M","M","T","M","E","?","$","M","R","BOSS","M","M","M","?","?","E","R","$","T","E","R","?","M","M","R","BOSS"],"build_version":"2019-07-17","purchased_purges":3,"victory":false,"max_hp_per_floor":[80,80,80,80,90,90,90,90,90,90,90,90,90,90,90,90,90,90,90,90,90,90,90,90,90,90,90,90,90,90,90,90,90],"card_choices":[{"not_picked":["Fiend Fire","Reaper"],"picked":"Juggernaut","floor":0.0},{"not_picked":["Warcry","Thunderclap"],"picked":"Armaments","floor":1.0},{"not_picked":["Uppercut","Intimidate"],"picked":"Barricade","floor":3.0},{"not_picked":["Heavy Blade","Flex"],"picked":"Body Slam","floor":4.0},{"not_picked":["Spot Weakness","Body Slam"],"picked":"Shrug It Off","floor":7.0},{"not_picked":["Uppercut","Warcry"],"picked":"Shrug It Off","floor":8.0},{"not_picked":["Thunderclap","Perfected Strike","Blood for Blood"],"picked":"SKIP","floor":10.0},{"not_picked":["Pommel Strike","Rupture+1"],"picked":"Body Slam","floor":11.0},{"not_picked":["Shockwave","Headbutt"],"picked":"Warcry","floor":14.0},{"not_picked":["Barricade+1","Limit Break"],"picked":"Reaper","floor":16.0},{"not_picked":["Shrug It Off+1","Headbutt+1"],"picked":"Evolve+1","floor":18.0},{"not_picked":["Headbutt+1","Sever Soul","Sword Boomerang"],"picked":"SKIP","floor":19.0},{"not_picked":["Combust+1","Intimidate"],"picked":"Armaments","floor":20.0},{"not_picked":["Sword Boomerang","Headbutt","Corruption+1"],"picked":"SKIP","floor":22.0},{"not_picked":["Thunderclap+1","Wild Strike"],"picked":"True Grit","floor":23.0},{"not_picked":["Exhume","Second Wind","Flex"],"picked":"SKIP","floor":27.0},{"not_picked":["Pommel Strike+1","Spot Weakness+1"],"picked":"Shrug It Off","floor":30.0},{"not_picked":["Twin Strike","Infernal Blade","Cleave+1"],"picked":"SKIP","floor":30.0},{"not_picked":["Searing Blow","Inflame+1"],"picked":"Shrug It Off","floor":31.0},{"not_picked":["Cleave","Demon Form+1"],"picked":"Seeing Red","floor":31.0}],"player_experience":490069,"relics_obtained":[{"floor":9.0,"key":"Frozen Egg 2"},{"floor":11.0,"key":"Letter Opener"},{"floor":23.0,"key":"PreservedInsect"},{"floor":26.0,"key":"Prayer Wheel"},{"floor":27.0,"key":"Boot"}],"event_choices":[{"damage_healed":0.0,"max_hp_gain":0.0,"max_hp_loss":0.0,"gold_gain":0.0,"event_name":"Scrap Ooze","player_choice":"Success","floor":5.0,"gold_loss":0.0,"damage_taken":3.0,"relics_obtained":["Pear"]},{"damage_healed":0.0,"max_hp_gain":0.0,"max_hp_loss":0.0,"gold_gain":275.0,"event_name":"Golden Shrine","player_choice":"Desecrate","floor":12.0,"gold_loss":0.0,"damage_taken":0.0,"cards_obtained":["Regret"]},{"cards_removed":["Strike_R"],"damage_healed":0.0,"max_hp_gain":0.0,"max_hp_loss":0.0,"gold_gain":0.0,"event_name":"Bonfire Elementals","player_choice":"Offered Basic","floor":21.0,"gold_loss":0.0,"damage_taken":0.0},{"damage_healed":0.0,"max_hp_gain":0.0,"max_hp_loss":0.0,"gold_gain":0.0,"event_name":"Cursed Tome","player_choice":"Ignored","floor":29.0,"gold_loss":0.0,"damage_taken":0.0}],"is_beta":false,"boss_relics":[{"not_picked":["Orrery","Black Blood"],"picked":"Lizard Tail"}],"items_purged_floors":[2,13,25],"is_endless":false,"potions_floor_spawned":[1,3,10,11,19,23,27],"killed_by":"Collector","ascension_level":2}