{"gold_per_floor":[15,27,27,102,102,137,154,154,181,161,181,192,192,207,207,311,311,328,354,156,156,173,173,173,173],"floor_reached":25,"playtime":1376,"items_purged":["Strike_R"],"score":291,"play_id":"d7c28ee5-4aaf-4033-96dc-e1cd660179fe","local_time":"20190603135853","is_ascension_mode":true,"campfire_choices":[{"data":"Feed","floor":8,"key":"SMITH"},{"data":"True Grit","floor":13,"key":"SMITH"},{"data":"Flex","floor":15,"key":"SMITH"},{"data":"Exhume","floor":23,"key":"SMITH"}],"neow_cost":"NO_GOLD","seed_source_timestamp":980784896065112,"circlet_count":0,"master_deck":["Strike_R","Strike_R","Strike_R","Defend_R","Defend_R+1","Defend_R","Bash","Limit Break","Feed+1","Flex+1","Pommel Strike+1","True Grit+1","Twin Strike","Cleave","Offering","Exhume+1","Headbutt","Combust","Finesse","RitualDagger"],"relics":["Burning Blood","Bag of Marbles","Boot","Runic Cube","Red Mask"],"potions_floor_usage":[22,22,25],"damage_taken":[{"damage":0,"enemies":"Small Slimes","floor":1,"turns":3},{"damage":18,"enemies":"Jaw Worm","floor":2,"turns":4},{"damage":25,"enemies":"Gremlin Nob","floor":6,"turns":4},{"damage":0,"enemies":"Cultist","floor":7,"turns":2},{"damage":0,"enemies":"2 Fungi Beasts","floor":11,"turns":2},{"damage":6,"enemies":"3 Louse","floor":12,"turns":2},{"damage":0,"enemies":"Looter","floor":14,"turns":1},{"damage":50,"enemies":"Hexaghost","floor":16,"turns":9},{"damage":14,"enemies":"Spheric Guardian","floor":18,"turns":3},{"damage":16,"enemies":"Masked Bandits","floor":19,"turns":3},{"damage":11,"enemies":"2 Thieves","floor":22,"turns":2},{"damage":61,"enemies":"Book of Stabbing","floor":25,"turns":4}],"seed_played":"-2998643235274748035","potions_obtained":[{"floor":7,"key":"Strength Potion"},{"floor":10,"key":"Energy Potion"},{"floor":12,"key":"FearPotion"}],"is_trial":false,"path_per_floor":["M","M","?","?","?","E","M","R","T","?","M","M","R","M","R","B",null,"M","?","$","?","M","R","?","E"],"character_chosen":"IRONCLAD","items_purchased":["Combust","Finesse"],"campfire_rested":0,"item_purchase_floors":[20,20],"current_hp_per_floor":[83,74,57,46,46,27,33,33,33,33,43,47,47,57,57,17,102,94,88,88,66,61,61,55,0],"gold":173,"neow_bonus":"TRANSFORM_TWO_CARDS","is_prod":false,"is_daily":false,"chose_seed":false,"campfire_upgraded":4,"win_rate":0,"timestamp":1559563133,"path_taken":["M","M","?","?","?","E","?","R","T","?","M","?","R","M","R","BOSS","M","?","$","?","M","R","?","E"],"build_version":"2019-01-23","purchased_purges":1,"victory":false,"max_hp_per_floor":[83,86,86,86,86,86,86,86,86,86,90,94,94,98,98,102,102,102,106,106,111,111,111,111,111],"card_choices":[{"not_picked":["Clothesline","Sentinel"],"picked":"Flex","floor":1},{"not_picked":["Hemokinesis","Flex"],"picked":"Pommel Strike","floor":2},{"not_picked":["Rage","Flex"],"picked":"True Grit","floor":6},{"not_picked":["Warcry","Rampage"],"picked":"Twin Strike","floor":7},{"not_picked":["Body Slam","Wild Strike"],"picked":"Cleave","floor":11},{"not_picked":["Hemokinesis","Iron Wave","Dual Wield"],"picked":"SKIP","floor":12},{"not_picked":["Twin Strike","Wild Strike"],"picked":"Offering","floor":14},{"not_picked":["Immolate","Reaper"],"picked":"Exhume","floor":16},{"not_picked":["Iron Wave+1","Intimidate"],"picked":"Headbutt","floor":18},{"not_picked":["Fire Breathing","Metallicize","Pommel Strike"],"picked":"SKIP","floor":22}],"player_experience":117454,"relics_obtained":[{"floor":6,"key":"Bag of Marbles"},{"floor":9,"key":"Boot"},{"floor":19,"key":"Red Mask"}],"event_choices":[{"damage_healed":0,"gold_gain":0,"player_choice":"Entered Light","damage_taken":17,"max_hp_gain":0,"max_hp_loss":0,"event_name":"Shining Light","floor":3,"gold_loss":0,"cards_upgraded":["Defend_R","Pommel Strike"]},{"damage_healed":0,"gold_gain":75,"player_choice":"Gather Gold","damage_taken":11,"max_hp_gain":0,"max_hp_loss":0,"event_name":"World of Goop","floor":4,"gold_loss":0},{"damage_healed":0,"gold_gain":0,"player_choice":"Ignored","damage_taken":0,"max_hp_gain":0,"max_hp_loss":0,"event_name":"Liars Game","floor":5,"gold_loss":0},{"damage_healed":0,"gold_gain":0,"player_choice":"Bought 1 Potion","damage_taken":0,"max_hp_gain":0,"max_hp_loss":0,"event_name":"The Woman in Blue","floor":10,"gold_loss":0},{"damage_healed":0,"gold_gain":0,"player_choice":"Fought Bandits","damage_taken":0,"max_hp_gain":0,"max_hp_loss":0,"event_name":"Masked Bandits","floor":19,"gold_loss":0},{"damage_healed":0,"gold_gain":0,"player_choice":"Shed Blood","damage_taken":27,"max_hp_gain":5,"max_hp_loss":0,"event_name":"Forgotten Altar","floor":21,"gold_loss":0},{"damage_healed":0,"gold_gain":0,"player_choice":"Joined the Cult","damage_taken":6,"max_hp_gain":0,"max_hp_loss":0,"event_name":"Nest","floor":24,"gold_loss":0,"cards_obtained":["RitualDagger"]}],"is_beta":false,"boss_relics":[{"not_picked":["Black Blood","Eternal Feather"],"picked":"Runic Cube"}],"items_purged_floors":[20],"is_endless":false,"potions_floor_spawned":[7,12],"killed_by":"Book of Stabbing","ascension_level":4}