{"path_per_floor":["M","?","M","$","?","R","E","?","T","$","R","M","M","M","R","B",null,"M","$","M","M","M","M","M","?","T","R","$","R","M","M","R","B",null,"M","M","M","?","?","R","M","R","T","?","$","M","R","M","R"],"character_chosen":"IRONCLAD","items_purchased":["Uppercut","Lantern"],"gold_per_floor":[218,218,235,160,110,110,139,139,139,70,70,89,100,111,111,206,206,224,124,140,151,166,185,196,111,157,157,32,32,50,69,69,174,174,184,198,214,214,214,214,229,229,307,307,11,26,26,46,46],"floor_reached":50,"campfire_rested":2,"playtime":6076,"current_hp_per_floor":[76,73,77,77,77,77,55,55,55,55,55,57,59,61,61,58,80,80,80,80,80,80,80,80,80,80,80,80,80,80,75,75,17,80,78,61,43,63,63,63,49,80,80,80,80,48,80,80,80],"items_purged":["Strike_R","Strike_R","Strike_R","Writhe"],"gold":46,"play_id":"91b75633-1fe7-430c-b643-6e3161be1d78","is_prod":false,"is_daily":false,"campfire_rituals":0,"campfire_upgraded":8,"is_hardmode":false,"path_taken":["M","?","M","$","?","R","E","?","T","$","R","?","M","M","R","BOSS","M","?","M","M","M","M","M","?","T","R","$","R","M","M","R","BOSS","M","M","M","?","?","R","M","R","T","?","$","M","R","?","R","BOSS"],"build_version":"2018-01-18-PROD3","purchased_purges":5,"victory":false,"master_deck":["Strike_R","Defend_R","Defend_R","Defend_R","Bash","Armaments","Sword Boomerang","Offering","Uppercut","Whirlwind","Metallicize","Offering","Sword Boomerang","Iron Wave","Flex","Pommel Strike","Warcry","Spot Weakness"],"max_hp_per_floor":[80,80,80,80,80,80,80,80,80,80,80,80,80,80,80,80,80,80,80,80,80,80,80,80,80,80,80,80,80,80,80,80,80,80,80,80,80,80,80,80,80,80,80,80,80,80,80,80,80],"relics":["Black Blood","Vajra","Toolbox","Unceasing Top","Ginger","Regal Pillow","Question Card","Dodecahedron","Lantern"],"campfire_meditates":0,"card_choices":[{"not_picked":["Power Through","True Grit"],"picked":"Armaments"},{"not_picked":["Clothesline","Blood for Blood"],"picked":"Sword Boomerang"},{"not_picked":["Warcry","Flame Barrier"],"picked":"Offering"},{"not_picked":["Cleave","Pommel Strike"],"picked":"Whirlwind"},{"not_picked":["Headbutt","Whirlwind"],"picked":"Metallicize"},{"not_picked":["Juggernaut","Demon Form"],"picked":"Offering"},{"not_picked":["Feel No Pain","Blood for Blood"],"picked":"Sword Boomerang"},{"not_picked":["Dual Wield","Warcry"],"picked":"Iron Wave"},{"not_picked":["Flame Barrier","Heavy Blade"],"picked":"Flex"},{"not_picked":["Twin Strike","Thunderclap"],"picked":"Pommel Strike"},{"not_picked":["Metallicize","Twin Strike"],"picked":"Warcry"},{"not_picked":["Cleave","Thunderclap","True Grit"],"picked":"Spot Weakness"}],"player_experience":6041,"potions_floor_usage":[33,50,50,50],"damage_taken":[{"damage":10,"enemies":"Jaw Worm","floor":1,"turns":4},{"damage":2,"enemies":"2 Louse","floor":3,"turns":3},{"damage":28,"enemies":"Gremlin Nob","floor":7,"turns":4},{"damage":4,"enemies":"Cultist","floor":12,"turns":2},{"damage":4,"enemies":"3 Louse","floor":13,"turns":2},{"damage":4,"enemies":"2 Fungi Beasts","floor":14,"turns":3},{"damage":9,"enemies":"Slime Boss","floor":16,"turns":9},{"damage":8,"enemies":"3 Byrds","floor":18,"turns":2},{"damage":8,"enemies":"Shell Parasite","floor":20,"turns":3},{"damage":8,"enemies":"Snake Plant","floor":21,"turns":4},{"damage":10,"enemies":"Snecko","floor":22,"turns":3},{"damage":8,"enemies":"3 Cultists","floor":23,"turns":1},{"damage":8,"enemies":"Snake Plant","floor":24,"turns":2},{"damage":7,"enemies":"Snecko","floor":30,"turns":3},{"damage":19,"enemies":"Centurion and Healer","floor":31,"turns":3},{"damage":80,"enemies":"Automaton","floor":33,"turns":10},{"damage":12,"enemies":"Orb Walker","floor":35,"turns":3},{"damage":31,"enemies":"3 Shapes","floor":36,"turns":5},{"damage":28,"enemies":"3 Darklings","floor":37,"turns":3},{"damage":24,"enemies":"Maw","floor":41,"turns":6},{"damage":42,"enemies":"4 Shapes","floor":46,"turns":1},{"damage":8,"enemies":"3 Darklings","floor":48,"turns":1},{"damage":88,"enemies":"Awakened One","floor":50,"turns":12}],"event_choices":[{"event_name":"Scrap Ooze","player_choice":"success","floor":2,"damage_taken":3},{"event_name":"The Cleric","player_choice":"Card Removal","floor":5,"damage_taken":0},{"event_name":"Living Wall","player_choice":"Forget","floor":8,"damage_taken":0},{"event_name":"Addict","player_choice":"Obtained Relic","floor":25,"damage_taken":0},{"event_name":"Winding Halls","player_choice":"Writhe","floor":38,"damage_taken":0},{"event_name":"Match and Keep!","player_choice":"0 cards matched","floor":39,"damage_taken":0},{"event_name":"Tomb of Lord Red Mask","player_choice":"Ignored","floor":44,"damage_taken":0}],"boss_relics":[{"not_picked":["Snecko Eye","Runic Dome"],"picked":"Black Blood"},{"not_picked":["Runic Pyramid","Philosopher\u0027s Stone"],"picked":"Question Card"}],"potions_floor_spawned":[1,12,16,18,24,33,35,46,48],"seed_played":"-2212404296843505368","killed_by":"Awakened One","is_trial":false}