{"gold_per_floor":[110,125,137,312,237,237,237,237,320,333,344,355,382,402,402,504,504,516,531,550,13,32,32,43,54,77,77,77,77,108,120,120,120],"floor_reached":33,"playtime":1113,"items_purged":["Doubt","Strike_R"],"score":263,"play_id":"ad701f0e-ac1c-469c-aeb1-4ed522e613de","local_time":"20191023160845","is_ascension_mode":false,"campfire_choices":[{"data":"Whirlwind","floor":6,"key":"SMITH"},{"data":"Exhume","floor":8,"key":"SMITH"},{"data":"Clothesline","floor":15,"key":"SMITH"},{"data":"Armaments","floor":23,"key":"SMITH"},{"data":"Berserk","floor":27,"key":"SMITH"},{"data":"Exhume","floor":29,"key":"SMITH"},{"data":"1","floor":32,"key":"LIFT"}],"neow_cost":"NONE","seed_source_timestamp":352685101524300,"circlet_count":0,"master_deck":["Strike_R","Strike_R","Strike_R","Strike_R+1","Defend_R","Defend_R","Defend_R","Defend_R","Bash+1","Exhume+1","Whirlwind+1","Disarm","Clothesline+1","Reaper","Headbutt+1","Armaments+1","Berserk+1","Shrug It Off+1","Exhume+1","Pommel Strike","Shockwave+1"],"relics":["Burning Blood","Tiny Chest","Vajra","Sozu","Sling","Pen Nib","Dream Catcher","Girya"],"potions_floor_usage":[30,30,30],"damage_taken":[{"damage":7,"enemies":"2 Louse","floor":1,"turns":4},{"damage":8,"enemies":"Jaw Worm","floor":2,"turns":4},{"damage":5,"enemies":"Cultist","floor":3,"turns":4},{"damage":9,"enemies":"Blue Slaver","floor":10,"turns":4},{"damage":11,"enemies":"3 Louse","floor":11,"turns":2},{"damage":0,"enemies":"Exordium Wildlife","floor":12,"turns":2},{"damage":10,"enemies":"Looter","floor":14,"turns":3},{"damage":22,"enemies":"Hexaghost","floor":16,"turns":10},{"damage":11,"enemies":"Shell Parasite","floor":18,"turns":5},{"damage":23,"enemies":"2 Thieves","floor":19,"turns":3},{"damage":9,"enemies":"Centurion and Healer","floor":20,"turns":8},{"damage":12,"enemies":"Chosen and Byrds","floor":22,"turns":5},{"damage":22,"enemies":"Sentry and Sphere","floor":24,"turns":4},{"damage":20,"enemies":"Centurion and Healer","floor":25,"turns":4},{"damage":36,"enemies":"Slavers","floor":30,"turns":3},{"damage":6,"enemies":"Cultist and Chosen","floor":31,"turns":4},{"damage":63,"enemies":"Champ","floor":33,"turns":11}],"seed_played":"-3730559657310319757","potions_obtained":[{"floor":2,"key":"Explosive Potion"},{"floor":3,"key":"SneckoOil"},{"floor":10,"key":"Strength Potion"},{"floor":12,"key":"LiquidBronze"}],"is_trial":false,"path_per_floor":["M","M","M","?","$","R","?","R","T","M","M","M","T","M","R","B",null,"M","M","M","$","M","R","M","M","T","R","?","R","E","M","R","B"],"character_chosen":"IRONCLAD","items_purchased":["Sling","Pen Nib","Berserk"],"campfire_rested":0,"item_purchase_floors":[21,21,21],"current_hp_per_floor":[79,77,78,78,78,78,62,62,62,59,54,60,60,56,56,40,80,75,59,80,80,80,80,64,60,60,60,60,60,30,50,50,0],"gold":120,"neow_bonus":"ONE_RANDOM_RARE_CARD","is_prod":false,"is_daily":false,"chose_seed":false,"campfire_upgraded":6,"win_rate":0,"timestamp":1571814525,"path_taken":["M","M","M","?","$","R","?","R","T","M","M","M","?","M","R","BOSS","M","M","M","$","M","R","M","?","T","R","?","R","E","M","R","BOSS"],"build_version":"2019-10-22","purchased_purges":2,"victory":false,"max_hp_per_floor":[80,80,80,80,80,80,80,80,80,80,80,80,80,80,80,80,80,80,80,80,80,80,80,80,80,80,80,80,80,80,80,80,80],"card_choices":[{"not_picked":["Havoc","Sword Boomerang","Dark Embrace"],"picked":"SKIP","floor":1},{"not_picked":["Pummel","Feel No Pain","Seeing Red"],"picked":"SKIP","floor":2},{"not_picked":["Fire Breathing","Heavy Blade"],"picked":"Whirlwind","floor":3},{"not_picked":["Metallicize","Seeing Red"],"picked":"Disarm","floor":10},{"not_picked":["Juggernaut","Ghostly Armor","Iron Wave"],"picked":"SKIP","floor":11},{"not_picked":["Headbutt","Perfected Strike"],"picked":"Clothesline","floor":12},{"not_picked":["Body Slam","Disarm","Sword Boomerang"],"picked":"SKIP","floor":14},{"not_picked":["Berserk","Fiend Fire"],"picked":"Reaper","floor":16},{"not_picked":["Sword Boomerang+1","Perfected Strike"],"picked":"Headbutt+1","floor":18},{"not_picked":["Disarm","Wild Strike"],"picked":"Armaments","floor":19},{"not_picked":["Rampage","Evolve","Clothesline"],"picked":"SKIP","floor":20},{"not_picked":["Combust+1","Body Slam"],"picked":"Shrug It Off+1","floor":22},{"not_picked":["Sever Soul+1","Body Slam+1","Disarm"],"picked":"SKIP","floor":24},{"not_picked":["Iron Wave","Whirlwind"],"picked":"Exhume","floor":25},{"not_picked":["Wild Strike","Body Slam"],"picked":"Shockwave+1","floor":30},{"not_picked":["Clothesline","Sword Boomerang+1","Impervious"],"picked":"SKIP","floor":31}],"player_experience":751411,"relics_obtained":[{"floor":9,"key":"Tiny Chest"},{"floor":13,"key":"Vajra"},{"floor":26,"key":"Dream Catcher"},{"floor":30,"key":"Girya"}],"event_choices":[{"damage_healed":0,"gold_gain":175,"player_choice":"AGREE","damage_taken":0,"max_hp_gain":0,"max_hp_loss":0,"event_name":"Liars Game","floor":4,"gold_loss":0,"cards_obtained":["Doubt"]},{"damage_healed":0,"gold_gain":0,"player_choice":"Entered Light","damage_taken":16,"max_hp_gain":0,"max_hp_loss":0,"event_name":"Shining Light","floor":7,"gold_loss":0,"cards_upgraded":["Strike_R","Bash"]},{"damage_healed":0,"gold_gain":0,"player_choice":"Read","damage_taken":0,"max_hp_gain":0,"max_hp_loss":0,"event_name":"The Library","floor":28,"gold_loss":0,"cards_obtained":["Pommel Strike"]}],"is_beta":true,"boss_relics":[{"not_picked":["Coffee Dripper","SacredBark"],"picked":"Sozu"}],"items_purged_floors":[5,21],"is_endless":false,"potions_floor_spawned":[2,3,10,12,16,20,22,24,30,31],"killed_by":"Champ","ascension_level":0}