{"gold_per_floor":[110,124,140,140,215,240,255,288,288,318,318,318,336,131,131,231,231,243,263,213,213,230,230,249,249,249,249,249],"floor_reached":28,"playtime":920,"items_purged":["Strike_R","Strike_R"],"score":369,"play_id":"63796b4d-8a40-4d3b-ab35-b44c61bbe0c4","local_time":"20190628213536","is_ascension_mode":true,"campfire_choices":[{"floor":11,"key":"REST"},{"data":"Bash","floor":15,"key":"SMITH"},{"data":"True Grit","floor":23,"key":"SMITH"},{"floor":25,"key":"REST"},{"data":"Iron Wave","floor":27,"key":"SMITH"}],"neow_cost":"NONE","seed_source_timestamp":220665090923323,"circlet_count":0,"master_deck":["AscendersBane","Strike_R","Strike_R","Defend_R","Defend_R","Defend_R","Defend_R","Bash+1","Hemokinesis","Sword Boomerang","Spot Weakness","Twin Strike","Clothesline","Fiend Fire","Iron Wave+1","Seeing Red","Juggernaut","True Grit+1","Flame Barrier+1","Shrug It Off+1"],"relics":["Black Blood","NeowsBlessing","Lantern","Du-Vu Doll","Bird Faced Urn","Champion Belt","Smiling Mask","Bronze Scales","Pantograph"],"potions_floor_usage":[6,6,22,28],"damage_taken":[{"damage":0,"enemies":"Cultist","floor":1,"turns":1},{"damage":0,"enemies":"Jaw Worm","floor":2,"turns":1},{"damage":0,"enemies":"2 Louse","floor":3,"turns":1},{"damage":31,"enemies":"3 Sentries","floor":6,"turns":7},{"damage":3,"enemies":"2 Fungi Beasts","floor":7,"turns":3},{"damage":15,"enemies":"Gremlin Nob","floor":8,"turns":3},{"damage":25,"enemies":"Lagavulin","floor":10,"turns":5},{"damage":17,"enemies":"Exordium Thugs","floor":13,"turns":2},{"damage":27,"enemies":"Slime Boss","floor":16,"turns":8},{"damage":7,"enemies":"3 Byrds","floor":18,"turns":4},{"damage":18,"enemies":"Shell Parasite","floor":19,"turns":6},{"damage":55,"enemies":"Centurion and Healer","floor":22,"turns":6},{"damage":16,"enemies":"Snake Plant","floor":24,"turns":2},{"damage":50,"enemies":"3 Cultists","floor":28,"turns":4}],"seed_played":"7268196294290856966","potions_obtained":[{"floor":1,"key":"BloodPotion"},{"floor":3,"key":"Swift Potion"},{"floor":13,"key":"SteroidPotion"},{"floor":16,"key":"Energy Potion"},{"floor":19,"key":"SkillPotion"},{"floor":24,"key":"SteroidPotion"}],"is_trial":false,"path_per_floor":["M","M","M","?","?","E","M","E","T","E","R","?","M","$","R","B",null,"M","M","$","?","M","R","M","R","T","R","M"],"character_chosen":"IRONCLAD","items_purchased":["Bronze Scales"],"campfire_rested":2,"item_purchase_floors":[14],"current_hp_per_floor":[78,80,80,80,69,52,55,46,46,27,51,51,40,40,40,19,65,68,62,62,62,19,19,13,37,37,37,0],"gold":249,"neow_bonus":"THREE_ENEMY_KILL","is_prod":false,"is_daily":false,"chose_seed":false,"campfire_upgraded":3,"win_rate":0,"timestamp":1561750536,"path_taken":["M","?","M","?","?","E","M","E","T","E","R","?","?","$","R","BOSS","M","M","$","?","M","R","M","R","T","R","M"],"build_version":"2019-01-23","purchased_purges":2,"victory":false,"max_hp_per_floor":[80,80,80,80,80,80,80,80,80,80,80,80,80,80,80,80,80,80,80,80,80,80,80,80,80,80,80,80],"card_choices":[{"not_picked":["Havoc","Flex"],"picked":"Hemokinesis","floor":1},{"not_picked":["Twin Strike","Armaments"],"picked":"Sword Boomerang","floor":2},{"not_picked":["Infernal Blade","Carnage"],"picked":"Spot Weakness","floor":3},{"not_picked":["Blood for Blood","Power Through"],"picked":"Twin Strike","floor":6},{"not_picked":["Heavy Blade","Anger"],"picked":"Clothesline","floor":7},{"not_picked":["Wild Strike","Perfected Strike"],"picked":"Fiend Fire","floor":8},{"not_picked":["Flex","Inflame"],"picked":"Iron Wave","floor":10},{"not_picked":["Body Slam","Blood for Blood"],"picked":"Seeing Red","floor":13},{"not_picked":["Dark Embrace","Barricade"],"picked":"Juggernaut","floor":16},{"not_picked":["Cleave+1","Clash+1"],"picked":"True Grit","floor":18},{"not_picked":["Warcry+1","Second Wind"],"picked":"Flame Barrier+1","floor":19},{"not_picked":["Body Slam+1","Pommel Strike+1"],"picked":"Shrug It Off+1","floor":22},{"not_picked":["Dual Wield","Fire Breathing","Evolve"],"picked":"SKIP","floor":24}],"player_experience":236540,"relics_obtained":[{"floor":6,"key":"Lantern"},{"floor":8,"key":"Du-Vu Doll"},{"floor":9,"key":"Bird Faced Urn"},{"floor":10,"key":"Champion Belt"},{"floor":26,"key":"Pantograph"}],"event_choices":[{"cards_removed":["Strike_R"],"damage_healed":0,"gold_gain":0,"player_choice":"Forget","damage_taken":0,"max_hp_gain":0,"max_hp_loss":0,"event_name":"Living Wall","floor":4,"gold_loss":0},{"damage_healed":0,"gold_gain":75,"player_choice":"Gather Gold","damage_taken":11,"max_hp_gain":0,"max_hp_loss":0,"event_name":"World of Goop","floor":5,"gold_loss":0},{"damage_healed":0,"gold_gain":0,"player_choice":"Searched \u00271\u0027 times","damage_taken":0,"relics_obtained":["Smiling Mask"],"max_hp_gain":0,"max_hp_loss":0,"event_name":"Dead Adventurer","floor":12,"gold_loss":0},{"damage_healed":0,"gold_gain":0,"player_choice":"Ignored","damage_taken":0,"max_hp_gain":0,"max_hp_loss":0,"event_name":"Vampires","floor":21,"gold_loss":0}],"is_beta":false,"boss_relics":[{"not_picked":["Runic Cube","Black Star"],"picked":"Black Blood"}],"items_purged_floors":[14,20],"is_endless":false,"potions_floor_spawned":[1,3,13,16,19,24],"killed_by":"3 Cultists","ascension_level":11}