{"gold_per_floor":[112,136,151,51,71,103,103,119,187,216,291,291,291,303,303,403,403,421,437,454,454,101,126,86,86,157,176,191,210,210,110,110,213,213,224,224,224,51,64,64,79,79,103,103,115,149,169,185,185,185],"floor_reached":51,"playtime":3110,"items_purged":["Defend_P","Defend_P","Defend_P"],"score":898,"play_id":"ec375568-38fa-418d-8901-e07d717454d8","local_time":"20190914193017","is_ascension_mode":true,"campfire_choices":[{"data":"Protect","floor":7.0,"key":"SMITH"},{"data":"Vigilance","floor":12.0,"key":"SMITH"},{"data":"Prostrate","floor":15.0,"key":"SMITH"},{"data":"DevaForm","floor":30.0,"key":"SMITH"},{"floor":32.0,"key":"REST"},{"floor":40.0,"key":"REST"},{"floor":42.0,"key":"REST"},{"floor":49.0,"key":"REST"}],"neow_cost":"TEN_PERCENT_HP_LOSS","seed_source_timestamp":81495849334900,"circlet_count":0,"master_deck":["Strike_P","Strike_P+1","Strike_P","Eruption+1","Vigilance+1","Protect+1","EmptyFist","Devotion","Prostrate+1","FlyingSleeves+1","FearNoEvil","DevaForm+1","Swivel+1","Perseverance+1","Establishment","SandsOfTime+1"],"special_seed":0,"relics":["PureWater","Oddly Smooth Stone","Sundial","Darkstone Periapt","Mummified Hand","Art of War","Philosopher\u0027s Stone","Pear","StoneCalendar","Eternal Feather","Fusion Hammer","Happy Flower","Whetstone"],"potions_floor_usage":[50,50,50],"damage_taken":[{"damage":0.0,"enemies":"Cultist","floor":1.0,"turns":2.0},{"damage":0.0,"enemies":"Jaw Worm","floor":3.0,"turns":5.0},{"damage":0.0,"enemies":"Small Slimes","floor":5.0,"turns":4.0},{"damage":15.0,"enemies":"3 Sentries","floor":6.0,"turns":11.0},{"damage":0.0,"enemies":"Blue Slaver","floor":8.0,"turns":4.0},{"damage":0.0,"enemies":"Lagavulin","floor":10.0,"turns":6.0},{"damage":0.0,"enemies":"Looter","floor":14.0,"turns":4.0},{"damage":17.0,"enemies":"The Guardian","floor":16.0,"turns":9.0},{"damage":11.0,"enemies":"2 Thieves","floor":18.0,"turns":5.0},{"damage":10.0,"enemies":"3 Byrds","floor":19.0,"turns":9.0},{"damage":16.0,"enemies":"Snake Plant","floor":20.0,"turns":6.0},{"damage":0.0,"enemies":"Gremlin Leader","floor":23.0,"turns":8.0},{"damage":0.0,"enemies":"Sentry and Sphere","floor":25.0,"turns":1.0},{"damage":0.0,"enemies":"Snecko","floor":27.0,"turns":7.0},{"damage":11.0,"enemies":"3 Cultists","floor":28.0,"turns":7.0},{"damage":1.0,"enemies":"Centurion and Healer","floor":29.0,"turns":7.0},{"damage":117.0,"enemies":"Automaton","floor":33.0,"turns":14.0},{"damage":20.0,"enemies":"Orb Walker","floor":35.0,"turns":6.0},{"damage":7.0,"enemies":"3 Darklings","floor":39.0,"turns":5.0},{"damage":5.0,"enemies":"Maw","floor":41.0,"turns":8.0},{"damage":1.0,"enemies":"Transient","floor":45.0,"turns":5.0},{"damage":28.0,"enemies":"Giant Head","floor":46.0,"turns":10.0},{"damage":22.0,"enemies":"Spire Growth","floor":47.0,"turns":6.0},{"damage":7.0,"enemies":"Sphere and 2 Shapes","floor":48.0,"turns":5.0},{"damage":54,"enemies":"Time Eater","floor":50,"turns":14}],"seed_played":"6873330212453683172","potions_obtained":[{"floor":3.0,"key":"Strength Potion"},{"floor":5.0,"key":"SkillPotion"},{"floor":10.0,"key":"LiquidBronze"},{"floor":18.0,"key":"FearPotion"},{"floor":20.0,"key":"Swift Potion"},{"floor":24.0,"key":"EssenceOfSteel"},{"floor":24.0,"key":"SmokeBomb"},{"floor":24.0,"key":"FairyPotion"},{"floor":35.0,"key":"Block Potion"},{"floor":48.0,"key":"Regen Potion"}],"is_trial":false,"path_per_floor":["M","T","M","$","M","E","R","M","T","E","?","R","?","M","R","B",null,"M","M","M","?","$","E","?","M","T","M","M","M","R","$","R","B",null,"M","?","?","$","M","R","M","R","T","?","M","E","M","M","R","B",null],"character_chosen":"WATCHER","items_purchased":["Devotion","Prostrate","Establishment","Pear","SkillPotion"],"campfire_rested":4,"item_purchase_floors":[4,4,22,22,38],"current_hp_per_floor":[59,59,59,59,59,44,44,44,44,44,33,33,30,30,30,13,59,48,38,22,22,32,32,32,32,32,32,21,20,29,29,58,20,69,49,49,49,49,42,69,64,69,69,69,68,40,18,11,40,1],"gold":185,"neow_bonus":"REMOVE_TWO","is_prod":false,"is_daily":false,"chose_seed":false,"campfire_upgraded":4,"win_rate":0,"timestamp":1568482217,"path_taken":["M","?","M","$","M","E","R","M","T","E","?","R","?","?","R","BOSS","M","M","M","?","$","E","?","?","T","M","M","M","R","$","R","BOSS","M","?","?","$","M","R","M","R","T","?","M","E","?","M","R","BOSS"],"build_version":"2019-09-12","purchased_purges":3,"victory":true,"max_hp_per_floor":[59,59,59,59,59,59,59,59,59,59,59,59,59,59,59,59,59,59,59,59,59,69,69,69,69,69,69,69,69,69,69,69,69,69,69,69,69,69,69,69,69,69,69,69,69,69,69,69,69,69],"card_choices":[{"not_picked":["EmptyMind","ClearTheMind"],"picked":"Protect","floor":1.0},{"not_picked":["SpiritShield","Weave"],"picked":"EmptyFist","floor":3.0},{"not_picked":["ClearTheMind","JustLucky"],"picked":"FlyingSleeves","floor":5.0},{"not_picked":["FollowUp","Vengeance","PathToVictory"],"picked":"SKIP","floor":6.0},{"not_picked":["FlyingSleeves","SandsOfTime","ForeignInfluence"],"picked":"SKIP","floor":8.0},{"not_picked":["EmptyMind","WreathOfFlame","ClearTheMind"],"picked":"SKIP","floor":10.0},{"not_picked":["PathToVictory","SpiritShield"],"picked":"FearNoEvil","floor":14.0},{"not_picked":["Vault","FlowState"],"picked":"DevaForm","floor":16.0},{"not_picked":["Consecrate","Evaluate"],"picked":"Swivel+1","floor":18.0},{"not_picked":["WreathOfFlame+1","CarveReality"],"picked":"Perseverance+1","floor":19.0},{"not_picked":["JustLucky","WindmillStrike","CleanseEvil+1"],"picked":"SKIP","floor":20.0},{"not_picked":["JustLucky","FollowUp"],"picked":"Prostrate","floor":23.0},{"not_picked":["FlyingSleeves","SandsOfTime","Swivel"],"picked":"SKIP","floor":27.0},{"not_picked":["EmptyBody+1","Conclude","Halt+1"],"picked":"SKIP","floor":28.0},{"not_picked":["WreathOfFlame","Worship"],"picked":"SandsOfTime+1","floor":29.0},{"not_picked":["CrushJoints","Sanctity","Perseverance"],"picked":"SKIP","floor":35.0},{"not_picked":["Protect","Conclude","WaveOfTheHand+1"],"picked":"SKIP","floor":39.0},{"not_picked":["JustLucky","WaveOfTheHand","Consecrate+1"],"picked":"SKIP","floor":41.0},{"not_picked":["DeceiveReality+1","Tantrum+1","Perseverance+1"],"picked":"SKIP","floor":45.0},{"not_picked":["ClearTheMind","Halt+1","FollowUp+1"],"picked":"SKIP","floor":46.0},{"not_picked":["CutThroughFate+1","Crescendo","JustLucky+1"],"picked":"SKIP","floor":47.0},{"not_picked":["Halt","Protect+1","Blasphemy"],"picked":"SKIP","floor":48.0}],"player_experience":449312,"relics_obtained":[{"floor":2.0,"key":"Oddly Smooth Stone"},{"floor":6.0,"key":"Sundial"},{"floor":9.0,"key":"Darkstone Periapt"},{"floor":10.0,"key":"Mummified Hand"},{"floor":23.0,"key":"StoneCalendar"},{"floor":26.0,"key":"Eternal Feather"},{"floor":43.0,"key":"Happy Flower"},{"floor":46.0,"key":"Whetstone"}],"event_choices":[{"damage_healed":0.0,"max_hp_gain":0.0,"max_hp_loss":0.0,"gold_gain":75.0,"event_name":"World of Goop","player_choice":"Gather Gold","floor":11.0,"gold_loss":0.0,"damage_taken":11.0},{"damage_healed":0.0,"max_hp_gain":0.0,"max_hp_loss":0.0,"gold_gain":0.0,"event_name":"Scrap Ooze","player_choice":"Success","floor":13.0,"gold_loss":0.0,"damage_taken":3.0,"relics_obtained":["Art of War"]},{"damage_healed":0.0,"max_hp_gain":0.0,"max_hp_loss":0.0,"gold_gain":0.0,"event_name":"Ghosts","player_choice":"Ignored","floor":21.0,"gold_loss":0.0,"damage_taken":0.0},{"damage_healed":0.0,"max_hp_gain":0.0,"max_hp_loss":0.0,"gold_gain":0.0,"event_name":"The Woman in Blue","player_choice":"Bought 3 Potions","floor":24.0,"gold_loss":0.0,"damage_taken":0.0},{"cards_removed":["Prostrate"],"damage_healed":0.0,"max_hp_gain":0.0,"max_hp_loss":0.0,"gold_gain":0.0,"event_name":"Falling","player_choice":"Removed Skill","floor":36.0,"gold_loss":0.0,"damage_taken":0.0},{"damage_healed":0.0,"max_hp_gain":0.0,"max_hp_loss":0.0,"gold_gain":0.0,"event_name":"Tomb of Lord Red Mask","player_choice":"Ignored","floor":37.0,"gold_loss":0.0,"damage_taken":0.0},{"damage_healed":0.0,"max_hp_gain":0.0,"max_hp_loss":0.0,"gold_gain":0.0,"event_name":"Upgrade Shrine","player_choice":"Upgraded","floor":44.0,"gold_loss":0.0,"damage_taken":0.0,"cards_upgraded":["FlyingSleeves"]}],"is_beta":true,"boss_relics":[{"not_picked":["Runic Dome","Astrolabe"],"picked":"Philosopher\u0027s Stone"},{"not_picked":["Velvet Choker","SacredBark"],"picked":"Fusion Hammer"}],"items_purged_floors":[22,31,38],"is_endless":false,"potions_floor_spawned":[3,5,10,18,20,25,35,48],"ascension_level":1}