{"gold_per_floor":[115,133,133,150,150,150,183,183,229,256,169,185,185,203,203,203],"floor_reached":16,"playtime":620,"items_purged":[],"score":187,"play_id":"f4e94001-83ed-46ec-94c1-f29b842343bf","local_time":"20191025232838","is_ascension_mode":true,"campfire_choices":[{"data":"True Grit","floor":6,"key":"SMITH"},{"floor":8,"key":"REST"},{"floor":13,"key":"REST"},{"data":"Metallicize","floor":15,"key":"SMITH"}],"neow_cost":"NONE","seed_source_timestamp":106822789531200,"circlet_count":0,"master_deck":["AscendersBane","Strike_R","Strike_R","Strike_R","Strike_R","Strike_R","Defend_R","Defend_R","Defend_R","Defend_R","Bash+1","True Grit+1","Pommel Strike","Metallicize+1","Wild Strike"],"relics":["Burning Blood","Happy Flower","Dream Catcher","Oddly Smooth Stone","Nunchaku"],"potions_floor_usage":[12,16],"damage_taken":[{"damage":8,"enemies":"Jaw Worm","floor":1,"turns":6},{"damage":10,"enemies":"Small Slimes","floor":2,"turns":4},{"damage":6,"enemies":"Cultist","floor":4,"turns":3},{"damage":59,"enemies":"Lagavulin","floor":7,"turns":8},{"damage":33,"enemies":"3 Sentries","floor":10,"turns":10},{"damage":6,"enemies":"Exordium Thugs","floor":12,"turns":6},{"damage":8,"enemies":"Large Slime","floor":14,"turns":7},{"damage":40,"enemies":"Hexaghost","floor":16,"turns":11}],"seed_played":"1309055560837794068","potions_obtained":[{"floor":1,"key":"HeartOfIron"},{"floor":2,"key":"ElixirPotion"},{"floor":4,"key":"LiquidMemories"}],"is_trial":false,"path_per_floor":["M","M","$","M","?","R","E","R","T","E","?","M","R","M","R","B"],"character_chosen":"IRONCLAD","items_purchased":[],"campfire_rested":2,"item_purchase_floors":[],"current_hp_per_floor":[73,69,69,69,69,69,16,40,40,13,13,13,37,35,35,0],"gold":203,"neow_bonus":"TEN_PERCENT_HP_BONUS","is_prod":false,"is_daily":false,"chose_seed":false,"campfire_upgraded":2,"win_rate":0,"timestamp":1572038918,"path_taken":["M","M","$","M","?","R","E","R","T","E","?","M","R","M","R","BOSS"],"build_version":"2019-10-25-V3","purchased_purges":0,"victory":false,"max_hp_per_floor":[82,82,82,82,82,82,82,82,82,82,82,82,82,82,82,82],"card_choices":[{"not_picked":["Rage","Havoc","Iron Wave"],"picked":"SKIP","floor":1},{"not_picked":["Body Slam","Dual Wield","Armaments"],"picked":"SKIP","floor":2},{"not_picked":["Iron Wave","Evolve"],"picked":"True Grit","floor":4},{"not_picked":["Flex","Thunderclap"],"picked":"Pommel Strike","floor":7},{"not_picked":["Evolve","Warcry","Brutality"],"picked":"SKIP","floor":10},{"not_picked":["Bloodletting","Warcry"],"picked":"Metallicize","floor":12},{"not_picked":["Infernal Blade","Disarm"],"picked":"Wild Strike","floor":13},{"not_picked":["Havoc","Warcry","Wild Strike"],"picked":"SKIP","floor":14}],"player_experience":525979,"relics_obtained":[{"floor":7,"key":"Happy Flower"},{"floor":9,"key":"Dream Catcher"},{"floor":10,"key":"Oddly Smooth Stone"}],"event_choices":[{"damage_healed":0,"gold_gain":0,"player_choice":"Grow","damage_taken":0,"max_hp_gain":0,"max_hp_loss":0,"event_name":"Living Wall","floor":5,"gold_loss":0,"cards_upgraded":["Bash"]},{"damage_healed":0,"gold_gain":0,"player_choice":"Paid Gold","damage_taken":0,"relics_obtained":["Nunchaku"],"max_hp_gain":0,"max_hp_loss":0,"event_name":"WeMeetAgain","floor":11,"gold_loss":87}],"is_beta":true,"boss_relics":[],"items_purged_floors":[],"is_endless":false,"potions_floor_spawned":[1,2,4],"killed_by":"Hexaghost","ascension_level":14}