{"gold_per_floor":[110,110,19,31,43,71,71,82,109,121,153,165],"floor_reached":12,"playtime":294,"items_purged":[],"score":80,"play_id":"8d086c8e-2fd8-477b-bf87-17ddbdfc389a","local_time":"20191023175928","is_ascension_mode":false,"campfire_choices":[{"data":"Deep Breath","floor":7,"key":"SMITH"},{"data":"Defend_R","floor":10,"key":"SMITH"}],"neow_cost":"TEN_PERCENT_HP_LOSS","seed_source_timestamp":360144773231500,"circlet_count":0,"master_deck":["Strike_R","Strike_R","Strike_R","Strike_R","Defend_R+1","Defend_R","Defend_R","Bash","Deep Breath+1"],"relics":["Burning Blood","CeramicFish","MawBank"],"potions_floor_usage":[6,6],"damage_taken":[{"damage":0,"enemies":"2 Louse","floor":1,"turns":3},{"damage":4,"enemies":"Cultist","floor":4,"turns":4},{"damage":8,"enemies":"Jaw Worm","floor":5,"turns":3},{"damage":45,"enemies":"Lagavulin","floor":6,"turns":6},{"damage":12,"enemies":"Looter","floor":8,"turns":4},{"damage":28,"enemies":"Large Slime","floor":11,"turns":6},{"damage":14,"enemies":"2 Fungi Beasts","floor":12,"turns":3}],"seed_played":"-2301886527963229273","potions_obtained":[{"floor":1,"key":"Fruit Juice"},{"floor":5,"key":"PowerPotion"}],"is_trial":false,"path_per_floor":["M","?","$","M","M","E","R","M","T","R","M","M"],"character_chosen":"IRONCLAD","items_purchased":["Deep Breath"],"campfire_rested":0,"item_purchase_floors":[3],"current_hp_per_floor":[72,72,72,72,70,36,36,30,30,30,8,0],"gold":165,"neow_bonus":"REMOVE_TWO","is_prod":false,"is_daily":false,"chose_seed":false,"campfire_upgraded":2,"win_rate":0,"timestamp":1571821168,"path_taken":["M","?","$","M","M","E","R","M","T","R","M","?"],"build_version":"2019-10-22","purchased_purges":0,"victory":false,"max_hp_per_floor":[72,72,72,72,72,77,77,77,77,77,77,77],"card_choices":[{"not_picked":["Rampage","Twin Strike","Hemokinesis"],"picked":"SKIP","floor":1},{"not_picked":["Evolve","Heavy Blade","Sword Boomerang"],"picked":"SKIP","floor":4},{"not_picked":["Second Wind","Inflame","Spot Weakness"],"picked":"SKIP","floor":5},{"not_picked":["Iron Wave","Fire Breathing","Impervious"],"picked":"SKIP","floor":6},{"not_picked":["Warcry","Iron Wave","Pommel Strike"],"picked":"SKIP","floor":8},{"not_picked":["Perfected Strike","Ghostly Armor","Warcry"],"picked":"SKIP","floor":11}],"player_experience":757141,"relics_obtained":[{"floor":6,"key":"CeramicFish"},{"floor":9,"key":"MawBank"}],"event_choices":[{"damage_healed":0,"gold_gain":0,"player_choice":"Ignored","damage_taken":0,"max_hp_gain":0,"max_hp_loss":0,"event_name":"NoteForYourself","floor":2,"gold_loss":0}],"is_beta":true,"boss_relics":[],"items_purged_floors":[],"is_endless":false,"potions_floor_spawned":[1,5],"killed_by":"2 Fungi Beasts","ascension_level":0}