{"path_per_floor":["M","M","M","M","M","R","M","R","T","E","R","M","M","$","R","B",null,"M","$","M","M","?","R","E","M","T","$","?","$","E","M","R"],"character_chosen":"IRONCLAD","items_purchased":["Flex","Vajra","True Grit"],"gold_per_floor":[115,128,140,160,174,174,188,188,188,222,222,239,258,183,183,280,280,297,175,192,202,202,202,235,250,250,80,80,80,106,121,121],"floor_reached":33,"campfire_rested":2,"playtime":2212,"current_hp_per_floor":[80,80,80,77,58,58,53,53,53,38,38,38,29,29,53,19,80,61,61,49,36,62,62,49,52,52,52,52,52,18,20,44],"items_purged":["Strike_R","Strike_R"],"gold":121,"score":291,"play_id":"28e9897c-eff8-4097-b662-52d9d56fc439","is_prod":false,"is_daily":false,"is_ascension_mode":false,"campfire_upgraded":4,"path_taken":["M","M","M","M","M","R","M","R","T","E","R","M","M","$","R","BOSS","M","$","M","M","?","R","E","M","T","?","?","$","E","?","R","BOSS"],"build_version":"2018-02-12-PROD1","purchased_purges":2,"victory":false,"master_deck":["Strike_R","Strike_R","Defend_R","Defend_R","Defend_R","Defend_R","Bash+1","Twin Strike","Headbutt+1","Disarm+1","Uppercut+1","Reaper","Cleave+1","Flex+1","Heavy Blade","True Grit+1"],"max_hp_per_floor":[80,80,80,80,80,80,80,80,80,80,80,80,80,80,80,80,80,80,80,80,80,80,80,80,80,80,80,80,80,80,80,80],"relics":["Burning Blood","Bird Faced Urn","Charon\u0027s Ashes","Lantern","Gremlin Horn","Vajra","Nloth\u0027s Gift","War Paint"],"card_choices":[{"not_picked":["Headbutt","Pommel Strike"],"picked":"Twin Strike"},{"not_picked":["Reckless Charge","Combust"],"picked":"Headbutt"},{"not_picked":["Perfected Strike","Metallicize"],"picked":"Disarm"},{"not_picked":["Warcry","Pommel Strike"],"picked":"Uppercut"},{"not_picked":["Barricade","Feed"],"picked":"Reaper"},{"not_picked":["Clothesline","Pommel Strike"],"picked":"Cleave"},{"not_picked":["Clash","Whirlwind"],"picked":"Heavy Blade"}],"player_experience":38218,"potions_floor_usage":[33],"damage_taken":[{"damage":3.0,"enemies":"2 Louse","floor":1.0,"turns":3.0},{"damage":6.0,"enemies":"Jaw Worm","floor":2.0,"turns":4.0},{"damage":0.0,"enemies":"Cultist","floor":3.0,"turns":2.0},{"damage":9.0,"enemies":"3 Louse","floor":4.0,"turns":4.0},{"damage":25.0,"enemies":"Gremlin Gang","floor":5.0,"turns":4.0},{"damage":11.0,"enemies":"Large Slime","floor":7.0,"turns":7.0},{"damage":21.0,"enemies":"Lagavulin","floor":10.0,"turns":5.0},{"damage":6.0,"enemies":"Red Slaver","floor":12.0,"turns":3.0},{"damage":15.0,"enemies":"Exordium Wildlife","floor":13.0,"turns":5.0},{"damage":40.0,"enemies":"The Guardian","floor":16.0,"turns":13.0},{"damage":25.0,"enemies":"Spheric Guardian","floor":18.0,"turns":4.0},{"damage":30.0,"enemies":"2 Thieves","floor":20.0,"turns":4.0},{"damage":25.0,"enemies":"Snake Plant","floor":21.0,"turns":6.0},{"damage":35.0,"enemies":"Gremlin Leader","floor":24.0,"turns":6.0},{"damage":9.0,"enemies":"Snecko","floor":25.0,"turns":4.0},{"damage":68,"enemies":"Slavers","floor":30,"turns":5},{"damage":7,"enemies":"Cultist and Chosen","floor":31,"turns":5},{"damage":69,"enemies":"Automaton","floor":33,"turns":6}],"event_choices":[{"event_name":"The Library","player_choice":"Heal","floor":22.0,"damage_taken":0.0},{"event_name":"N\u0027loth","player_choice":"Traded a Runic Cube","floor":28.0,"damage_taken":0.0}],"boss_relics":[],"potions_floor_spawned":[4,7,12,18,24],"seed_played":"-6442431211924240706","killed_by":"Automaton","ascension_level":0,"is_trial":false}