{"gold_per_floor":[110,35,55,20,20,20,53,53,108,123,154,164,89,89,89,164,164,176,187,199,217,228,228,259,259,259,284,150,150,162,180,180,180],"floor_reached":33,"playtime":1520,"items_purged":["Strike_R"],"score":488,"play_id":"997a2bcf-bfea-49c6-b2f6-db95c9ca273e","local_time":"20191026004811","is_ascension_mode":true,"campfire_choices":[{"data":"Metallicize","floor":6,"key":"SMITH"},{"floor":8,"key":"REST"},{"data":"Uppercut","floor":15,"key":"SMITH"},{"data":"Shockwave","floor":23,"key":"SMITH"},{"data":"Whirlwind","floor":25,"key":"SMITH"},{"data":"Metallicize","floor":29,"key":"SMITH"},{"data":"Shrug It Off","floor":32,"key":"SMITH"}],"neow_cost":"NONE","seed_source_timestamp":110694723039500,"circlet_count":0,"master_deck":["AscendersBane","Strike_R+1","Strike_R","Strike_R","Strike_R","Defend_R","Defend_R","Defend_R","Defend_R","Bash+1","Metallicize+1","Metallicize+1","Power Through","Whirlwind+1","Battle Trance","Uppercut+1","Shrug It Off+1","Shockwave+1","Shrug It Off","True Grit"],"relics":["Black Blood","Bag of Preparation","Centennial Puzzle","Happy Flower","Incense Burner","StrikeDummy","MawBank","ClockworkSouvenir"],"potions_floor_usage":[19,24,24,33],"damage_taken":[{"damage":9,"enemies":"2 Louse","floor":1,"turns":3},{"damage":3,"enemies":"Jaw Worm","floor":3,"turns":5},{"damage":42,"enemies":"Lagavulin","floor":7,"turns":9},{"damage":0,"enemies":"Small Slimes","floor":10,"turns":3},{"damage":18,"enemies":"Gremlin Nob","floor":11,"turns":5},{"damage":2,"enemies":"Red Slaver","floor":12,"turns":3},{"damage":21,"enemies":"The Guardian","floor":16,"turns":16},{"damage":16,"enemies":"Spheric Guardian","floor":18,"turns":8},{"damage":0,"enemies":"Chosen","floor":19,"turns":5},{"damage":7,"enemies":"Centurion and Healer","floor":20,"turns":9},{"damage":9,"enemies":"Snecko","floor":21,"turns":5},{"damage":11,"enemies":"Chosen and Byrds","floor":22,"turns":12},{"damage":41,"enemies":"Slavers","floor":24,"turns":13},{"damage":15,"enemies":"Snake Plant","floor":27,"turns":5},{"damage":0,"enemies":"3 Cultists","floor":30,"turns":4},{"damage":4,"enemies":"Snecko","floor":31,"turns":5},{"damage":74,"enemies":"Collector","floor":33,"turns":9}],"seed_played":"29407020208346563","potions_obtained":[{"floor":1,"key":"Weak Potion"},{"floor":7,"key":"EssenceOfSteel"},{"floor":11,"key":"Regen Potion"},{"floor":16,"key":"DuplicationPotion"},{"floor":19,"key":"Fruit Juice"},{"floor":20,"key":"EntropicBrew"}],"is_trial":false,"path_per_floor":["M","$","M","?","?","R","E","R","T","M","E","M","$","?","R","B",null,"M","M","M","M","M","R","E","R","T","M","$","R","M","M","R","B"],"character_chosen":"IRONCLAD","items_purchased":["Metallicize","ClockworkSouvenir"],"campfire_rested":1,"item_purchase_floors":[2,28],"current_hp_per_floor":[65,65,68,75,52,52,16,38,38,44,32,36,36,61,61,46,68,64,80,80,80,80,80,51,51,51,48,48,48,60,68,68,0],"gold":180,"neow_bonus":"RANDOM_COMMON_RELIC","is_prod":false,"is_daily":false,"chose_seed":false,"campfire_upgraded":6,"win_rate":0,"timestamp":1572043691,"path_taken":["M","$","M","?","?","R","E","R","T","M","E","M","$","?","R","BOSS","M","M","M","M","M","R","E","R","T","M","$","R","M","M","R","BOSS"],"build_version":"2019-10-25-V3","purchased_purges":1,"victory":false,"max_hp_per_floor":[75,75,75,75,75,75,75,75,75,75,75,75,75,75,75,75,75,75,80,80,80,80,80,80,80,80,80,80,80,80,80,80,80],"card_choices":[{"not_picked":["Sword Boomerang","Blood for Blood"],"picked":"Metallicize","floor":1},{"not_picked":["Searing Blow","Sword Boomerang","Inflame"],"picked":"SKIP","floor":3},{"not_picked":["Body Slam","Rage"],"picked":"Power Through","floor":7},{"not_picked":["Shrug It Off","Thunderclap"],"picked":"Whirlwind","floor":10},{"not_picked":["Entrench","Burning Pact"],"picked":"Battle Trance","floor":11},{"not_picked":["Heavy Blade","Shrug It Off"],"picked":"Uppercut","floor":12},{"not_picked":["Feel No Pain","Dropkick","Armaments"],"picked":"SKIP","floor":18},{"not_picked":["Cleave","Clothesline","Heavy Blade"],"picked":"SKIP","floor":19},{"not_picked":["Headbutt","Heavy Blade"],"picked":"Shrug It Off","floor":20},{"not_picked":["Inflame","Cleave","Body Slam"],"picked":"SKIP","floor":21},{"not_picked":["Anger","Sever Soul"],"picked":"Shockwave","floor":22},{"not_picked":["Twin Strike","Seeing Red"],"picked":"Shrug It Off","floor":24},{"not_picked":["Anger","Warcry","Intimidate"],"picked":"SKIP","floor":27},{"not_picked":["Twin Strike","Exhume","Dropkick"],"picked":"SKIP","floor":30},{"not_picked":["Entrench","Iron Wave"],"picked":"True Grit","floor":31}],"player_experience":529268,"relics_obtained":[{"floor":7,"key":"Centennial Puzzle"},{"floor":9,"key":"Happy Flower"},{"floor":11,"key":"Incense Burner"},{"floor":24,"key":"StrikeDummy"},{"floor":26,"key":"MawBank"}],"event_choices":[{"damage_healed":18,"gold_gain":0,"player_choice":"Healed","damage_taken":0,"max_hp_gain":0,"max_hp_loss":0,"event_name":"The Cleric","floor":4,"gold_loss":35},{"damage_healed":0,"gold_gain":0,"player_choice":"Entered Light","damage_taken":23,"max_hp_gain":0,"max_hp_loss":0,"event_name":"Shining Light","floor":5,"gold_loss":0,"cards_upgraded":["Bash","Strike_R"]},{"damage_healed":25,"gold_gain":0,"player_choice":"Banana","damage_taken":0,"max_hp_gain":0,"max_hp_loss":0,"event_name":"Big Fish","floor":14,"gold_loss":0}],"is_beta":true,"boss_relics":[{"not_picked":["Calling Bell","SacredBark"],"picked":"Black Blood"}],"items_purged_floors":[13],"is_endless":false,"potions_floor_spawned":[1,7,11,16,18,19,20,24,31],"killed_by":"Collector","ascension_level":15}