{"gold_per_floor":[112,112,125,139,152,184,184,184,184,184,198,208,220,237,237,311,311,331,345,362,379,141,141,155,155,155,181,181,80,96,106,106,184,184,195,195,213,231,131,131,131,131,157,169,181,206,37,53,53,53,53],"floor_reached":52,"playtime":6204,"items_purged":["Strike_B","Parasite","Dualcast"],"score":1835,"play_id":"7dcb02dc-38b7-4f15-bb78-cc8aae68e86e","local_time":"20191009091018","is_ascension_mode":true,"campfire_choices":[{"data":"Self Repair","floor":8.0,"key":"SMITH"},{"floor":10.0,"key":"REST"},{"data":"Hologram","floor":15.0,"key":"SMITH"},{"data":"Loop","floor":23.0,"key":"SMITH"},{"data":"Go for the Eyes","floor":25.0,"key":"SMITH"},{"data":"Machine Learning","floor":28.0,"key":"SMITH"},{"data":"Conserve Battery","floor":32.0,"key":"SMITH"},{"data":"Seek","floor":40.0,"key":"SMITH"},{"data":"Reinforced Body","floor":42.0,"key":"SMITH"},{"data":"Redo","floor":44.0,"key":"SMITH"},{"data":"Leap","floor":49.0,"key":"SMITH"}],"neow_cost":"NONE","seed_source_timestamp":343011697414200,"circlet_count":0,"master_deck":["AscendersBane","Defend_B","Defend_B","Defend_B","Defend_B","Zap","Darkness+1","Doom and Gloom+1","White Noise+1","Redo+1","Rebound","Self Repair+1","Leap+1","Go for the Eyes+1","Hologram+1","Machine Learning+1","Loop+1","Leap","Impatience","Conserve Battery+1","BootSequence","Multi-Cast+1","Self Repair+1","Reinforced Body+1","Seek+1","Madness","Madness"],"special_seed":0,"relics":["Astrolabe","Anchor","Prayer Wheel","Mummified Hand","Bottled Lightning","Coffee Dripper","Bag of Preparation","Pear","Mango","Black Star","MawBank"],"potions_floor_usage":[50],"damage_taken":[{"damage":5.0,"enemies":"Small Slimes","floor":1.0,"turns":4.0},{"damage":0.0,"enemies":"2 Louse","floor":3.0,"turns":2.0},{"damage":1.0,"enemies":"Cultist","floor":4.0,"turns":3.0},{"damage":21.0,"enemies":"Exordium Wildlife","floor":5.0,"turns":4.0},{"damage":9.0,"enemies":"Gremlin Nob","floor":6.0,"turns":3.0},{"damage":0.0,"enemies":"Lots of Slimes","floor":11.0,"turns":1.0},{"damage":6.0,"enemies":"3 Louse","floor":12.0,"turns":3.0},{"damage":0.0,"enemies":"Looter","floor":13.0,"turns":2.0},{"damage":3.0,"enemies":"Large Slime","floor":14.0,"turns":3.0},{"damage":0.0,"enemies":"Slime Boss","floor":16.0,"turns":6.0},{"damage":2.0,"enemies":"Chosen","floor":18.0,"turns":4.0},{"damage":8.0,"enemies":"2 Thieves","floor":19.0,"turns":3.0},{"damage":25.0,"enemies":"Chosen and Byrds","floor":20.0,"turns":6.0},{"damage":13.0,"enemies":"Centurion and Healer","floor":21.0,"turns":4.0},{"damage":10.0,"enemies":"Snecko","floor":24.0,"turns":3.0},{"damage":17.0,"enemies":"Book of Stabbing","floor":27.0,"turns":4.0},{"damage":0.0,"enemies":"Snake Plant","floor":30.0,"turns":3.0},{"damage":12.0,"enemies":"Cultist and Chosen","floor":31.0,"turns":4.0},{"damage":34.0,"enemies":"Collector","floor":33.0,"turns":7.0},{"damage":11.0,"enemies":"3 Darklings","floor":35.0,"turns":3.0},{"damage":7.0,"enemies":"Orb Walker","floor":37.0,"turns":4.0},{"damage":4.0,"enemies":"Writhing Mass","floor":38.0,"turns":5.0},{"damage":17.0,"enemies":"Spire Growth","floor":46.0,"turns":3.0},{"damage":28.0,"enemies":"Maw","floor":48.0,"turns":6.0},{"damage":49,"enemies":"Awakened One","floor":50,"turns":15},{"damage":13,"enemies":"Time Eater","floor":51,"turns":5}],"seed_played":"-2299081200757947325","potions_obtained":[{"floor":1.0,"key":"Poison Potion"},{"floor":3.0,"key":"GamblersBrew"},{"floor":11.0,"key":"Strength Potion"},{"floor":13.0,"key":"Energy Potion"},{"floor":20.0,"key":"Poison Potion"},{"floor":30.0,"key":"EssenceOfSteel"}],"is_trial":false,"path_per_floor":["M","?","M","M","M","E","?","R","T","R","M","M","M","M","R","B",null,"M","M","M","M","$","R","M","R","T","E","R","$","M","M","R","B",null,"M","?","M","M","$","R","?","R","T","R","?","M","$","M","R","B","B",null],"character_chosen":"DEFECT","items_purchased":["Bag of Preparation","Impatience","Explosive Potion"],"campfire_rested":1,"item_purchase_floors":[22,29,47],"current_hp_per_floor":[59,41,41,40,26,24,24,24,24,45,45,49,59,56,56,66,70,71,71,56,53,53,53,43,43,53,60,60,60,70,58,58,34,80,79,79,82,95,92,92,75,75,75,75,75,78,78,70,70,31,18],"gold":53,"neow_bonus":"BOSS_RELIC","is_prod":false,"is_daily":false,"chose_seed":false,"campfire_upgraded":10,"win_rate":0,"timestamp":1570579818,"path_taken":["M","?","M","M","M","E","?","R","T","R","M","M","M","?","R","BOSS","M","M","M","M","$","R","M","R","T","E","R","$","M","M","R","BOSS","M","?","?","M","$","R","?","R","T","R","?","M","$","M","R","BOSS","BOSS"],"build_version":"2019-07-17","purchased_purges":3,"victory":true,"max_hp_per_floor":[71,71,71,71,71,71,71,71,71,71,71,71,71,71,71,71,71,71,71,71,71,71,71,71,71,81,95,95,95,95,95,95,95,95,95,95,95,95,92,92,92,92,92,92,92,92,92,92,92,92,92],"card_choices":[{"not_picked":["Auto Shields","Turbo"],"picked":"Redo","floor":1.0},{"not_picked":["Beam Cell","Turbo"],"picked":"Rebound","floor":3.0},{"not_picked":["Tempest","Reboot"],"picked":"Self Repair","floor":4.0},{"not_picked":["Skim","Defragment","Beam Cell"],"picked":"SKIP","floor":5.0},{"not_picked":["Redo","Sweeping Beam"],"picked":"Leap","floor":6.0},{"not_picked":["Gash","Cold Snap"],"picked":"Go for the Eyes","floor":11.0},{"not_picked":["Capacitor","Defragment","Leap"],"picked":"SKIP","floor":11.0},{"not_picked":["White Noise","Steam","BootSequence"],"picked":"SKIP","floor":12.0},{"not_picked":["Redo","Storm","White Noise"],"picked":"SKIP","floor":12.0},{"not_picked":["Streamline","Storm"],"picked":"Hologram","floor":13.0},{"not_picked":["FTL","Barrage","Stack"],"picked":"SKIP","floor":13.0},{"not_picked":["Auto Shields","Chaos","Ball Lightning"],"picked":"SKIP","floor":14.0},{"not_picked":["Beam Cell","Doom and Gloom","Biased Cognition"],"picked":"SKIP","floor":14.0},{"not_picked":["Electrodynamics","Thunder Strike"],"picked":"Machine Learning","floor":16.0},{"not_picked":["Turbo","Rebound","Heatsinks"],"picked":"SKIP","floor":18.0},{"not_picked":["Streamline","Coolheaded","Compile Driver"],"picked":"SKIP","floor":18.0},{"not_picked":["Compile Driver","Chill"],"picked":"Loop","floor":19.0},{"not_picked":["Defragment","Leap","Lockon"],"picked":"SKIP","floor":19.0},{"not_picked":["Hologram","Barrage","Cold Snap"],"picked":"SKIP","floor":20.0},{"not_picked":["Chaos","Gash","Hologram"],"picked":"SKIP","floor":20.0},{"not_picked":["FTL+1","Rebound"],"picked":"Leap","floor":21.0},{"not_picked":["Electrodynamics","Leap","Gash"],"picked":"SKIP","floor":21.0},{"not_picked":["Chaos","Streamline","Undo"],"picked":"SKIP","floor":24.0},{"not_picked":["Turbo","Skim","Chill"],"picked":"SKIP","floor":24.0},{"not_picked":["Rebound","Heatsinks","Biased Cognition"],"picked":"SKIP","floor":27.0},{"not_picked":["White Noise","Reprogram"],"picked":"Conserve Battery","floor":30.0},{"not_picked":["Consume","Scrape","Heatsinks"],"picked":"SKIP","floor":30.0},{"not_picked":["Compile Driver","White Noise"],"picked":"BootSequence","floor":31.0},{"not_picked":["Steam","Sweeping Beam","Coolheaded"],"picked":"SKIP","floor":31.0},{"not_picked":["Seek","Meteor Strike"],"picked":"Multi-Cast","floor":33.0},{"not_picked":["Stack","Go for the Eyes","Compile Driver"],"picked":"SKIP","floor":35.0},{"not_picked":["Recycle","Skim","Sweeping Beam"],"picked":"SKIP","floor":35.0},{"not_picked":["Barrage","Heatsinks"],"picked":"Self Repair+1","floor":37.0},{"not_picked":["Cold Snap+1","Stack"],"picked":"Reinforced Body","floor":37.0},{"not_picked":["Darkness+1","Rebound"],"picked":"Seek","floor":38.0},{"not_picked":["Ball Lightning+1","Redo","Reprogram"],"picked":"SKIP","floor":38.0},{"not_picked":["Reinforced Body","Go for the Eyes","Barrage"],"picked":"SKIP","floor":46.0},{"not_picked":["Darkness","Steam","Undo+1"],"picked":"SKIP","floor":46.0},{"not_picked":["Auto Shields","Beam Cell","Sweeping Beam"],"picked":"SKIP","floor":48.0},{"not_picked":["Leap","Stack","Double Energy"],"picked":"SKIP","floor":48.0}],"player_experience":601546,"relics_obtained":[{"floor":6.0,"key":"Prayer Wheel"},{"floor":9.0,"key":"Bottled Lightning"},{"floor":26.0,"key":"Pear"},{"floor":27.0,"key":"Mango"},{"floor":43.0,"key":"MawBank"}],"event_choices":[{"damage_healed":0.0,"max_hp_gain":0.0,"max_hp_loss":0.0,"gold_gain":0.0,"event_name":"Scrap Ooze","player_choice":"Success","floor":2.0,"gold_loss":0.0,"damage_taken":18.0,"relics_obtained":["Anchor"]},{"damage_healed":0.0,"max_hp_gain":0.0,"max_hp_loss":0.0,"gold_gain":0.0,"event_name":"WeMeetAgain","player_choice":"Gave Potion","floor":7.0,"gold_loss":0.0,"damage_taken":0.0,"relics_obtained":["Mummified Hand"]},{"damage_healed":0.0,"max_hp_gain":0.0,"max_hp_loss":0.0,"gold_gain":0.0,"event_name":"Upgrade Shrine","player_choice":"Upgraded","floor":36.0,"gold_loss":0.0,"damage_taken":0.0,"cards_upgraded":["Multi-Cast"]},{"damage_healed":0.0,"max_hp_gain":0.0,"max_hp_loss":0.0,"gold_gain":0.0,"event_name":"Winding Halls","player_choice":"Embrace Madness","floor":41.0,"gold_loss":0.0,"damage_taken":17.0,"cards_obtained":["Madness","Madness"]},{"damage_healed":0.0,"max_hp_gain":0.0,"max_hp_loss":0.0,"gold_gain":0.0,"event_name":"Tomb of Lord Red Mask","player_choice":"Ignored","floor":45.0,"gold_loss":0.0,"damage_taken":0.0}],"is_beta":false,"boss_relics":[{"not_picked":["Philosopher\u0027s Stone","Eternal Feather"],"picked":"Coffee Dripper"},{"not_picked":["Snecko Eye","Runic Dome"],"picked":"Black Star"}],"items_purged_floors":[22,39,47],"is_endless":false,"potions_floor_spawned":[1,3,11,13,16,18,20,30,33,48],"ascension_level":20}