{"gold_per_floor":[114,128,148,148,160,187,198,198,225,225,236,246,346,346],"floor_reached":14,"playtime":824,"items_purged":[],"score":132,"play_id":"271ee2ce-2658-46bd-a64c-93030e979505","local_time":"20191017220039","is_ascension_mode":true,"campfire_choices":[{"data":"Study","floor":8.0,"key":"SMITH"},{"data":"Prostrate","floor":10.0,"key":"SMITH"}],"neow_cost":"NONE","seed_source_timestamp":2944225427633500,"circlet_count":0,"master_deck":["Strike_P","Strike_P","Strike_P","Strike_P","Defend_P","Defend_P","Defend_P","Defend_P","Eruption","Vigilance+1","Prostrate+1","SashWhip","Prostrate+1","Sanctity","CarveReality","Study+1","FollowUp"],"special_seed":0,"relics":["PureWater","Orichalcum","Oddly Smooth Stone"],"potions_floor_usage":[],"damage_taken":[{"damage":0.0,"enemies":"Jaw Worm","floor":1.0,"turns":2.0},{"damage":0.0,"enemies":"Small Slimes","floor":2.0,"turns":3.0},{"damage":0.0,"enemies":"Cultist","floor":3.0,"turns":3.0},{"damage":11.0,"enemies":"Exordium Wildlife","floor":5.0,"turns":6.0},{"damage":24.0,"enemies":"Lagavulin","floor":6.0,"turns":6.0},{"damage":0.0,"enemies":"Blue Slaver","floor":7.0,"turns":4.0},{"damage":8.0,"enemies":"Large Slime","floor":11.0,"turns":4.0},{"damage":5,"enemies":"2 Fungi Beasts","floor":12,"turns":4},{"damage":11,"enemies":"Exordium Thugs","floor":14,"turns":3}],"seed_played":"4139070074873000813","potions_obtained":[{"floor":5.0,"key":"Energy Potion"},{"floor":6.0,"key":"Explosive Potion"}],"is_trial":false,"path_per_floor":["M","M","M","?","M","E","M","R","T","R","M","M","?","M"],"character_chosen":"WATCHER","items_purchased":[],"campfire_rested":0,"item_purchase_floors":[],"current_hp_per_floor":[72,72,72,56,45,21,21,21,21,21,13,8,8,0],"gold":346,"neow_bonus":"TEN_PERCENT_HP_BONUS","is_prod":false,"is_daily":false,"chose_seed":false,"campfire_upgraded":2,"win_rate":0,"timestamp":1571342439,"path_taken":["M","M","M","?","M","E","M","R","T","R","M","M","?","?"],"build_version":"2019-10-17","purchased_purges":0,"victory":false,"max_hp_per_floor":[79,79,79,79,79,79,79,79,79,79,79,79,79,79],"card_choices":[{"not_picked":["EmptyFist","CrushJoints"],"picked":"Prostrate","floor":1.0},{"not_picked":["TalkToTheHand","Sanctity"],"picked":"SashWhip","floor":2.0},{"not_picked":["Collect","WreathOfFlame"],"picked":"Prostrate","floor":3.0},{"not_picked":["Protect","Consecrate"],"picked":"Sanctity","floor":5.0},{"not_picked":["Pray","SignatureMove"],"picked":"CarveReality","floor":6.0},{"not_picked":["DeceiveReality","Fasting2"],"picked":"Study","floor":7.0},{"not_picked":["ReachHeaven","Crescendo"],"picked":"FollowUp","floor":11.0},{"not_picked":["ReachHeaven","EmptyBody","Worship"],"picked":"SKIP","floor":12}],"player_experience":488042,"relics_obtained":[{"floor":6.0,"key":"Orichalcum"},{"floor":9.0,"key":"Oddly Smooth Stone"}],"event_choices":[{"damage_healed":0.0,"max_hp_gain":0.0,"max_hp_loss":0.0,"gold_gain":0.0,"event_name":"Shining Light","player_choice":"Entered Light","floor":4.0,"gold_loss":0.0,"damage_taken":16.0,"cards_upgraded":["Vigilance","Prostrate"]},{"damage_healed":0,"gold_gain":100,"player_choice":"Gold","damage_taken":0,"max_hp_gain":0,"max_hp_loss":0,"event_name":"Wheel of Change","floor":13,"gold_loss":0}],"is_beta":true,"boss_relics":[],"items_purged_floors":[],"is_endless":false,"potions_floor_spawned":[5,6],"killed_by":"Exordium Thugs","ascension_level":8}