{"gold_per_floor":[112,128,145,162,177,177,206,55,55,81,81,112,112,112,112,217,217,228,153,163,174,193,193,212,12,35,65,65,0,15,26,26,129,129,143,160,171,183,201,201,211,211,236,0,19,53,66,66,66,66],"floor_reached":50,"playtime":3720,"items_purged":["Strike_P"],"score":993,"play_id":"5af9a2c2-2a56-490c-9858-2948da83dfa8","local_time":"20191021192045","is_ascension_mode":true,"campfire_choices":[{"data":"Swivel","floor":6.0,"key":"SMITH"},{"floor":15.0,"key":"REST"},{"floor":23.0,"key":"REST"},{"data":"Devotion","floor":28.0,"key":"SMITH"},{"floor":32.0,"key":"REST"},{"floor":40,"key":"REST"},{"floor":42,"key":"REST"},{"floor":49,"key":"REST"}],"neow_cost":"NONE","seed_source_timestamp":3277179374252300,"circlet_count":0,"master_deck":["AscendersBane","Strike_P","Strike_P","Defend_P","Defend_P+1","Defend_P","Defend_P","Eruption","Vigilance+1","CarveReality+1","Wallop+1","Consecrate","Swivel+1","WheelKick+1","Devotion+1","Protect+1","Protect+1","Prostrate+1","DeusExMachina+1","Prostrate+1","Ragnarok","Prostrate+1","Prostrate+1","Devotion"],"special_seed":0,"relics":["PureWater","Bag of Preparation","Kunai","Whetstone","Toxic Egg 2","Omamori","Ginger","Calling Bell","Bag of Marbles","Gremlin Horn","Prayer Wheel","War Paint","Lantern","Ice Cream","SlaversCollar","Blood Vial","Red Mask","Art of War"],"potions_floor_usage":[33,37,39,50],"damage_taken":[{"damage":0.0,"enemies":"Small Slimes","floor":1.0,"turns":2.0},{"damage":0.0,"enemies":"Jaw Worm","floor":2.0,"turns":4.0},{"damage":0.0,"enemies":"2 Louse","floor":3.0,"turns":3.0},{"damage":10.0,"enemies":"Exordium Thugs","floor":4.0,"turns":3.0},{"damage":0.0,"enemies":"3 Louse","floor":5.0,"turns":2.0},{"damage":32.0,"enemies":"Gremlin Nob","floor":7.0,"turns":4.0},{"damage":5.0,"enemies":"Lagavulin","floor":10.0,"turns":5.0},{"damage":0.0,"enemies":"Gremlin Nob","floor":12.0,"turns":2.0},{"damage":0.0,"enemies":"Slime Boss","floor":16.0,"turns":5.0},{"damage":0.0,"enemies":"Chosen","floor":18.0,"turns":5.0},{"damage":6.0,"enemies":"Shell Parasite","floor":20.0,"turns":7.0},{"damage":27.0,"enemies":"Snake Plant","floor":21.0,"turns":6.0},{"damage":23.0,"enemies":"Cultist and Chosen","floor":22.0,"turns":8.0},{"damage":0.0,"enemies":"3 Cultists","floor":24.0,"turns":2.0},{"damage":0.0,"enemies":"Gremlin Leader","floor":27.0,"turns":3.0},{"damage":0.0,"enemies":"Centurion and Healer","floor":30.0,"turns":3.0},{"damage":0.0,"enemies":"Shelled Parasite and Fungi","floor":31.0,"turns":4.0},{"damage":26,"enemies":"Automaton","floor":33,"turns":9},{"damage":31,"enemies":"3 Darklings","floor":35,"turns":6},{"damage":2,"enemies":"Orb Walker","floor":36,"turns":5},{"damage":56,"enemies":"Transient","floor":37,"turns":5},{"damage":12,"enemies":"3 Darklings","floor":38,"turns":6},{"damage":3,"enemies":"Jaw Worm Horde","floor":39,"turns":4},{"damage":0,"enemies":"4 Shapes","floor":41,"turns":3},{"damage":9,"enemies":"Sphere and 2 Shapes","floor":45,"turns":4},{"damage":0,"enemies":"Nemesis","floor":46,"turns":7},{"damage":12,"enemies":"Writhing Mass","floor":47,"turns":6},{"damage":73,"enemies":"Time Eater","floor":50,"turns":10}],"seed_played":"-1013560770961283271","potions_obtained":[{"floor":3.0,"key":"StancePotion"},{"floor":5.0,"key":"SneckoOil"},{"floor":7.0,"key":"Block Potion"},{"floor":10.0,"key":"PowerPotion"},{"floor":16.0,"key":"SkillPotion"},{"floor":18.0,"key":"Regen Potion"},{"floor":30.0,"key":"FearPotion"},{"floor":31.0,"key":"FairyPotion"},{"floor":35,"key":"DistilledChaos"},{"floor":38,"key":"BottledMiracle"},{"floor":39,"key":"Dexterity Potion"},{"floor":45,"key":"Energy Potion"}],"is_trial":false,"path_per_floor":["M","M","M","M","M","R","E","$","T","E","?","E","?","?","R","B",null,"M","$","M","M","M","R","M","$","T","E","R","?","M","M","R","B",null,"M","M","M","M","M","R","M","R","T","?","M","E","M","?","R","B"],"character_chosen":"WATCHER","items_purchased":["Whetstone","War Paint","Prostrate+1"],"campfire_rested":6,"item_purchase_floors":[8,25,25],"current_hp_per_floor":[65,65,65,55,55,55,23,23,23,18,18,18,11,11,32,32,62,62,62,56,29,21,42,42,42,42,42,42,42,42,42,63,37,63,32,30,21,9,6,27,27,48,48,48,41,43,33,33,54,0],"gold":66,"neow_bonus":"RANDOM_COMMON_RELIC","is_prod":false,"is_daily":false,"chose_seed":false,"campfire_upgraded":2,"win_rate":0,"timestamp":1571678445,"path_taken":["M","M","M","M","M","R","E","$","T","E","?","E","?","?","R","BOSS","M","$","M","M","M","R","M","$","T","E","R","?","M","M","R","BOSS","M","M","M","M","M","R","M","R","T","?","M","E","M","?","R","BOSS"],"build_version":"2019-10-18","purchased_purges":1,"victory":false,"max_hp_per_floor":[72,72,72,72,72,72,72,72,72,72,72,72,72,72,72,72,72,72,72,72,72,72,72,72,72,72,72,72,72,72,72,72,72,72,72,72,72,72,72,72,72,72,72,72,72,72,72,72,72,72],"card_choices":[{"not_picked":["EmptyBody","Collect"],"picked":"CarveReality","floor":1.0},{"not_picked":["Fasting2","PathToVictory"],"picked":"Wallop","floor":2.0},{"not_picked":["Nirvana","PathToVictory"],"picked":"Consecrate","floor":3.0},{"not_picked":["TalkToTheHand","MentalFortress"],"picked":"Swivel","floor":4.0},{"not_picked":["Adaptation","MentalFortress"],"picked":"WheelKick","floor":5.0},{"not_picked":["Nirvana","ThirdEye","SashWhip"],"picked":"SKIP","floor":7.0},{"not_picked":["Consecrate","Prostrate+1","Crescendo+1"],"picked":"SKIP","floor":10.0},{"not_picked":["InnerPeace+1","TalkToTheHand","BowlingBash"],"picked":"SKIP","floor":12.0},{"not_picked":["Ragnarok","Brilliance+1"],"picked":"Devotion","floor":16.0},{"not_picked":["EmptyFist","WreathOfFlame+1"],"picked":"Protect+1","floor":18.0},{"not_picked":["Sanctity+1","Conclude","EmptyBody+1"],"picked":"SKIP","floor":18.0},{"not_picked":["EmptyFist+1","FollowUp+1"],"picked":"Protect+1","floor":20.0},{"not_picked":["InnerPeace+1","Sanctity+1","EmptyBody+1"],"picked":"SKIP","floor":20.0},{"not_picked":["Tantrum","SpiritShield+1","Meditate+1"],"picked":"SKIP","floor":21.0},{"not_picked":["Wireheading","Indignation+1","PathToVictory+1"],"picked":"SKIP","floor":21.0},{"not_picked":["ReachHeaven","ClearTheMind+1","CarveReality"],"picked":"SKIP","floor":22.0},{"not_picked":["CrushJoints","ConjureBlade+1","FlyingSleeves"],"picked":"SKIP","floor":22.0},{"not_picked":["Consecrate+1","CarveReality","Halt+1"],"picked":"SKIP","floor":24.0},{"not_picked":["Study","EmptyBody+1","Scrawl+1"],"picked":"SKIP","floor":24.0},{"not_picked":["SashWhip","MentalFortress","ForeignInfluence+1"],"picked":"SKIP","floor":27.0},{"not_picked":["WheelKick+1","Evaluate+1","Meditate+1"],"picked":"SKIP","floor":30.0},{"not_picked":["CarveReality","WindmillStrike","Nirvana+1"],"picked":"SKIP","floor":30.0},{"not_picked":["PathToVictory+1","Adaptation","FearNoEvil"],"picked":"SKIP","floor":31.0},{"not_picked":["JustLucky+1","Wireheading+1","Nirvana"],"picked":"SKIP","floor":31.0},{"not_picked":["MasterReality","Wish+1"],"picked":"DeusExMachina+1","floor":33},{"not_picked":["ClearTheMind+1","ThirdEye+1"],"picked":"Prostrate+1","floor":35},{"not_picked":["Protect+1","ThirdEye+1","FlyingSleeves+1"],"picked":"SKIP","floor":35},{"not_picked":["BowlingBash+1","Vengeance+1"],"picked":"Ragnarok","floor":36},{"not_picked":["CarveReality+1","ClearTheMind+1","ThirdEye+1"],"picked":"SKIP","floor":36},{"not_picked":["FlyingSleeves+1","EmptyFist","PathToVictory+1"],"picked":"SKIP","floor":37},{"not_picked":["CarveReality","SashWhip+1","FollowUp"],"picked":"SKIP","floor":37},{"not_picked":["JustLucky","Wireheading+1"],"picked":"Prostrate+1","floor":38},{"not_picked":["CarveReality+1","Fasting2","Crescendo+1"],"picked":"SKIP","floor":38},{"not_picked":["EmptyBody+1","Sanctity+1"],"picked":"Prostrate+1","floor":39},{"not_picked":["ThirdEye+1","Protect+1","EmptyFist"],"picked":"SKIP","floor":39},{"not_picked":["Nirvana+1","Scrawl+1","Prostrate+1"],"picked":"SKIP","floor":41},{"not_picked":["ClearTheMind+1","EmptyFist","Halt+1"],"picked":"SKIP","floor":41},{"not_picked":["CrushJoints+1","WindmillStrike"],"picked":"Devotion","floor":45},{"not_picked":["CutThroughFate+1","FollowUp","Crescendo+1"],"picked":"SKIP","floor":45},{"not_picked":["Perseverance+1","Evaluate+1","MentalFortress"],"picked":"SKIP","floor":46},{"not_picked":["LikeWater+1","FlurryOfBlows+1","Protect+1"],"picked":"SKIP","floor":47},{"not_picked":["FollowUp+1","Protect+1","CutThroughFate+1"],"picked":"SKIP","floor":47}],"player_experience":494614,"relics_obtained":[{"floor":7.0,"key":"Kunai"},{"floor":9.0,"key":"Toxic Egg 2"},{"floor":10.0,"key":"Omamori"},{"floor":12.0,"key":"Ginger"},{"floor":17.0,"key":"Bag of Marbles"},{"floor":17.0,"key":"Gremlin Horn"},{"floor":17.0,"key":"Prayer Wheel"},{"floor":26.0,"key":"Lantern"},{"floor":27.0,"key":"Ice Cream"},{"floor":43,"key":"Blood Vial"},{"floor":46,"key":"Art of War"}],"event_choices":[{"damage_healed":0.0,"max_hp_gain":0.0,"max_hp_loss":0.0,"gold_gain":0.0,"event_name":"Living Wall","player_choice":"Grow","floor":11.0,"gold_loss":0.0,"damage_taken":0.0,"cards_upgraded":["WheelKick"]},{"cards_removed":["Strike_P"],"damage_healed":0.0,"max_hp_gain":0.0,"max_hp_loss":0.0,"gold_gain":0.0,"event_name":"Golden Wing","player_choice":"Card Removal","floor":13.0,"gold_loss":0.0,"damage_taken":7.0},{"damage_healed":0.0,"max_hp_gain":0.0,"max_hp_loss":0.0,"gold_gain":0.0,"event_name":"Dead Adventurer","player_choice":"Searched \u00270\u0027 times","floor":14.0,"gold_loss":0.0,"damage_taken":0.0},{"damage_healed":0.0,"max_hp_gain":0.0,"max_hp_loss":0.0,"gold_gain":0.0,"event_name":"Masked Bandits","player_choice":"Paid Fearfully","floor":29.0,"gold_loss":65.0,"damage_taken":0.0},{"damage_healed":0,"gold_gain":0,"player_choice":"Paid","damage_taken":0,"relics_obtained":["Red Mask"],"max_hp_gain":0,"max_hp_loss":0,"event_name":"Tomb of Lord Red Mask","floor":44,"gold_loss":236},{"damage_healed":0,"gold_gain":0,"player_choice":"Memory 1","damage_taken":0,"max_hp_gain":0,"max_hp_loss":0,"event_name":"SensoryStone","floor":48,"gold_loss":0}],"is_beta":true,"boss_relics":[{"not_picked":["Runic Dome","Black Star"],"picked":"Calling Bell"},{"not_picked":["Sozu","Busted Crown"],"picked":"SlaversCollar"}],"items_purged_floors":[19],"is_endless":false,"potions_floor_spawned":[3,5,7,10,16,18,30,31,35,38,39,45],"killed_by":"Time Eater","ascension_level":10}