{"gold_per_floor":[117,127,127,139,157,183,183,212,212,212],"floor_reached":10,"playtime":270,"items_purged":[],"score":152,"play_id":"3d3d14a0-075a-441c-821b-071e26f2e147","local_time":"20191002004053","is_ascension_mode":true,"campfire_choices":[{"floor":7,"key":"REST"}],"neow_cost":"NONE","seed_source_timestamp":804621689134300,"circlet_count":0,"master_deck":["AscendersBane","Strike_B","Strike_B","Strike_B","Strike_B","Defend_B","Defend_B","Defend_B","Defend_B","Zap","Dualcast","Beam Cell+1","Cold Snap","Auto Shields","Sunder","Cold Snap","Sweeping Beam","Cold Snap"],"relics":["Cracked Core","NeowsBlessing","Dream Catcher","Ginger","Ice Cream"],"potions_floor_usage":[8,10],"damage_taken":[{"damage":0,"enemies":"2 Louse","floor":1,"turns":1},{"damage":0,"enemies":"Small Slimes","floor":2,"turns":1},{"damage":0,"enemies":"Jaw Worm","floor":4,"turns":1},{"damage":30,"enemies":"Large Slime","floor":5,"turns":7},{"damage":30,"enemies":"Lagavulin","floor":6,"turns":8},{"damage":10,"enemies":"3 Sentries","floor":8,"turns":7},{"damage":17,"enemies":"Gremlin Gang","floor":10,"turns":1}],"seed_played":"696210690213054967","potions_obtained":[{"floor":2,"key":"Strength Potion"},{"floor":4,"key":"Weak Potion"}],"is_trial":false,"path_per_floor":["M","M","?","M","M","E","R","E","T","M"],"character_chosen":"DEFECT","items_purchased":[],"campfire_rested":1,"item_purchase_floors":[],"current_hp_per_floor":[64,64,64,64,34,4,25,15,15,0],"gold":212,"neow_bonus":"THREE_ENEMY_KILL","is_prod":false,"is_daily":false,"chose_seed":false,"campfire_upgraded":0,"win_rate":0,"timestamp":1569944453,"path_taken":["M","M","?","M","M","E","R","E","T","M"],"build_version":"2019-07-17","purchased_purges":0,"victory":false,"max_hp_per_floor":[71,71,71,71,71,71,71,71,71,71],"card_choices":[{"not_picked":["Chill","Hello World"],"picked":"Beam Cell","floor":1},{"not_picked":["Redo","Darkness"],"picked":"Cold Snap","floor":2},{"not_picked":["Consume","Steam"],"picked":"Auto Shields","floor":4},{"not_picked":["Core Surge","Coolheaded"],"picked":"Sunder","floor":5},{"not_picked":["Gash","Stack"],"picked":"Cold Snap","floor":6},{"not_picked":["Rebound","Hologram"],"picked":"Sweeping Beam","floor":7},{"not_picked":["Sunder","Gash"],"picked":"Cold Snap","floor":8}],"player_experience":552810,"relics_obtained":[{"floor":6,"key":"Dream Catcher"},{"floor":8,"key":"Ginger"},{"floor":9,"key":"Ice Cream"}],"event_choices":[{"damage_healed":0,"gold_gain":0,"player_choice":"Grow","damage_taken":0,"max_hp_gain":0,"max_hp_loss":0,"event_name":"Living Wall","floor":3,"gold_loss":0,"cards_upgraded":["Beam Cell"]}],"is_beta":false,"boss_relics":[],"items_purged_floors":[],"is_endless":false,"potions_floor_spawned":[2,4],"killed_by":"Gremlin Gang","ascension_level":19}