{"gold_per_floor":[113,113,127,144,144,144,164,192,219,232,232,245,271,271,271,372,372,387,387,312,332,347,382,382,382,382,397,411,431,431,447,447,548,548,563,608,58,70,120,148,163,173,221,96,109,33,33,62,62,62],"floor_reached":51,"playtime":2105,"items_purged":["Strike_R","Strike_R","Strike_R"],"score":731,"play_id":"29913a86-c8d5-469f-952f-2a6358a51a5d","local_time":"20191023144755","is_ascension_mode":false,"campfire_choices":[{"data":"Armaments","floor":6,"key":"SMITH"},{"data":"Clothesline","floor":11,"key":"SMITH"},{"floor":15,"key":"REST"},{"data":"RitualDagger","floor":24,"key":"SMITH"},{"floor":30,"key":"REST"},{"data":"Uppercut","floor":32,"key":"SMITH"},{"floor":49,"key":"REST"}],"neow_cost":"PERCENT_DAMAGE","seed_source_timestamp":346813313137600,"circlet_count":0,"master_deck":["Defend_R","Defend_R","Defend_R","Defend_R","Bash","Armaments+1","Rampage","Headbutt","Clothesline+1","Shrug It Off","Offering","Disarm+1","RitualDagger+1","Uppercut+1","Feed","Feed","Battle Trance+1","Double Tap"],"special_seed":0,"relics":["Black Blood","Boot","MealTicket","Red Skull","Omamori","Necronomicon","StrikeDummy","Sozu","CaptainsWheel","Torii","Dream Catcher","Thread and Needle","Bronze Scales","Happy Flower","Prayer Wheel"],"potions_floor_usage":[23,50],"damage_taken":[{"damage":0.0,"enemies":"2 Louse","floor":1.0,"turns":3.0},{"damage":6.0,"enemies":"Cultist","floor":3.0,"turns":3.0},{"damage":11.0,"enemies":"Jaw Worm","floor":4.0,"turns":3.0},{"damage":10,"enemies":"Large Slime","floor":7,"turns":6},{"damage":26,"enemies":"Lagavulin","floor":8,"turns":5},{"damage":4,"enemies":"2 Fungi Beasts","floor":10,"turns":6},{"damage":7,"enemies":"Exordium Wildlife","floor":12,"turns":5},{"damage":29,"enemies":"Hexaghost","floor":16,"turns":11},{"damage":11,"enemies":"Chosen","floor":18,"turns":4},{"damage":17,"enemies":"3 Byrds","floor":21,"turns":6},{"damage":26,"enemies":"Centurion and Healer","floor":22,"turns":5},{"damage":35,"enemies":"Slavers","floor":23,"turns":6},{"damage":16,"enemies":"Snake Plant","floor":27,"turns":3},{"damage":6,"enemies":"3 Cultists","floor":28,"turns":5},{"damage":10,"enemies":"Centurion and Healer","floor":29,"turns":4},{"damage":6,"enemies":"Snecko","floor":31,"turns":2},{"damage":90,"enemies":"Automaton","floor":33,"turns":8},{"damage":10,"enemies":"3 Darklings","floor":35,"turns":7},{"damage":35,"enemies":"2 Orb Walkers","floor":36,"turns":4},{"damage":6,"enemies":"3 Shapes","floor":38,"turns":3},{"damage":6,"enemies":"Mind Bloom Boss Battle","floor":39,"turns":2},{"damage":20,"enemies":"Giant Head","floor":40,"turns":6},{"damage":0,"enemies":"Transient","floor":41,"turns":5},{"damage":8,"enemies":"Spire Growth","floor":42,"turns":4},{"damage":15,"enemies":"4 Shapes","floor":45,"turns":4},{"damage":47,"enemies":"Reptomancer","floor":48,"turns":5},{"damage":50,"enemies":"Donu and Deca","floor":50,"turns":8}],"seed_played":"-4894533095224682499","potions_obtained":[{"floor":1.0,"key":"Ancient Potion"},{"floor":2.0,"key":"FairyPotion"},{"floor":2.0,"key":"CultistPotion"},{"floor":3.0,"key":"Fire Potion"},{"floor":27,"key":"ElixirPotion"}],"is_trial":false,"path_per_floor":["M","?","M","M","?","R","M","E","T","M","R","M","T","?","R","B",null,"M","?","$","M","M","E","R","?","T","M","M","M","R","M","R","B",null,"M","?","$","M","?","E","M","M","T","$","M","$","?","E","R","B",null],"character_chosen":"IRONCLAD","items_purchased":["Torii","Dream Catcher","Double Tap"],"campfire_rested":3,"item_purchase_floors":[37,37,46],"current_hp_per_floor":[62,62,62,57,57,57,53,33,33,35,35,34,34,34,58,35,80,80,74,80,75,61,38,38,22,22,18,24,26,50,56,56,20,80,80,57,72,81,83,75,83,83,83,83,83,86,86,51,76,42],"gold":62,"neow_bonus":"TRANSFORM_TWO_CARDS","is_prod":false,"is_daily":false,"chose_seed":false,"campfire_upgraded":4,"win_rate":0,"timestamp":1571809675,"path_taken":["M","?","?","M","?","R","?","E","T","M","R","M","?","?","R","BOSS","M","?","$","M","M","E","R","?","T","M","M","M","R","M","R","BOSS","M","?","$","M","?","E","M","M","T","?","?","$","?","E","R","BOSS"],"build_version":"2019-10-22","purchased_purges":3,"victory":true,"max_hp_per_floor":[80,80,80,80,80,80,80,80,80,80,80,80,80,80,80,80,80,80,80,80,80,80,80,80,80,80,80,80,80,80,80,80,80,80,80,80,80,83,83,83,83,83,83,83,86,86,86,86,86,90],"card_choices":[{"not_picked":["Clash","Wild Strike","Flex"],"picked":"SKIP","floor":1.0},{"not_picked":["Dual Wield","Spot Weakness","Combust"],"picked":"SKIP","floor":3.0},{"not_picked":["Burning Pact","Body Slam"],"picked":"Armaments","floor":4.0},{"not_picked":["Thunderclap","Iron Wave"],"picked":"Headbutt","floor":7},{"not_picked":["Second Wind","Thunderclap","Uppercut"],"picked":"SKIP","floor":8},{"not_picked":["Dropkick","Brutality"],"picked":"Clothesline","floor":10},{"not_picked":["Armaments","Pommel Strike","Iron Wave"],"picked":"SKIP","floor":12},{"not_picked":["Double Tap","Berserk"],"picked":"Offering","floor":16},{"not_picked":["Twin Strike+1","Sword Boomerang"],"picked":"Disarm+1","floor":18},{"not_picked":["Clothesline","Iron Wave","Wild Strike+1"],"picked":"SKIP","floor":21},{"not_picked":["Intimidate","Cleave+1","Thunderclap+1"],"picked":"SKIP","floor":22},{"not_picked":["Wild Strike","Impervious","Fire Breathing"],"picked":"SKIP","floor":23},{"not_picked":["Armaments","Sword Boomerang+1","Pommel Strike"],"picked":"SKIP","floor":27},{"not_picked":["Cleave+1","Metallicize","Rupture"],"picked":"SKIP","floor":28},{"not_picked":["Armaments+1","Flex"],"picked":"Uppercut","floor":29},{"not_picked":["Pommel Strike","Perfected Strike","Metallicize"],"picked":"SKIP","floor":31},{"not_picked":["Berserk","Brutality"],"picked":"Feed","floor":33},{"not_picked":["Thunderclap+1","Perfected Strike","Shrug It Off"],"picked":"SKIP","floor":35},{"not_picked":["Sword Boomerang","Cleave","Anger"],"picked":"SKIP","floor":38},{"not_picked":["Dark Embrace+1","Sword Boomerang"],"picked":"Feed","floor":39},{"not_picked":["Warcry+1","Intimidate+1","Flex+1"],"picked":"SKIP","floor":40},{"not_picked":["Pommel Strike","Power Through","Wild Strike+1"],"picked":"SKIP","floor":41},{"not_picked":["Battle Trance+1","Dark Embrace+1","Flame Barrier+1"],"picked":"SKIP","floor":42},{"not_picked":["Shrug It Off","Havoc"],"picked":"Battle Trance+1","floor":45},{"not_picked":["Dual Wield+1","Armaments+1","Uppercut+1"],"picked":"SKIP","floor":48}],"player_experience":745766,"relics_obtained":[{"floor":8,"key":"Boot"},{"floor":9,"key":"MealTicket"},{"floor":13,"key":"Red Skull"},{"floor":23,"key":"Omamori"},{"floor":25,"key":"Necronomicon"},{"floor":26,"key":"StrikeDummy"},{"floor":36,"key":"CaptainsWheel"},{"floor":39,"key":"Thread and Needle"},{"floor":40,"key":"Bronze Scales"},{"floor":43,"key":"Happy Flower"},{"floor":48,"key":"Prayer Wheel"}],"event_choices":[{"damage_healed":0.0,"max_hp_gain":0.0,"max_hp_loss":0.0,"gold_gain":0.0,"event_name":"Lab","player_choice":"Got Potions","floor":2.0,"gold_loss":0.0,"damage_taken":0.0},{"damage_healed":0,"gold_gain":0,"player_choice":"1 cards matched","damage_taken":0,"max_hp_gain":0,"max_hp_loss":0,"event_name":"Match and Keep!","floor":5,"gold_loss":0,"cards_obtained":["Rampage"]},{"damage_healed":0,"gold_gain":0,"cards_transformed":["Limit Break"],"player_choice":"Change","damage_taken":0,"max_hp_gain":0,"max_hp_loss":0,"event_name":"Living Wall","floor":14,"gold_loss":0,"cards_obtained":["Shrug It Off"]},{"damage_healed":0,"gold_gain":0,"player_choice":"Joined the Cult","damage_taken":6,"max_hp_gain":0,"max_hp_loss":0,"event_name":"Nest","floor":19,"gold_loss":0,"cards_obtained":["RitualDagger"]},{"damage_healed":0,"gold_gain":0,"player_choice":"Obtained Book","damage_taken":16,"max_hp_gain":0,"max_hp_loss":0,"event_name":"Cursed Tome","floor":25,"gold_loss":0},{"damage_healed":0,"gold_gain":0,"player_choice":"Fight","damage_taken":0,"max_hp_gain":0,"max_hp_loss":0,"event_name":"Mysterious Sphere","floor":36,"gold_loss":0},{"damage_healed":0,"gold_gain":0,"player_choice":"Fight","damage_taken":0,"max_hp_gain":0,"max_hp_loss":0,"event_name":"MindBloom","floor":39,"gold_loss":0},{"cards_removed":["Double Tap"],"damage_healed":0,"gold_gain":0,"player_choice":"Removed Skill","damage_taken":0,"max_hp_gain":0,"max_hp_loss":0,"event_name":"Falling","floor":47,"gold_loss":0}],"is_beta":true,"boss_relics":[{"not_picked":["SlaversCollar","Runic Cube"],"picked":"Black Blood"},{"not_picked":["Calling Bell","SacredBark"],"picked":"Sozu"}],"items_purged_floors":[20,37,44],"is_endless":false,"potions_floor_spawned":[1,3,8,16,21,27,28,39,40,42,48],"ascension_level":0}