{"gold_per_floor":[16,34,51,51,66,66,82,82],"floor_reached":8,"playtime":391,"items_purged":[],"score":75,"play_id":"50bc9302-619f-4de6-8f28-b38d3c4cfca6","local_time":"20190420110653","is_ascension_mode":true,"campfire_choices":[{"data":"Envenom","floor":6,"key":"SMITH"}],"neow_cost":"NO_GOLD","seed_source_timestamp":836953930710192,"circlet_count":0,"master_deck":["AscendersBane","Defend_G","Defend_G","Defend_G","Defend_G","Defend_G","Strike_G","Strike_G","Strike_G","Strike_G","Survivor","Neutralize","Envenom+1","Cloak And Dagger"],"relics":["Ring of the Snake"],"potions_floor_usage":[7,8],"damage_taken":[{"damage":2,"enemies":"Small Slimes","floor":1,"turns":4},{"damage":2,"enemies":"Cultist","floor":2,"turns":5},{"damage":4,"enemies":"Jaw Worm","floor":3,"turns":7},{"damage":7,"enemies":"3 Louse","floor":5,"turns":5},{"damage":4,"enemies":"2 Fungi Beasts","floor":7,"turns":4},{"damage":42,"enemies":"Gremlin Nob","floor":8,"turns":6}],"seed_played":"3050401343375893129","potions_obtained":[{"floor":2,"key":"Fire Potion"},{"floor":5,"key":"SneckoOil"},{"floor":7,"key":"Dexterity Potion"}],"is_trial":false,"path_per_floor":["M","M","M","?","M","R","M","E"],"character_chosen":"THE_SILENT","items_purchased":[],"campfire_rested":0,"item_purchase_floors":[],"current_hp_per_floor":[61,59,55,55,48,48,44,2],"gold":82,"neow_bonus":"THREE_RARE_CARDS","is_prod":false,"is_daily":false,"chose_seed":false,"campfire_upgraded":1,"win_rate":0,"timestamp":1555751213,"path_taken":["M","M","M","?","?","R","M","E"],"build_version":"2019-01-23","purchased_purges":0,"victory":false,"max_hp_per_floor":[70,70,70,70,70,70,70,70],"card_choices":[{"not_picked":["Tools of the Trade","Doppelganger"],"picked":"Envenom","floor":0},{"not_picked":["PiercingWail","Flying Knee"],"picked":"Cloak And Dagger","floor":1},{"not_picked":["Slice","Setup","Backflip"],"picked":"SKIP","floor":2},{"not_picked":["Deadly Poison","Well Laid Plans","Bane"],"picked":"SKIP","floor":3},{"not_picked":["Crippling Poison","Outmaneuver","Masterful Stab"],"picked":"SKIP","floor":5},{"not_picked":["Backflip","Underhanded Strike","Blade Dance"],"picked":"SKIP","floor":7}],"player_experience":432508,"relics_obtained":[],"event_choices":[{"cards_removed":["Strike_G"],"damage_healed":0,"gold_gain":0,"player_choice":"Card Removal","damage_taken":0,"max_hp_gain":0,"max_hp_loss":0,"event_name":"Wheel of Change","floor":4,"gold_loss":0}],"is_beta":false,"boss_relics":[],"items_purged_floors":[],"is_endless":false,"potions_floor_spawned":[2,5,7],"killed_by":"Gremlin Nob","ascension_level":10}