{"gold_per_floor":[118,134,60,60,60,93,93,119,146,146,146,179,26,101,101,231,231,244,244,265,7,26,26,26,46,114,154,167,17,37,37],"floor_reached":31,"playtime":1474,"items_purged":["Decay"],"score":429,"play_id":"53ffed8f-3db4-4cb3-a972-c5e80a8e3ec8","local_time":"20190625213404","is_ascension_mode":true,"campfire_choices":[{"data":"Bash","floor":7,"key":"SMITH"},{"floor":11,"key":"REST"},{"data":"Inflame","floor":15,"key":"SMITH"},{"floor":23,"key":"REST"}],"neow_cost":"NONE","seed_source_timestamp":432068113603097,"circlet_count":0,"master_deck":["Strike_R+1","Strike_R","Strike_R","Strike_R","Strike_R+1","Defend_R","Defend_R","Defend_R","Defend_R","Bash+1","Inflame+1","Clothesline","Wild Strike","Sword Boomerang+1","Offering","Anger+1","Battle Trance","Shrug It Off","Demon Form","Ghostly Armor","Juggernaut"],"relics":["Burning Blood","NeowsBlessing","Kunai","Whetstone","Golden Idol","Sundial","Vajra","Nunchaku","Cursed Key","Nloth\u0027s Gift","Ornamental Fan","Bag of Preparation","Singing Bowl","Matryoshka"],"potions_floor_usage":[14,25,25,27,31],"damage_taken":[{"damage":0,"enemies":"2 Louse","floor":1,"turns":1},{"damage":0,"enemies":"Jaw Worm","floor":2,"turns":1},{"damage":0,"enemies":"Gremlin Nob","floor":6,"turns":1},{"damage":41,"enemies":"3 Sentries","floor":8,"turns":6},{"damage":18,"enemies":"Gremlin Nob","floor":12,"turns":3},{"damage":14,"enemies":"3 Sentries","floor":14,"turns":4},{"damage":26,"enemies":"Hexaghost","floor":16,"turns":6},{"damage":12,"enemies":"3 Byrds","floor":18,"turns":5},{"damage":24,"enemies":"Shell Parasite","floor":20,"turns":3},{"damage":11,"enemies":"Snecko","floor":22,"turns":4},{"damage":7,"enemies":"Shelled Parasite and Fungi","floor":25,"turns":3},{"damage":39,"enemies":"Gremlin Leader","floor":27,"turns":5},{"damage":18,"enemies":"Chosen and Byrds","floor":28,"turns":5},{"damage":15,"enemies":"Centurion and Healer","floor":30,"turns":4},{"damage":28,"enemies":"Snake Plant","floor":31,"turns":2}],"seed_played":"8350764509065350866","potions_obtained":[{"floor":1,"key":"LiquidBronze"},{"floor":12,"key":"AttackPotion"},{"floor":16,"key":"Energy Potion"},{"floor":18,"key":"PowerPotion"},{"floor":22,"key":"Fruit Juice"},{"floor":30,"key":"Energy Potion"}],"is_trial":false,"path_per_floor":["M","M","$","?","?","E","R","E","T","?","R","E","$","?","R","B",null,"M","?","M","$","M","R","?","M","T","E","M","$","M","M"],"character_chosen":"IRONCLAD","items_purchased":["Wild Strike","Sword Boomerang","Vajra","Ornamental Fan","BloodPotion"],"campfire_rested":2,"item_purchase_floors":[3,3,13,21,29],"current_hp_per_floor":[78,80,80,85,68,74,74,39,39,39,62,50,50,42,42,22,65,59,59,41,41,36,59,59,63,63,32,22,22,15,0],"gold":37,"neow_bonus":"THREE_ENEMY_KILL","is_prod":false,"is_daily":false,"chose_seed":false,"campfire_upgraded":2,"win_rate":0,"timestamp":1561491244,"path_taken":["M","M","$","?","?","E","R","E","T","?","R","E","$","?","R","BOSS","M","?","M","$","?","R","?","M","T","E","M","$","M","M"],"build_version":"2019-01-23","purchased_purges":1,"victory":false,"max_hp_per_floor":[80,80,80,85,85,85,85,85,85,79,79,79,79,79,79,79,79,79,79,79,79,79,79,79,84,84,86,88,88,90,90],"card_choices":[{"not_picked":["Evolve","Intimidate"],"picked":"Inflame","floor":1},{"not_picked":["Pummel","Heavy Blade"],"picked":"Clothesline","floor":2},{"not_picked":["Barricade","Havoc"],"picked":"Offering","floor":6},{"not_picked":["Bludgeon","Rage"],"picked":"Anger","floor":8},{"not_picked":["Anger","Searing Blow"],"picked":"Battle Trance","floor":12},{"not_picked":["Cleave","Anger"],"picked":"Shrug It Off","floor":14},{"not_picked":["Feed","Double Tap"],"picked":"Demon Form","floor":16},{"not_picked":["Clash+1","Sword Boomerang","Twin Strike"],"picked":"SKIP","floor":18},{"not_picked":["Twin Strike+1","Anger"],"picked":"Ghostly Armor","floor":20},{"not_picked":["Havoc","Heavy Blade","Wild Strike+1"],"picked":"SKIP","floor":22},{"not_picked":["Flex","Sword Boomerang"],"picked":"Juggernaut","floor":25},{"not_picked":["Hemokinesis","Shrug It Off","Pommel Strike"],"picked":"Singing Bowl","floor":27},{"not_picked":["Pummel+1","Clash","Sever Soul"],"picked":"Singing Bowl","floor":28},{"not_picked":["Thunderclap+1","Warcry","Sword Boomerang"],"picked":"Singing Bowl","floor":30}],"player_experience":220652,"relics_obtained":[{"floor":6,"key":"Red Skull"},{"floor":8,"key":"Kunai"},{"floor":9,"key":"Whetstone"},{"floor":12,"key":"Sundial"},{"floor":14,"key":"Nunchaku"},{"floor":26,"key":"Singing Bowl"},{"floor":27,"key":"Matryoshka"}],"event_choices":[{"damage_healed":0,"gold_gain":0,"player_choice":"Donut","damage_taken":0,"max_hp_gain":5,"max_hp_loss":0,"event_name":"Big Fish","floor":4,"gold_loss":0},{"damage_healed":0,"gold_gain":0,"player_choice":"Entered Light","damage_taken":17,"max_hp_gain":0,"max_hp_loss":0,"event_name":"Shining Light","floor":5,"gold_loss":0,"cards_upgraded":["Strike_R","Strike_R"]},{"damage_healed":0,"gold_gain":0,"player_choice":"Lose Max HP","damage_taken":0,"relics_obtained":["Golden Idol"],"max_hp_gain":0,"max_hp_loss":6,"event_name":"Golden Idol","floor":10,"gold_loss":0},{"damage_healed":0,"gold_gain":0,"player_choice":"Searched \u00271\u0027 times","damage_taken":0,"max_hp_gain":0,"max_hp_loss":0,"event_name":"Dead Adventurer","floor":14,"gold_loss":0},{"damage_healed":0,"gold_gain":0,"player_choice":"Traded Relic","damage_taken":0,"relics_obtained":["Nloth\u0027s Gift"],"max_hp_gain":0,"max_hp_loss":0,"event_name":"N\u0027loth","floor":19,"relics_lost":["Red Skull"],"gold_loss":0},{"damage_healed":0,"gold_gain":0,"player_choice":"Opened","damage_taken":0,"relics_obtained":["Bag of Preparation"],"max_hp_gain":0,"max_hp_loss":0,"event_name":"The Mausoleum","floor":24,"gold_loss":0}],"is_beta":false,"boss_relics":[{"not_picked":["Calling Bell","White Beast Statue"],"picked":"Cursed Key"}],"items_purged_floors":[29],"is_endless":false,"potions_floor_spawned":[1,12,16,18,22,30],"killed_by":"Snake Plant","ascension_level":9}