{"gold_per_floor":[113,213,225,241,256,288,288,322,348,360,88,100,116,135,135,231,231,241,156,156,3,19,53,53,85,140,140,169,181,221,244,256,363,375,404,430,442,222,239,266,266,293,293,311,311,331,361,374,374,374],"floor_reached":51,"playtime":2735,"items_purged":["Writhe"],"score":1329,"play_id":"1ea13ed5-f10b-459f-aee1-2e55cb9bdcc6","local_time":"20190628102021","is_ascension_mode":true,"campfire_choices":[{"data":"Bash","floor":7,"key":"SMITH"},{"floor":15,"key":"REST"},{"data":"Sword Boomerang","floor":24,"key":"SMITH"},{"floor":29,"key":"REST"},{"data":"Sword Boomerang","floor":32,"key":"SMITH"},{"data":"Brutality","floor":41,"key":"SMITH"},{"data":"Battle Trance","floor":45,"key":"SMITH"},{"floor":49,"key":"REST"}],"neow_cost":"NONE","seed_source_timestamp":178327417687757,"circlet_count":0,"master_deck":["AscendersBane","Strike_R+1","Strike_R+1","Strike_R+1","Strike_R+1","Strike_R+1","Defend_R+1","Defend_R+1","Defend_R+1","Defend_R+1","Bash+1","Iron Wave","Sword Boomerang+1","Intimidate","Warcry","Pommel Strike","Thunderclap","Sword Boomerang+1","True Grit","Dark Shackles","Feel No Pain","Ghostly Armor","Spot Weakness","Brutality+1","Iron Wave+1","True Grit+1","Battle Trance+1","Pommel Strike+1","Intimidate+1","Impervious","Uppercut","Fiend Fire","Flex+1","Finesse","Twin Strike+1","Parasite","Combust+1"],"relics":["Burning Blood","Bag of Preparation","Ancient Tea Set","Red Skull","Sozu","Happy Flower","Anchor","Thread and Needle","Pocketwatch","Blood Vial","MawBank","Dodecahedron","Busted Crown","Boot","Incense Burner","Bronze Scales","PreservedInsect","Smiling Mask"],"potions_floor_usage":[6,14,25,50,50],"damage_taken":[{"damage":18,"enemies":"Jaw Worm","floor":1,"turns":4},{"damage":1,"enemies":"Cultist","floor":3,"turns":4},{"damage":10,"enemies":"2 Louse","floor":4,"turns":2},{"damage":9,"enemies":"Looter","floor":5,"turns":4},{"damage":44,"enemies":"Lagavulin","floor":6,"turns":9},{"damage":22,"enemies":"Gremlin Nob","floor":8,"turns":4},{"damage":1,"enemies":"3 Louse","floor":10,"turns":3},{"damage":0,"enemies":"2 Fungi Beasts","floor":12,"turns":2},{"damage":2,"enemies":"Looter","floor":13,"turns":3},{"damage":2,"enemies":"Large Slime","floor":14,"turns":4},{"damage":47,"enemies":"Slime Boss","floor":16,"turns":10},{"damage":11,"enemies":"Chosen","floor":18,"turns":5},{"damage":5,"enemies":"2 Thieves","floor":22,"turns":4},{"damage":33,"enemies":"Book of Stabbing","floor":23,"turns":5},{"damage":4,"enemies":"Gremlin Leader","floor":25,"turns":5},{"damage":10,"enemies":"Snake Plant","floor":28,"turns":4},{"damage":5,"enemies":"Book of Stabbing","floor":30,"turns":4},{"damage":7,"enemies":"Centurion and Healer","floor":31,"turns":9},{"damage":38,"enemies":"Collector","floor":33,"turns":9},{"damage":11,"enemies":"3 Darklings","floor":35,"turns":5},{"damage":0,"enemies":"Orb Walker","floor":36,"turns":3},{"damage":0,"enemies":"Sphere and 2 Shapes","floor":39,"turns":6},{"damage":22,"enemies":"Reptomancer","floor":40,"turns":7},{"damage":6,"enemies":"Giant Head","floor":42,"turns":7},{"damage":7,"enemies":"3 Darklings","floor":44,"turns":4},{"damage":24,"enemies":"Writhing Mass","floor":46,"turns":5},{"damage":0,"enemies":"Nemesis","floor":47,"turns":5},{"damage":4,"enemies":"Spire Growth","floor":48,"turns":3},{"damage":40,"enemies":"Donu and Deca","floor":50,"turns":8}],"seed_played":"7901964341142451045","potions_obtained":[{"floor":5,"key":"Block Potion"},{"floor":10,"key":"Swift Potion"},{"floor":12,"key":"Strength Potion"},{"floor":13,"key":"Fruit Juice"},{"floor":16,"key":"Dexterity Potion"}],"is_trial":false,"path_per_floor":["M","?","M","M","M","E","R","E","T","M","$","M","M","M","R","B",null,"M","?","?","$","M","E","R","E","T","?","M","R","E","M","R","B",null,"M","M","?","$","M","E","R","E","T","M","R","M","E","M","R","B",null],"character_chosen":"IRONCLAD","items_purchased":["True Grit","Dark Shackles","Explosive Potion","Feel No Pain","Anchor","Boot"],"campfire_rested":3,"item_purchase_floors":[11,11,11,11,21,38],"current_hp_per_floor":[68,68,73,69,66,28,28,12,12,17,17,23,27,36,63,22,75,70,70,70,70,71,44,44,46,46,46,44,71,74,75,75,45,81,78,86,86,86,93,77,77,79,79,80,80,64,72,76,93,59],"gold":374,"neow_bonus":"TEN_PERCENT_HP_BONUS","is_prod":false,"is_daily":false,"chose_seed":false,"campfire_upgraded":5,"win_rate":0,"timestamp":1561710021,"path_taken":["M","?","M","M","M","E","R","E","T","?","$","M","M","M","R","BOSS","M","?","?","$","M","E","R","E","T","?","M","R","E","M","R","BOSS","M","M","?","$","M","E","R","E","T","M","R","M","E","M","R","BOSS"],"build_version":"2019-01-23","purchased_purges":1,"victory":true,"max_hp_per_floor":[88,88,88,88,88,88,88,88,88,88,88,88,88,93,93,93,93,93,93,93,93,93,93,93,93,93,93,93,93,93,93,93,93,93,93,93,93,93,93,93,93,93,93,93,93,93,93,93,93,93],"card_choices":[{"not_picked":["Havoc","Cleave"],"picked":"Iron Wave","floor":1},{"not_picked":["Heavy Blade","Disarm"],"picked":"Sword Boomerang","floor":3},{"not_picked":["Rupture","Hemokinesis"],"picked":"Intimidate","floor":4},{"not_picked":["Body Slam","Havoc"],"picked":"Warcry","floor":5},{"not_picked":["Warcry","Barricade"],"picked":"Pommel Strike","floor":6},{"not_picked":["Cleave","Rampage"],"picked":"Thunderclap","floor":8},{"not_picked":["Havoc","Wild Strike"],"picked":"Sword Boomerang","floor":10},{"not_picked":["Pommel Strike","Armaments"],"picked":"Ghostly Armor","floor":12},{"not_picked":["Anger","Uppercut"],"picked":"Spot Weakness","floor":13},{"not_picked":["Feel No Pain","Pommel Strike","Bloodletting"],"picked":"SKIP","floor":14},{"not_picked":["Double Tap","Bludgeon"],"picked":"Brutality","floor":16},{"not_picked":["Heavy Blade","Bloodletting"],"picked":"Iron Wave+1","floor":18},{"not_picked":["Infernal Blade","Anger"],"picked":"True Grit+1","floor":22},{"not_picked":["Corruption","Evolve"],"picked":"Battle Trance","floor":23},{"not_picked":["Body Slam","Bludgeon"],"picked":"Pommel Strike+1","floor":25},{"not_picked":["Carnage+1","Cleave"],"picked":"Intimidate+1","floor":28},{"not_picked":["Perfected Strike+1","Flame Barrier"],"picked":"Impervious","floor":30},{"not_picked":["Havoc","Shrug It Off"],"picked":"Uppercut","floor":31},{"not_picked":["Feed","Double Tap"],"picked":"Fiend Fire","floor":33},{"not_picked":[],"picked":"Flex+1","floor":35},{"not_picked":["Burning Pact"],"picked":"SKIP","floor":36},{"not_picked":[],"picked":"Finesse","floor":37},{"not_picked":["Clash"],"picked":"SKIP","floor":39},{"not_picked":[],"picked":"Twin Strike+1","floor":40},{"not_picked":["Berserk"],"picked":"SKIP","floor":42},{"not_picked":["Perfected Strike+1"],"picked":"SKIP","floor":44},{"not_picked":[],"picked":"Combust+1","floor":46},{"not_picked":["Headbutt+1"],"picked":"SKIP","floor":47},{"not_picked":["Wild Strike+1"],"picked":"SKIP","floor":48}],"player_experience":233458,"relics_obtained":[{"floor":6,"key":"Bag of Preparation"},{"floor":8,"key":"Ancient Tea Set"},{"floor":9,"key":"Red Skull"},{"floor":23,"key":"Thread and Needle"},{"floor":25,"key":"Pocketwatch"},{"floor":26,"key":"Blood Vial"},{"floor":30,"key":"Dodecahedron"},{"floor":40,"key":"Incense Burner"},{"floor":42,"key":"Bronze Scales"},{"floor":43,"key":"PreservedInsect"},{"floor":47,"key":"Smiling Mask"}],"event_choices":[{"damage_healed":0,"gold_gain":100,"player_choice":"Pray","damage_taken":0,"max_hp_gain":0,"max_hp_loss":0,"event_name":"Golden Shrine","floor":2,"gold_loss":0},{"damage_healed":0,"gold_gain":0,"player_choice":"Obtained Relic","damage_taken":0,"relics_obtained":["Happy Flower"],"max_hp_gain":0,"max_hp_loss":0,"event_name":"Addict","floor":19,"gold_loss":85},{"damage_healed":0,"gold_gain":0,"player_choice":"Simplicity","damage_taken":0,"max_hp_gain":0,"max_hp_loss":0,"event_name":"Back to Basics","floor":20,"gold_loss":0,"cards_upgraded":["Strike_R","Strike_R","Strike_R","Strike_R","Strike_R","Defend_R","Defend_R","Defend_R","Defend_R"]},{"damage_healed":0,"gold_gain":0,"player_choice":"Opened","damage_taken":0,"relics_obtained":["MawBank"],"max_hp_gain":0,"max_hp_loss":0,"event_name":"The Mausoleum","floor":27,"gold_loss":0,"cards_obtained":["Writhe"]},{"damage_healed":0,"gold_gain":0,"player_choice":"Memory 1","damage_taken":0,"max_hp_gain":0,"max_hp_loss":0,"event_name":"SensoryStone","floor":37,"gold_loss":0}],"is_beta":false,"boss_relics":[{"not_picked":["Black Blood","Runic Dome"],"picked":"Sozu"},{"not_picked":["Tiny House","Empty Cage"],"picked":"Busted Crown"}],"items_purged_floors":[38],"is_endless":false,"potions_floor_spawned":[5,10,12,13,16,18,22,31,33,44,46,48],"ascension_level":10}