{"path_per_floor":["M","$","M","M","?","R","?","M","T","R","M","M","R","E","R","B",null,"M","M","$","M","$","R","E","?","T","M","?","M","R","M","R","B",null,"M","M","?","M","$","R"],"character_chosen":"IRONCLAD","items_purchased":["Rampage"],"gold_per_floor":[114,38,55,67,142,142,142,152,152,152,172,183,183,216,216,319,319,339,359,284,297,197,197,230,230,254,268,268,285,285,301,301,397,397,410,424,424,444,319,319],"floor_reached":41,"campfire_rested":2,"playtime":2729,"current_hp_per_floor":[77,77,80,80,69,69,74,74,74,74,72,78,78,64,64,24,85,85,81,81,65,65,65,51,51,51,45,45,27,27,27,52,9,85,82,68,68,43,43,68],"items_purged":["Strike_R","Strike_R","Strike_R"],"gold":319,"play_id":"83771aa4-e83a-4f09-86b1-349f4e800802","is_prod":false,"is_daily":false,"campfire_rituals":0,"campfire_upgraded":6,"is_hardmode":false,"path_taken":["M","$","M","M","?","R","?","M","T","R","M","M","R","E","R","BOSS","M","M","$","M","$","R","E","?","T","M","?","?","R","?","R","BOSS","M","?","?","M","$","R","E"],"build_version":"2018-01-18-PROD4","purchased_purges":3,"victory":false,"master_deck":["Strike_R","Defend_R","Defend_R","Defend_R","Defend_R","Bash","Shrug It Off","Rampage","Cleave","Offering","Brutality","Pommel Strike","Pommel Strike","Offering","Battle Trance"],"max_hp_per_floor":[80,80,80,80,80,80,85,85,85,85,85,85,85,85,85,85,85,85,85,85,85,85,85,85,85,85,85,85,85,85,85,85,85,85,85,85,85,85,85,85],"relics":["Black Blood","Calipers","Gremlin Horn","Red Skull","Dream Catcher"],"campfire_meditates":0,"card_choices":[{"not_picked":["Battle Trance","Flame Barrier"],"picked":"Shrug It Off"},{"not_picked":["Pommel Strike","Perfected Strike"],"picked":"Cleave"},{"not_picked":["Rage","Berserk"],"picked":"Offering"},{"not_picked":["Feed","Demon Form"],"picked":"Brutality"},{"not_picked":["Perfected Strike","Pummel"],"picked":"Pommel Strike"},{"not_picked":["Reaper","Dark Embrace"],"picked":"Offering"},{"not_picked":["Cleave","Flame Barrier"],"picked":"Battle Trance"}],"player_experience":25037,"potions_floor_usage":[38,41,41],"damage_taken":[{"damage":9,"enemies":"Jaw Worm","floor":1,"turns":4},{"damage":1,"enemies":"2 Louse","floor":3,"turns":3},{"damage":6,"enemies":"Cultist","floor":4,"turns":3},{"damage":6,"enemies":"2 Fungi Beasts","floor":8,"turns":3},{"damage":8,"enemies":"Gremlin Gang","floor":11,"turns":5},{"damage":0,"enemies":"Large Slime","floor":12,"turns":5},{"damage":20,"enemies":"Gremlin Nob","floor":14,"turns":4},{"damage":46,"enemies":"Hexaghost","floor":16,"turns":9},{"damage":6,"enemies":"Chosen","floor":18,"turns":4},{"damage":10,"enemies":"Shell Parasite","floor":19,"turns":6},{"damage":22,"enemies":"Snake Plant","floor":21,"turns":3},{"damage":20,"enemies":"Book of Stabbing","floor":24,"turns":4},{"damage":12,"enemies":"Centurion and Healer","floor":27,"turns":5},{"damage":24,"enemies":"Sentry and Sphere","floor":29,"turns":4},{"damage":6,"enemies":"3 Cultists","floor":31,"turns":3},{"damage":49,"enemies":"Collector","floor":33,"turns":8},{"damage":13,"enemies":"Orb Walker","floor":35,"turns":2},{"damage":24,"enemies":"3 Shapes","floor":36,"turns":6},{"damage":35,"enemies":"3 Darklings","floor":38,"turns":4},{"damage":82,"enemies":"2 Orb Walkers","floor":41,"turns":3}],"event_choices":[{"event_name":"World of Goop","player_choice":"Gather Gold","floor":5,"damage_taken":0},{"event_name":"Big Fish","player_choice":"Donut","floor":7,"damage_taken":0},{"event_name":"The Mausoleum","player_choice":"No","floor":25,"damage_taken":0},{"event_name":"The Library","player_choice":"Read","floor":28,"damage_taken":0},{"event_name":"Accursed Blacksmith","player_choice":"Ignore","floor":37,"damage_taken":0}],"boss_relics":[{"not_picked":["Runic Pyramid","Mark of Pain","Philosopher\u0027s Stone"]},{"not_picked":["Calling Bell","Velvet Choker"],"picked":"Black Blood"}],"potions_floor_spawned":[1,12,16,27,31,36,38],"seed_played":"9026637641970086693","killed_by":"2 Orb Walkers","is_trial":false}