{"gold_per_floor":[117,136,136,86,86,117,128,49,49,83,83,109,109,129,129,230,230,244,244,210],"floor_reached":20,"playtime":898,"items_purged":[],"score":315,"play_id":"c21e9779-7e3c-4de3-9de6-b23f3680d655","local_time":"20190625205825","is_ascension_mode":true,"campfire_choices":[{"data":"Bash","floor":13.0,"key":"SMITH"},{"data":"Spot Weakness","floor":15.0,"key":"SMITH"}],"neow_cost":"NONE","seed_source_timestamp":0,"circlet_count":0,"master_deck":["Strike_R","Strike_R","Strike_R","Defend_R","Defend_R","Defend_R","Defend_R","Bash+1","Sword Boomerang","Headbutt","Shrug It Off","True Grit","Metallicize","Shrug It Off","Spot Weakness+1","Hemokinesis","Fiend Fire","Necronomicurse","Power Through+1"],"special_seed":0,"relics":["Burning Blood","NeowsBlessing","Anchor","Matryoshka","The Courier","Smiling Mask","Runic Dome","Necronomicon"],"potions_floor_usage":[],"damage_taken":[{"damage":0.0,"enemies":"Cultist","floor":1.0,"turns":1.0},{"damage":0.0,"enemies":"2 Louse","floor":2.0,"turns":1.0},{"damage":0.0,"enemies":"3 Sentries","floor":6.0,"turns":1.0},{"damage":2.0,"enemies":"Small Slimes","floor":7.0,"turns":4.0},{"damage":14.0,"enemies":"Gremlin Nob","floor":10.0,"turns":4.0},{"damage":24.0,"enemies":"Lagavulin","floor":12.0,"turns":9.0},{"damage":0.0,"enemies":"3 Louse","floor":14.0,"turns":5.0},{"damage":63.0,"enemies":"Hexaghost","floor":16.0,"turns":11.0},{"damage":14.0,"enemies":"Shell Parasite","floor":18.0,"turns":4.0},{"damage":25.0,"enemies":"2 Thieves","floor":20.0,"turns":5.0}],"seed_played":"2556101933327397767","potions_obtained":[{"floor":1.0,"key":"Strength Potion"},{"floor":2.0,"key":"LiquidBronze"},{"floor":10.0,"key":"Weak Potion"},{"floor":12.0,"key":"FearPotion"}],"is_trial":false,"path_per_floor":["M","M","?","?","?","E","M","$","T","E","?","E","R","M","R","B",null,"M","?","M"],"character_chosen":"IRONCLAD","items_purchased":["Metallicize"],"campfire_rested":0,"item_purchase_floors":[8],"current_hp_per_floor":[78,80,85,85,78,84,85,85,85,77,77,59,59,65,65,8,66,58,42,23],"gold":210,"neow_bonus":"THREE_ENEMY_KILL","is_prod":false,"is_daily":false,"chose_seed":false,"campfire_upgraded":2,"win_rate":0,"timestamp":1561489105,"path_taken":["M","M","?","?","?","E","M","$","T","E","?","E","R","M","R","BOSS","M","?","M"],"build_version":"2019-01-23","purchased_purges":0,"victory":false,"max_hp_per_floor":[80,80,85,85,85,85,85,85,85,85,85,85,85,85,85,85,85,85,85,85],"card_choices":[{"not_picked":["Rage","Feel No Pain"],"picked":"Sword Boomerang","floor":1.0},{"not_picked":["Bloodletting","Clash"],"picked":"Headbutt","floor":2.0},{"not_picked":["Sword Boomerang","Bloodletting"],"picked":"Shrug It Off","floor":6.0},{"not_picked":["Warcry","Dropkick"],"picked":"True Grit","floor":7.0},{"not_picked":["Sentinel","Body Slam"],"picked":"Shrug It Off","floor":10.0},{"not_picked":["Perfected Strike","Berserk"],"picked":"Spot Weakness","floor":12.0},{"not_picked":["Power Through","True Grit"],"picked":"Hemokinesis","floor":14.0},{"not_picked":["Immolate","Barricade"],"picked":"Fiend Fire","floor":16.0},{"not_picked":["Clash","Burning Pact+1","Fire Breathing"],"picked":"SKIP","floor":18.0},{"not_picked":["Body Slam","Searing Blow"],"picked":"Power Through+1","floor":20}],"player_experience":219148,"relics_obtained":[{"floor":6.0,"key":"Anchor"},{"floor":9.0,"key":"Matryoshka"},{"floor":10.0,"key":"The Courier"},{"floor":12.0,"key":"Smiling Mask"},{"floor":19.0,"key":"Necronomicon"}],"event_choices":[{"damage_healed":0.0,"max_hp_gain":5.0,"max_hp_loss":0.0,"gold_gain":0.0,"event_name":"Big Fish","player_choice":"Donut","floor":3.0,"gold_loss":0.0,"damage_taken":0.0},{"cards_removed":["Strike_R"],"damage_healed":0.0,"max_hp_gain":0.0,"max_hp_loss":0.0,"gold_gain":0.0,"event_name":"The Cleric","player_choice":"Card Removal","floor":4.0,"gold_loss":50.0,"damage_taken":0.0},{"cards_removed":["Strike_R"],"damage_healed":0.0,"max_hp_gain":0.0,"max_hp_loss":0.0,"gold_gain":0.0,"event_name":"Golden Wing","player_choice":"Card Removal","floor":5.0,"gold_loss":0.0,"damage_taken":7.0},{"damage_healed":0.0,"max_hp_gain":0.0,"max_hp_loss":0.0,"gold_gain":0.0,"event_name":"Liars Game","player_choice":"Ignored","floor":11.0,"gold_loss":0.0,"damage_taken":0.0},{"damage_healed":0.0,"max_hp_gain":0.0,"max_hp_loss":0.0,"gold_gain":0.0,"event_name":"Cursed Tome","player_choice":"Obtained Book","floor":19.0,"gold_loss":0.0,"damage_taken":16.0}],"is_beta":false,"boss_relics":[{"not_picked":["Runic Pyramid","Mark of Pain"],"picked":"Runic Dome"}],"items_purged_floors":[],"is_endless":false,"potions_floor_spawned":[1,2,10,12],"killed_by":"2 Thieves","ascension_level":9}