{"gold_per_floor":[162,112,112,125,138,138,2,25,25,41,41,74,68,81,81,81],"floor_reached":16,"playtime":881,"items_purged":[],"score":151,"play_id":"b8b8b19b-0fbe-419f-9852-efbfbaffb816","local_time":"20191011184442","is_ascension_mode":true,"campfire_choices":[{"data":"Survivor","floor":6,"key":"SMITH"},{"floor":11,"key":"REST"},{"data":"Footwork","floor":15,"key":"SMITH"}],"neow_cost":"NONE","seed_source_timestamp":67467181579500,"circlet_count":0,"master_deck":["Strike_G","Strike_G+1","Strike_G","Strike_G","Defend_G","Defend_G","Defend_G","Defend_G","Defend_G","Survivor+1","Neutralize","Crippling Poison","Bouncing Flask","Cloak And Dagger","Caltrops","Footwork+1","Blur","Deadly Poison","Adrenaline"],"relics":["Tiny House","Golden Idol","Bird Faced Urn","Turnip"],"potions_floor_usage":[12,16],"damage_taken":[{"damage":2,"enemies":"2 Louse","floor":1,"turns":2},{"damage":7,"enemies":"Jaw Worm","floor":4,"turns":4},{"damage":2,"enemies":"Cultist","floor":5,"turns":5},{"damage":12,"enemies":"Gremlin Gang","floor":8,"turns":6},{"damage":11,"enemies":"2 Fungi Beasts","floor":10,"turns":5},{"damage":37,"enemies":"Gremlin Nob","floor":12,"turns":6},{"damage":3,"enemies":"Exordium Thugs","floor":13,"turns":6},{"damage":0,"enemies":"Blue Slaver","floor":14,"turns":4},{"damage":38,"enemies":"Slime Boss","floor":16,"turns":3}],"seed_played":"479085473461426599","potions_obtained":[{"floor":0,"key":"SneckoOil"},{"floor":1,"key":"SkillPotion"},{"floor":8,"key":"SpeedPotion"},{"floor":10,"key":"Weak Potion"},{"floor":12,"key":"LiquidBronze"},{"floor":14,"key":"Poison Potion"}],"is_trial":false,"path_per_floor":["M","?","?","M","M","R","$","M","T","M","R","E","M","M","R","B"],"character_chosen":"THE_SILENT","items_purchased":["Footwork","Blur"],"campfire_rested":1,"item_purchase_floors":[7,7],"current_hp_per_floor":[66,66,48,41,39,39,39,27,27,20,42,9,10,14,14,0],"gold":81,"neow_bonus":"BOSS_RELIC","is_prod":false,"is_daily":false,"chose_seed":false,"campfire_upgraded":2,"win_rate":0,"timestamp":1570787082,"path_taken":["M","?","?","M","M","R","$","M","T","M","R","E","M","M","R","BOSS"],"build_version":"2019-10-10","purchased_purges":0,"victory":false,"max_hp_per_floor":[75,75,75,75,75,75,75,75,75,75,75,75,75,75,75,75],"card_choices":[{"not_picked":["Dodge and Roll","Slice"],"picked":"Crippling Poison","floor":0},{"not_picked":["Masterful Stab","Setup"],"picked":"Bouncing Flask","floor":1},{"not_picked":["Blade Dance","Predator"],"picked":"Cloak And Dagger","floor":4},{"not_picked":["Flechettes","Outmaneuver"],"picked":"Caltrops","floor":5},{"not_picked":["Prepared","Tactician"],"picked":"Deadly Poison","floor":8},{"not_picked":["Accuracy","Tactician","Backstab"],"picked":"SKIP","floor":10},{"not_picked":["PiercingWail","Reflex"],"picked":"Adrenaline","floor":12},{"not_picked":["Underhanded Strike","Sucker Punch","Crippling Poison"],"picked":"SKIP","floor":13},{"not_picked":["Slice","Poisoned Stab","Blade Dance"],"picked":"SKIP","floor":14}],"player_experience":646907,"relics_obtained":[{"floor":9,"key":"Bird Faced Urn"},{"floor":12,"key":"Turnip"}],"event_choices":[{"cards_removed":["Strike_G"],"damage_healed":0,"gold_gain":0,"player_choice":"Card Removal","damage_taken":0,"max_hp_gain":0,"max_hp_loss":0,"event_name":"The Cleric","floor":2,"gold_loss":50},{"damage_healed":0,"gold_gain":0,"player_choice":"Take Damage","damage_taken":18,"relics_obtained":["Golden Idol"],"max_hp_gain":0,"max_hp_loss":0,"event_name":"Golden Idol","floor":3,"gold_loss":0}],"is_beta":true,"boss_relics":[],"items_purged_floors":[],"is_endless":false,"potions_floor_spawned":[1,8,10,12,14],"killed_by":"Slime Boss","ascension_level":9}