{"gold_per_floor":[117,130,141,158,158,185,185,219,219,237,220,96,107,136,136,231,231,213,142,161,173,173,173],"floor_reached":23,"playtime":1027,"items_purged":["Strike_G"],"score":371,"play_id":"7cd7a1ae-b7ca-4ac2-bad0-16552a66ca44","local_time":"20191011130326","is_ascension_mode":true,"campfire_choices":[{"floor":7,"key":"REST"},{"data":"Footwork","floor":15,"key":"SMITH"}],"neow_cost":"NONE","seed_source_timestamp":46809555004000,"circlet_count":0,"master_deck":["Strike_G","Strike_G","Strike_G","Defend_G","Defend_G","Defend_G","Defend_G","Defend_G","Survivor","Neutralize","Footwork+1","Poisoned Stab","Backflip","Cloak And Dagger","Poisoned Stab","Glass Knife","Blur","Venomology","Poisoned Stab","Cloak And Dagger","Noxious Fumes","Burst","Blur","Noxious Fumes+1"],"special_seed":0,"relics":["Ring of the Snake","Snake Skull","Ornamental Fan","StoneCalendar","WristBlade","Nloth\u0027s Gift"],"potions_floor_usage":[6,11,14,14,23,23],"damage_taken":[{"damage":19.0,"enemies":"Jaw Worm","floor":1.0,"turns":9.0},{"damage":0.0,"enemies":"Cultist","floor":2.0,"turns":5.0},{"damage":4.0,"enemies":"2 Louse","floor":3.0,"turns":4.0},{"damage":18,"enemies":"Lots of Slimes","floor":4,"turns":8},{"damage":3,"enemies":"Lagavulin","floor":6,"turns":7},{"damage":19,"enemies":"Gremlin Nob","floor":8,"turns":4},{"damage":0,"enemies":"Blue Slaver","floor":10,"turns":4},{"damage":10,"enemies":"Exordium Thugs","floor":11,"turns":5},{"damage":0,"enemies":"2 Fungi Beasts","floor":13,"turns":4},{"damage":3,"enemies":"3 Sentries","floor":14,"turns":6},{"damage":0,"enemies":"Hexaghost","floor":16,"turns":9},{"damage":20,"enemies":"2 Thieves","floor":18,"turns":4},{"damage":0,"enemies":"Shell Parasite","floor":20,"turns":7},{"damage":12,"enemies":"Chosen and Byrds","floor":21,"turns":6},{"damage":40,"enemies":"Slavers","floor":23,"turns":5}],"seed_played":"986813351237020783","potions_obtained":[{"floor":2.0,"key":"Strength Potion"},{"floor":3.0,"key":"Strength Potion"},{"floor":10,"key":"Regen Potion"},{"floor":13,"key":"Explosive Potion"},{"floor":14,"key":"Weak Potion"}],"is_trial":false,"path_per_floor":["M","M","M","M","?","E","R","E","T","M","M","$","M","E","R","B",null,"M","$","M","M","?","E"],"character_chosen":"THE_SILENT","items_purchased":["Poisoned Stab","Blur"],"campfire_rested":1,"item_purchase_floors":[12,19],"current_hp_per_floor":[51,51,47,29,29,26,49,30,30,30,32,32,32,29,29,29,65,45,45,45,33,33,0],"gold":173,"neow_bonus":"TEN_PERCENT_HP_BONUS","is_prod":false,"is_daily":false,"chose_seed":false,"campfire_upgraded":1,"win_rate":0,"timestamp":1570766606,"path_taken":["M","M","M","M","?","E","R","E","T","M","?","$","M","E","R","BOSS","M","$","M","M","?","E"],"build_version":"2019-10-10","purchased_purges":1,"victory":false,"max_hp_per_floor":[77,77,77,77,77,77,77,77,77,77,77,77,77,77,77,77,77,77,77,77,77,77,77],"card_choices":[{"not_picked":["PiercingWail","Dagger Spray"],"picked":"Footwork","floor":1.0},{"not_picked":["Sucker Punch","Catalyst"],"picked":"Poisoned Stab","floor":2.0},{"not_picked":["Slice","Distraction"],"picked":"Backflip","floor":3.0},{"not_picked":["Finisher","Sucker Punch"],"picked":"Cloak And Dagger","floor":4},{"not_picked":["Heel Hook","Acrobatics"],"picked":"Glass Knife","floor":6},{"not_picked":["Dodge and Roll","Leg Sweep"],"picked":"Blur","floor":8},{"not_picked":["Setup","Prepared","Deflect"],"picked":"SKIP","floor":10},{"not_picked":["Deflect","All Out Attack"],"picked":"Venomology","floor":11},{"not_picked":["Dagger Spray","Eviscerate"],"picked":"Cloak And Dagger","floor":13},{"not_picked":["Prepared","Bane"],"picked":"Noxious Fumes","floor":14},{"not_picked":["Tools of the Trade","Night Terror"],"picked":"Burst","floor":16},{"not_picked":["Underhanded Strike+1","Bane+1","Acrobatics"],"picked":"SKIP","floor":18},{"not_picked":["Deadly Poison","Escape Plan"],"picked":"Noxious Fumes+1","floor":20},{"not_picked":["Noxious Fumes","Sucker Punch","Dagger Throw+1"],"picked":"SKIP","floor":21}],"player_experience":640591,"relics_obtained":[{"floor":6,"key":"Snake Skull"},{"floor":8,"key":"Ornamental Fan"},{"floor":9,"key":"StoneCalendar"},{"floor":14,"key":"Du-Vu Doll"}],"event_choices":[{"damage_healed":0,"gold_gain":0,"cards_transformed":["Strike_G"],"player_choice":"Transformed","damage_taken":0,"max_hp_gain":0,"max_hp_loss":0,"event_name":"Transmorgrifier","floor":5,"gold_loss":0,"cards_obtained":["Poisoned Stab"]},{"damage_healed":0,"gold_gain":0,"player_choice":"Traded Relic","damage_taken":0,"relics_obtained":["Nloth\u0027s Gift"],"max_hp_gain":0,"max_hp_loss":0,"event_name":"N\u0027loth","floor":22,"relics_lost":["Du-Vu Doll"],"gold_loss":0}],"is_beta":true,"boss_relics":[{"not_picked":["Tiny House","Busted Crown"],"picked":"WristBlade"}],"items_purged_floors":[12],"is_endless":false,"potions_floor_spawned":[2,3,10,13,14,16,20,21],"killed_by":"Slavers","ascension_level":8}