{"gold_per_floor":[115,13,29,42,54,87,87,101,150,161,161,179,213,105,105,181,181,200,214,229,144,144],"floor_reached":22,"playtime":959,"items_purged":[],"score":400,"play_id":"74ef5124-8c98-46f9-90b6-5adb607479af","local_time":"20191004104535","is_ascension_mode":true,"campfire_choices":[{"data":"Defragment","floor":7.0,"key":"SMITH"},{"floor":15.0,"key":"REST"}],"neow_cost":"NONE","seed_source_timestamp":1012860716829000,"circlet_count":0,"master_deck":["AscendersBane","Strike_B","Defend_B","Defend_B","Defend_B","Zap","Dualcast","Rebound","Trip","Cold Snap","Streamline","Capacitor","Defragment+1","Barrage","Chill","Capacitor","Fission","Ball Lightning","Echo Form","Force Field+1","White Noise+1","Self Repair+1","Core Surge"],"special_seed":0,"relics":["Cracked Core","NeowsBlessing","Anchor","Lantern","The Courier","Astrolabe","Ancient Tea Set"],"potions_floor_usage":[20,20],"damage_taken":[{"damage":0.0,"enemies":"2 Louse","floor":1.0,"turns":1.0},{"damage":0.0,"enemies":"Cultist","floor":3.0,"turns":1.0},{"damage":0.0,"enemies":"Jaw Worm","floor":4.0,"turns":1.0},{"damage":6.0,"enemies":"Exordium Wildlife","floor":5.0,"turns":3.0},{"damage":34.0,"enemies":"3 Sentries","floor":6.0,"turns":9.0},{"damage":0.0,"enemies":"Large Slime","floor":8.0,"turns":6.0},{"damage":0.0,"enemies":"Gremlin Gang","floor":10.0,"turns":5.0},{"damage":0.0,"enemies":"Lots of Slimes","floor":12.0,"turns":2.0},{"damage":23.0,"enemies":"Gremlin Nob","floor":13.0,"turns":4.0},{"damage":28.0,"enemies":"Hexaghost","floor":16.0,"turns":7.0},{"damage":23.0,"enemies":"Spheric Guardian","floor":18.0,"turns":5.0},{"damage":30.0,"enemies":"Chosen","floor":19.0,"turns":6.0},{"damage":60,"enemies":"3 Cultists","floor":20,"turns":6},{"damage":32,"enemies":"Cultist and Chosen","floor":22,"turns":3}],"seed_played":"-7194603991941943181","potions_obtained":[{"floor":5.0,"key":"Fruit Juice"},{"floor":6.0,"key":"Regen Potion"},{"floor":8.0,"key":"Explosive Potion"},{"floor":10.0,"key":"Weak Potion"},{"floor":13.0,"key":"LiquidBronze"},{"floor":16.0,"key":"Regen Potion"},{"floor":18.0,"key":"Regen Potion"}],"is_trial":false,"path_per_floor":["M","$","M","M","M","E","R","M","T","M","?","M","E","$","R","B",null,"M","M","M","?","M"],"character_chosen":"DEFECT","items_purchased":["Trip","Fission","Ball Lightning"],"campfire_rested":1,"item_purchase_floors":[2,14,14],"current_hp_per_floor":[64,64,64,64,58,24,24,38,38,43,43,43,20,20,42,14,61,67,57,22,22,0],"gold":144,"neow_bonus":"THREE_ENEMY_KILL","is_prod":false,"is_daily":false,"chose_seed":false,"campfire_upgraded":1,"win_rate":0,"timestamp":1570153535,"path_taken":["M","$","M","M","M","E","R","M","T","M","?","M","E","?","R","BOSS","M","M","M","?","M"],"build_version":"2019-07-17","purchased_purges":0,"victory":false,"max_hp_per_floor":[71,71,71,71,71,71,71,71,71,76,76,76,76,76,76,76,76,76,76,76,76,76],"card_choices":[{"not_picked":["Conserve Battery","Gash"],"picked":"Rebound","floor":1.0},{"not_picked":["Streamline","Heatsinks"],"picked":"Cold Snap","floor":3.0},{"not_picked":["Reinforced Body","Meteor Strike"],"picked":"Streamline","floor":4.0},{"not_picked":["Barrage","Steam Power"],"picked":"Capacitor","floor":5.0},{"not_picked":["Sweeping Beam","Genetic Algorithm"],"picked":"Defragment","floor":6.0},{"not_picked":["Reinforced Body","Cold Snap"],"picked":"Barrage","floor":8.0},{"not_picked":["Streamline","Hologram","Gash"],"picked":"SKIP","floor":10.0},{"not_picked":["Beam Cell","Redo"],"picked":"Chill","floor":12.0},{"not_picked":["Go for the Eyes","Double Energy"],"picked":"Capacitor","floor":13.0},{"not_picked":["Hyperbeam","Creative AI"],"picked":"Echo Form","floor":16.0},{"not_picked":["Conserve Battery","Rebound","Stack"],"picked":"SKIP","floor":18.0},{"not_picked":["Beam Cell","Tempest","Recycle"],"picked":"SKIP","floor":19.0},{"not_picked":["Leap","Lockon"],"picked":"Core Surge","floor":20}],"player_experience":579726,"relics_obtained":[{"floor":6.0,"key":"Anchor"},{"floor":9.0,"key":"Lantern"},{"floor":13.0,"key":"The Courier"}],"event_choices":[{"cards_removed":["Strike_B"],"damage_healed":0.0,"max_hp_gain":0.0,"max_hp_loss":0.0,"gold_gain":0.0,"event_name":"Purifier","player_choice":"Purged","floor":11.0,"gold_loss":0.0,"damage_taken":0.0},{"damage_healed":0,"gold_gain":0,"player_choice":"Obtained Relic","damage_taken":0,"relics_obtained":["Ancient Tea Set"],"max_hp_gain":0,"max_hp_loss":0,"event_name":"Addict","floor":21,"gold_loss":85}],"is_beta":false,"boss_relics":[{"not_picked":["Pandora\u0027s Box","Lizard Tail"],"picked":"Astrolabe"}],"items_purged_floors":[],"is_endless":false,"potions_floor_spawned":[5,6,8,10,13,16,18],"killed_by":"Cultist and Chosen","ascension_level":20}