{"gold_per_floor":[218,238,254,101,119,119,151,151,175,175,175,186,216,63,63,168,168,183,200,200,6,26,55,55,55,55,83,83,99,114,133,133,237,237,252,252,252,252,264,264,264,264,319,334,350,45,59,72,72,72],"floor_reached":50,"playtime":3268,"items_purged":["Strike_R","Strike_R","Defend_R"],"score":593,"play_id":"daf330d5-78a5-47c5-bc89-ec6c008405b0","local_time":"20180805184244","is_ascension_mode":true,"campfire_choices":[{"data":"Armaments","floor":6.0,"key":"SMITH"},{"data":"Flex","floor":8.0,"key":"SMITH"},{"data":"Bash","floor":10.0,"key":"SMITH"},{"floor":15.0,"key":"REST"},{"floor":24.0,"key":"REST"},{"data":"Double Tap","floor":28.0,"key":"SMITH"},{"floor":32.0,"key":"REST"},{"data":"Heavy Blade","floor":40.0,"key":"SMITH"},{"floor":42.0,"key":"REST"},{"floor":49.0,"key":"REST"}],"neow_cost":"NONE","seed_source_timestamp":192391184566642,"circlet_count":0,"master_deck":["Strike_R","Strike_R","Strike_R","Defend_R","Defend_R+1","Defend_R+1","Bash+1","Sword Boomerang","Flex+1","Pommel Strike","Armaments+1","Twin Strike","Spot Weakness","Inflame","Metallicize","Shrug It Off","Impervious","Sword Boomerang","Feed","Shockwave","Heavy Blade+1","Double Tap+1","Twin Strike+1","Finesse","Flex+1","Cleave+1"],"special_seed":0,"relics":["Burning Blood","Bag of Marbles","Ancient Tea Set","Dream Catcher","Velvet Choker","Anchor","War Paint","Molten Egg 2","Mummified Hand","Orichalcum","Happy Flower"],"potions_floor_usage":[50,50],"damage_taken":[{"damage":0.0,"enemies":"2 Louse","floor":1.0,"turns":3.0},{"damage":9.0,"enemies":"Jaw Worm","floor":2.0,"turns":3.0},{"damage":5.0,"enemies":"Small Slimes","floor":3.0,"turns":3.0},{"damage":13.0,"enemies":"Exordium Thugs","floor":5.0,"turns":4.0},{"damage":40.0,"enemies":"Lagavulin","floor":7.0,"turns":7.0},{"damage":0.0,"enemies":"Blue Slaver","floor":12.0,"turns":2.0},{"damage":10.0,"enemies":"Gremlin Nob","floor":13.0,"turns":3.0},{"damage":12.0,"enemies":"Slime Boss","floor":16.0,"turns":9.0},{"damage":6.0,"enemies":"3 Byrds","floor":18.0,"turns":4.0},{"damage":23.0,"enemies":"2 Thieves","floor":19.0,"turns":4.0},{"damage":14.0,"enemies":"Centurion and Healer","floor":22.0,"turns":5.0},{"damage":30.0,"enemies":"Book of Stabbing","floor":23.0,"turns":4.0},{"damage":10.0,"enemies":"Gremlin Leader","floor":27.0,"turns":7.0},{"damage":0.0,"enemies":"Snecko","floor":29.0,"turns":2.0},{"damage":29.0,"enemies":"Snake Plant","floor":30.0,"turns":5.0},{"damage":10.0,"enemies":"Chosen and Byrds","floor":31.0,"turns":5.0},{"damage":79.0,"enemies":"Automaton","floor":33.0,"turns":9.0},{"damage":52.0,"enemies":"3 Darklings","floor":35.0,"turns":4.0},{"damage":29.0,"enemies":"Flame Bruiser 1 Orb","floor":39.0,"turns":5.0},{"damage":18.0,"enemies":"4 Shapes","floor":44.0,"turns":7.0},{"damage":26.0,"enemies":"3 Darklings","floor":45.0,"turns":4.0},{"damage":15.0,"enemies":"Flame Bruiser 2 Orb","floor":47.0,"turns":5.0},{"damage":25.0,"enemies":"Transient","floor":48.0,"turns":5.0},{"damage":85,"enemies":"Awakened One","floor":50,"turns":9}],"seed_played":"-2950887653556950116","potions_obtained":[{"floor":5.0,"key":"Strength Potion"},{"floor":12.0,"key":"FearPotion"},{"floor":13.0,"key":"Dexterity Potion"},{"floor":16.0,"key":"SkillPotion"},{"floor":27.0,"key":"Ancient Potion"},{"floor":30.0,"key":"FairyPotion"},{"floor":39.0,"key":"SkillPotion"},{"floor":47.0,"key":"FairyPotion"}],"is_trial":false,"path_per_floor":["M","M","M","$","M","R","E","R","T","R","?","M","E","$","R","B",null,"M","M","?","$","M","E","R","?","T","E","R","M","M","M","R","B",null,"M","?","?","?","M","R","T","R","T","M","M","$","M","M","R"],"character_chosen":"IRONCLAD","items_purchased":["Pommel Strike","Armaments","Shrug It Off","Feed","Shockwave","Cleave+1","Happy Flower"],"campfire_rested":5,"item_purchase_floors":[4,4,14,21,21,46,46],"current_hp_per_floor":[80,77,78,78,71,71,37,37,37,37,37,43,39,39,63,57,80,80,63,63,63,58,34,58,42,42,38,38,44,21,20,47,15,91,45,45,45,80,57,57,57,80,80,68,48,48,39,20,44,0],"gold":72,"neow_bonus":"HUNDRED_GOLD","is_prod":false,"is_daily":false,"chose_seed":false,"campfire_upgraded":5,"win_rate":0,"timestamp":1533487364,"path_taken":["M","M","M","$","M","R","E","R","T","R","?","M","E","?","R","BOSS","M","M","?","$","M","E","R","?","T","E","R","M","M","?","R","BOSS","M","?","?","?","M","R","?","R","T","?","M","$","M","M","R","BOSS"],"build_version":"2018-08-02","purchased_purges":3,"victory":false,"max_hp_per_floor":[80,80,80,80,80,80,80,80,80,80,80,80,80,80,80,80,80,80,80,80,80,83,83,83,88,88,88,88,88,88,91,91,91,91,91,91,91,80,80,80,80,80,80,80,80,80,80,80,80,80],"card_choices":[{"not_picked":["Havoc","Entrench"],"picked":"Sword Boomerang","floor":1.0},{"not_picked":["Pommel Strike","Twin Strike"],"picked":"Flex","floor":2.0},{"not_picked":["Power Through","Clothesline","Thunderclap"],"picked":"SKIP","floor":3.0},{"not_picked":["Shrug It Off","Flame Barrier"],"picked":"Twin Strike","floor":5.0},{"not_picked":["Pommel Strike","Combust"],"picked":"Spot Weakness","floor":7.0},{"not_picked":["Headbutt","Pummel"],"picked":"Inflame","floor":12.0},{"not_picked":["Immolate","Clash"],"picked":"Metallicize","floor":13.0},{"not_picked":["Exhume","Fiend Fire"],"picked":"Impervious","floor":16.0},{"not_picked":["Heavy Blade","Shrug It Off+1","Flex"],"picked":"SKIP","floor":18.0},{"not_picked":["Armaments","Second Wind+1"],"picked":"Sword Boomerang","floor":19.0},{"not_picked":["Burning Pact","Infernal Blade+1","Flex"],"picked":"SKIP","floor":22.0},{"not_picked":["Anger","Iron Wave+1"],"picked":"Heavy Blade","floor":23.0},{"not_picked":["Ghostly Armor","Flex"],"picked":"Double Tap","floor":27.0},{"not_picked":["Shrug It Off","Wild Strike+1","Clothesline+1"],"picked":"SKIP","floor":29.0},{"not_picked":["Intimidate","Anger+1","Combust+1"],"picked":"SKIP","floor":30.0},{"not_picked":["Entrench","Flex+1","Shrug It Off"],"picked":"SKIP","floor":31.0},{"not_picked":["Wild Strike+1","Flex"],"picked":"Twin Strike+1","floor":32.0},{"not_picked":["Rampage+1","Body Slam+1","Iron Wave+1"],"picked":"SKIP","floor":35.0},{"not_picked":["Good Instincts","Secret Technique"],"picked":"Finesse","floor":36.0},{"not_picked":["Havoc","Pommel Strike+1","Iron Wave+1"],"picked":"SKIP","floor":39.0},{"not_picked":["Perfected Strike+1","Pommel Strike+1","Havoc+1"],"picked":"SKIP","floor":44.0},{"not_picked":["Metallicize","Burning Pact","Blood for Blood+1"],"picked":"SKIP","floor":45.0},{"not_picked":["Sword Boomerang+1","Shrug It Off+1","Thunderclap+1"],"picked":"SKIP","floor":47.0},{"not_picked":["Flex+1","Twin Strike+1","Fire Breathing+1"],"picked":"SKIP","floor":48.0}],"player_experience":87758,"relics_obtained":[{"floor":7.0,"key":"Bag of Marbles"},{"floor":9.0,"key":"Ancient Tea Set"},{"floor":13.0,"key":"Dream Catcher"},{"floor":23.0,"key":"Anchor"},{"floor":26.0,"key":"War Paint"},{"floor":27.0,"key":"Molten Egg 2"},{"floor":41.0,"key":"Mummified Hand"},{"floor":43.0,"key":"Orichalcum"}],"event_choices":[{"event_name":"Liars Game","player_choice":"disagreed","floor":11.0,"damage_taken":0.0},{"event_name":"Ghosts","player_choice":"Ignored","floor":20.0,"damage_taken":0.0},{"event_name":"Forgotten Altar","player_choice":"Shed Blood","floor":25.0,"damage_taken":0.0},{"event_name":"SensoryStone","player_choice":"Memory 1","floor":36.0,"damage_taken":0.0},{"event_name":"Duplicator","player_choice":"One dupe","floor":37.0,"damage_taken":0.0},{"event_name":"The Moai Head","player_choice":"Heal","floor":38.0,"damage_taken":0.0}],"is_beta":false,"boss_relics":[{"not_picked":["Lizard Tail","Runic Cube"],"picked":"Velvet Choker"},{"not_picked":["Snecko Eye","Runic Dome","Mark of Pain"]}],"items_purged_floors":[4,14,46],"is_endless":false,"potions_floor_spawned":[5,12,13,16,18,22,27,30,39,44,47],"killed_by":"Awakened One","ascension_level":4}