{"gold_per_floor":[214,233,233,199,199,229,229,246,269,269],"floor_reached":10,"playtime":302,"items_purged":[],"score":99,"play_id":"9632b137-215e-4836-9a04-7613e3d4b5c3","local_time":"20190627000348","is_ascension_mode":true,"campfire_choices":[{"data":"Bash","floor":7,"key":"SMITH"}],"neow_cost":"NONE","seed_source_timestamp":57381745672597,"circlet_count":0,"master_deck":["AscendersBane","Strike_R","Strike_R","Strike_R","Strike_R","Strike_R","Defend_R","Defend_R","Defend_R","Defend_R","Bash+1","Disarm","Combust","Battle Trance","Warcry"],"relics":["Burning Blood","Bag of Preparation","Blood Vial"],"potions_floor_usage":[6,10],"damage_taken":[{"damage":1,"enemies":"Cultist","floor":1,"turns":4},{"damage":11,"enemies":"Jaw Worm","floor":2,"turns":4},{"damage":50,"enemies":"Lagavulin","floor":6,"turns":9},{"damage":8,"enemies":"2 Louse","floor":8,"turns":3},{"damage":29,"enemies":"3 Sentries","floor":10,"turns":4}],"seed_played":"9138872802216330657","potions_obtained":[{"floor":1,"key":"SkillPotion"},{"floor":2,"key":"PowerPotion"}],"is_trial":false,"path_per_floor":["M","M","?","$","?","E","R","M","T","E"],"character_chosen":"IRONCLAD","items_purchased":["Battle Trance"],"campfire_rested":0,"item_purchase_floors":[4],"current_hp_per_floor":[77,72,72,72,72,28,28,26,26,0],"gold":269,"neow_bonus":"HUNDRED_GOLD","is_prod":false,"is_daily":false,"chose_seed":false,"campfire_upgraded":1,"win_rate":0,"timestamp":1561586628,"path_taken":["M","M","?","$","?","E","R","M","T","E"],"build_version":"2019-01-23","purchased_purges":0,"victory":false,"max_hp_per_floor":[80,80,80,80,80,80,80,80,80,80],"card_choices":[{"not_picked":["Corruption","Flex"],"picked":"Disarm","floor":1},{"not_picked":["Shrug It Off","Cleave"],"picked":"Combust","floor":2},{"not_picked":["Carnage","Havoc"],"picked":"Warcry","floor":6},{"not_picked":["Wild Strike","Havoc","Clash"],"picked":"SKIP","floor":8}],"player_experience":225340,"relics_obtained":[{"floor":6,"key":"Bag of Preparation"},{"floor":9,"key":"Blood Vial"}],"event_choices":[{"damage_healed":0,"gold_gain":0,"player_choice":"Ignored","damage_taken":0,"max_hp_gain":0,"max_hp_loss":0,"event_name":"Liars Game","floor":3,"gold_loss":0},{"damage_healed":0,"gold_gain":0,"player_choice":"Bought 0 Potions","damage_taken":0,"max_hp_gain":0,"max_hp_loss":0,"event_name":"The Woman in Blue","floor":5,"gold_loss":0}],"is_beta":false,"boss_relics":[],"items_purged_floors":[],"is_endless":false,"potions_floor_spawned":[1,2],"killed_by":"3 Sentries","ascension_level":10}