{"gold_per_floor":[116,132,146,71,84,84,84,84,84,102,120,120,135,35,35,131,131,150,160,85,85,85,85,105,105,105,124,124,140,151,26,26,123,123,137,113,125,141,155,155,155,155,155,182,136,152,164,164,164,164],"floor_reached":50,"playtime":1608,"items_purged":["Strike_R","Strike_R","Strike_R"],"score":468,"play_id":"5e207e11-5d27-4b18-818e-2528e5b9a37b","local_time":"20191023010016","is_ascension_mode":false,"campfire_choices":[{"data":"Carnage","floor":6.0,"key":"SMITH"},{"data":"Iron Wave","floor":12.0,"key":"SMITH"},{"data":"Clothesline","floor":15.0,"key":"SMITH"},{"data":"Double Tap","floor":23.0,"key":"SMITH"},{"data":"Whirlwind","floor":28.0,"key":"SMITH"},{"floor":32.0,"key":"REST"},{"floor":40.0,"key":"REST"},{"data":"True Grit","floor":49.0,"key":"SMITH"}],"neow_cost":"NONE","seed_source_timestamp":297560747159700,"circlet_count":0,"master_deck":["Strike_R","Defend_R","Defend_R","Defend_R","Defend_R","Bash","Iron Wave","Iron Wave+1","Carnage+1","Shrug It Off","Reaper","Twin Strike","Clothesline+1","Double Tap+1","Headbutt+1","Thunderclap+1","Whirlwind+1","Inflame+1","True Grit+1","Shrug It Off","Bandage Up","Shrug It Off","Doubt"],"special_seed":0,"relics":["Philosopher\u0027s Stone"],"potions_floor_usage":[50,50],"damage_taken":[{"damage":5.0,"enemies":"Jaw Worm","floor":1.0,"turns":3.0},{"damage":0.0,"enemies":"Cultist","floor":2.0,"turns":2.0},{"damage":0.0,"enemies":"2 Louse","floor":3.0,"turns":2.0},{"damage":8.0,"enemies":"Blue Slaver","floor":5.0,"turns":3.0},{"damage":7.0,"enemies":"Exordium Thugs","floor":10.0,"turns":3.0},{"damage":4.0,"enemies":"Red Slaver","floor":11.0,"turns":3.0},{"damage":0.0,"enemies":"Looter","floor":13.0,"turns":2.0},{"damage":14.0,"enemies":"Slime Boss","floor":16.0,"turns":7.0},{"damage":13.0,"enemies":"Spheric Guardian","floor":18.0,"turns":4.0},{"damage":8.0,"enemies":"Shell Parasite","floor":19.0,"turns":3.0},{"damage":18.0,"enemies":"Centurion and Healer","floor":24.0,"turns":6.0},{"damage":12.0,"enemies":"Cultist and Chosen","floor":27.0,"turns":5.0},{"damage":6.0,"enemies":"Snecko","floor":29.0,"turns":3.0},{"damage":14.0,"enemies":"Centurion and Healer","floor":30.0,"turns":5.0},{"damage":51.0,"enemies":"Collector","floor":33.0,"turns":10.0},{"damage":18.0,"enemies":"3 Darklings","floor":35.0,"turns":3.0},{"damage":12.0,"enemies":"Orb Walker","floor":37.0,"turns":3.0},{"damage":22.0,"enemies":"Transient","floor":38.0,"turns":5.0},{"damage":32.0,"enemies":"Jaw Worm Horde","floor":39.0,"turns":3.0},{"damage":50.0,"enemies":"Nemesis","floor":44.0,"turns":9.0},{"damage":26.0,"enemies":"4 Shapes","floor":46.0,"turns":8.0},{"damage":31.0,"enemies":"Maw","floor":47.0,"turns":8.0},{"damage":113,"enemies":"Donu and Deca","floor":50,"turns":6}],"seed_played":"5821710772246731987","potions_obtained":[{"floor":2.0,"key":"ElixirPotion"},{"floor":3.0,"key":"AttackPotion"},{"floor":11.0,"key":"Block Potion"},{"floor":16.0,"key":"Swift Potion"},{"floor":33.0,"key":"Regen Potion"},{"floor":37.0,"key":"PowerPotion"},{"floor":38.0,"key":"LiquidBronze"},{"floor":46.0,"key":"FearPotion"}],"is_trial":false,"path_per_floor":["M","M","M","$","M","R","?","$","T","M","M","R","M","$","R","B",null,"M","M","?","$","?","R","M","$","T","M","R","M","M","$","R","B",null,"M","$","M","M","M","R","?","?","T","E","$","M","M","?","R","B"],"character_chosen":"IRONCLAD","items_purchased":["True Grit","Shrug It Off"],"campfire_rested":2,"item_purchase_floors":[36,45],"current_hp_per_floor":[75,75,75,75,67,67,67,67,67,60,56,56,56,56,56,50,80,67,59,59,59,44,44,42,42,42,30,30,24,18,18,43,2,85,67,67,64,42,29,54,54,54,54,10,10,26,7,85,85,0],"gold":164,"neow_bonus":"BOSS_RELIC","is_prod":false,"is_daily":false,"chose_seed":false,"campfire_upgraded":6,"win_rate":0,"timestamp":1571760016,"path_taken":["M","M","M","$","M","R","?","?","T","M","M","R","M","$","R","BOSS","M","M","?","$","?","R","?","?","T","M","R","M","M","?","R","BOSS","M","$","M","M","M","R","?","?","T","E","$","M","M","?","R","BOSS"],"build_version":"2019-10-21","purchased_purges":3,"victory":false,"max_hp_per_floor":[80,80,80,80,80,80,80,80,80,80,80,80,80,80,80,80,80,80,80,80,80,85,85,85,85,85,85,85,85,85,85,85,85,85,85,85,85,85,85,85,85,85,85,85,85,85,85,85,85,85],"card_choices":[{"not_picked":["Heavy Blade","Reckless Charge"],"picked":"Iron Wave","floor":1.0},{"not_picked":["Dark Embrace","Anger"],"picked":"Iron Wave","floor":2.0},{"not_picked":["Heavy Blade","Infernal Blade"],"picked":"Carnage","floor":3.0},{"not_picked":["Body Slam","Warcry"],"picked":"Shrug It Off","floor":5.0},{"not_picked":["Wild Strike","Bloodletting"],"picked":"Reaper","floor":10.0},{"not_picked":["Rupture","Pommel Strike"],"picked":"Twin Strike","floor":11.0},{"not_picked":["Iron Wave","Shrug It Off"],"picked":"Clothesline","floor":13.0},{"not_picked":["Juggernaut","Demon Form"],"picked":"Double Tap","floor":16.0},{"not_picked":["Rupture","Dark Embrace"],"picked":"Headbutt+1","floor":18.0},{"not_picked":["Flex","Fire Breathing"],"picked":"Thunderclap+1","floor":19.0},{"not_picked":["Second Wind","Berserk","Clash+1"],"picked":"SKIP","floor":24.0},{"not_picked":["Shockwave","Anger+1"],"picked":"Whirlwind","floor":27.0},{"not_picked":["Sword Boomerang","True Grit"],"picked":"Inflame+1","floor":29.0},{"not_picked":["Shockwave+1","Twin Strike+1","Carnage"],"picked":"SKIP","floor":30.0},{"not_picked":["Sword Boomerang","Whirlwind+1","Clash"],"picked":"SKIP","floor":35.0},{"not_picked":["Thunderclap","Warcry","Spot Weakness"],"picked":"SKIP","floor":37.0},{"not_picked":["Havoc","Cleave"],"picked":"Shrug It Off","floor":38.0},{"not_picked":["Feel No Pain+1","Heavy Blade","Seeing Red+1"],"picked":"SKIP","floor":39.0},{"not_picked":["Jack Of All Trades","Discovery"],"picked":"Bandage Up","floor":42.0},{"not_picked":["Dark Embrace+1","Fire Breathing+1","Evolve"],"picked":"SKIP","floor":44.0},{"not_picked":["Pommel Strike+1","Havoc","Limit Break"],"picked":"SKIP","floor":46.0},{"not_picked":["Heavy Blade+1","Headbutt+1","Wild Strike"],"picked":"SKIP","floor":47.0}],"player_experience":732246,"relics_obtained":[],"event_choices":[{"damage_healed":0.0,"max_hp_gain":0.0,"max_hp_loss":0.0,"gold_gain":0.0,"event_name":"NoteForYourself","player_choice":"Ignored","floor":7.0,"gold_loss":0.0,"damage_taken":0.0},{"cards_removed":["Strike_R"],"damage_healed":0.0,"max_hp_gain":0.0,"max_hp_loss":0.0,"gold_gain":0.0,"event_name":"Beggar","player_choice":"Gave Gold","floor":20.0,"gold_loss":75.0,"damage_taken":0.0},{"damage_healed":0.0,"max_hp_gain":5.0,"max_hp_loss":0.0,"gold_gain":0.0,"event_name":"Forgotten Altar","player_choice":"Shed Blood","floor":22.0,"gold_loss":0.0,"damage_taken":20.0},{"damage_healed":0.0,"max_hp_gain":0.0,"max_hp_loss":0.0,"gold_gain":0.0,"event_name":"Mysterious Sphere","player_choice":"Ignored","floor":41.0,"gold_loss":0.0,"damage_taken":0.0},{"damage_healed":0.0,"max_hp_gain":0.0,"max_hp_loss":0.0,"gold_gain":0.0,"event_name":"SensoryStone","player_choice":"Memory 1","floor":42.0,"gold_loss":0.0,"damage_taken":0.0},{"damage_healed":78.0,"max_hp_gain":0.0,"max_hp_loss":0.0,"gold_gain":0.0,"event_name":"MindBloom","player_choice":"Heal","floor":48.0,"gold_loss":0.0,"damage_taken":0.0,"cards_obtained":["Doubt"]}],"is_beta":true,"boss_relics":[{"not_picked":["SacredBark","Calling Bell","Empty Cage"]},{"not_picked":["Sozu","Astrolabe","Cursed Key"]}],"items_purged_floors":[4,14,31],"is_endless":false,"potions_floor_spawned":[2,3,11,16,27,33,37,38,46],"killed_by":"Donu and Deca","ascension_level":0}