{"gold_per_floor":[117,133,143,143,160,160,186,186,212,212,212,43,93,122,122,198,198,218,237,237,252,266,266,292,292,292,292,342,342,355,281,281,358,358,373,373,107,118,135,135,151,151],"floor_reached":42,"playtime":2613,"items_purged":[],"score":812,"play_id":"cc0d44fc-d4c4-4287-8051-c8a61f3ed85c","local_time":"20191012233106","is_ascension_mode":true,"campfire_choices":[{"data":"Streamline","floor":6.0,"key":"SMITH"},{"data":"Dualcast","floor":8.0,"key":"SMITH"},{"floor":10.0,"key":"REST"},{"data":"Loop","floor":15.0,"key":"SMITH"},{"floor":23.0,"key":"REST"},{"data":"Defragment","floor":25.0,"key":"SMITH"},{"data":"Leap","floor":27.0,"key":"SMITH"},{"data":"Zap","floor":29.0,"key":"SMITH"},{"floor":32.0,"key":"REST"},{"floor":40.0,"key":"REST"}],"neow_cost":"NONE","seed_source_timestamp":94190610077258,"circlet_count":0,"master_deck":["AscendersBane","Strike_B+1","Strike_B+1","Defend_B","Defend_B","Zap+1","Dualcast+1","Leap+1","Barrage","Streamline+1","Genetic Algorithm","Cold Snap","Ball Lightning","Loop+1","Core Surge","Defragment+1","Cold Snap","Steam Power+1","Conserve Battery","Self Repair","Hyperbeam","Master of Strategy","Parasite","Glacier","Blizzard+1"],"special_seed":0,"relics":["Cracked Core","Strawberry","Whetstone","Oddly Smooth Stone","Empty Cage","Anchor","Cables","Runic Pyramid"],"potions_floor_usage":[42],"damage_taken":[{"damage":4.0,"enemies":"Jaw Worm","floor":1.0,"turns":4.0},{"damage":6.0,"enemies":"Small Slimes","floor":2.0,"turns":4.0},{"damage":0.0,"enemies":"Cultist","floor":3.0,"turns":3.0},{"damage":21.0,"enemies":"Exordium Thugs","floor":5.0,"turns":5.0},{"damage":17.0,"enemies":"Lagavulin","floor":7.0,"turns":6.0},{"damage":10.0,"enemies":"3 Sentries","floor":14.0,"turns":6.0},{"damage":8.0,"enemies":"The Guardian","floor":16.0,"turns":10.0},{"damage":27.0,"enemies":"Shell Parasite","floor":18.0,"turns":5.0},{"damage":6.0,"enemies":"3 Byrds","floor":19.0,"turns":4.0},{"damage":11.0,"enemies":"Sentry and Sphere","floor":21.0,"turns":5.0},{"damage":12.0,"enemies":"Snecko","floor":22.0,"turns":5.0},{"damage":22.0,"enemies":"Snake Plant","floor":30.0,"turns":4.0},{"damage":29.0,"enemies":"Automaton","floor":33.0,"turns":13.0},{"damage":0.0,"enemies":"3 Shapes","floor":35.0,"turns":6.0},{"damage":42.0,"enemies":"3 Darklings","floor":38.0,"turns":5.0},{"damage":14.0,"enemies":"Writhing Mass","floor":39.0,"turns":6.0},{"damage":30.0,"enemies":"4 Shapes","floor":41.0,"turns":6.0},{"damage":27,"enemies":"Giant Head","floor":42,"turns":7}],"seed_played":"-918099582811467750","potions_obtained":[{"floor":1.0,"key":"Swift Potion"},{"floor":2.0,"key":"Poison Potion"},{"floor":14.0,"key":"LiquidBronze"},{"floor":21.0,"key":"GamblersBrew"},{"floor":30.0,"key":"Weak Potion"}],"is_trial":false,"path_per_floor":["M","M","M","?","M","R","E","R","T","R","?","$","?","E","R","B",null,"M","M","$","M","M","R","T","R","T","R","?","R","M","$","R","B",null,"M","?","$","M","M","R","M","E"],"character_chosen":"DEFECT","items_purchased":["Cold Snap","Ball Lightning","FocusPotion","Self Repair","Master of Strategy","PowerPotion"],"campfire_rested":4,"item_purchase_floors":[12,12,12,31,37,37],"current_hp_per_floor":[60,54,54,47,26,26,16,16,16,39,39,39,39,29,29,21,64,37,31,31,20,8,31,31,31,31,31,31,31,9,9,32,10,61,68,68,68,33,26,49,26,0],"gold":151,"neow_bonus":"REMOVE_CARD","is_prod":false,"is_daily":false,"chose_seed":false,"campfire_upgraded":6,"win_rate":0,"timestamp":1570941066,"path_taken":["M","M","M","?","M","R","E","R","T","R","?","$","?","E","R","BOSS","M","M","$","?","M","R","?","R","T","R","?","R","M","$","R","BOSS","M","?","$","M","M","R","M","E"],"build_version":"2019-07-17","purchased_purges":0,"victory":false,"max_hp_per_floor":[71,71,71,71,71,71,78,78,78,78,78,78,78,78,78,78,78,78,78,78,78,78,78,78,78,78,78,78,78,78,78,78,78,78,78,78,78,78,78,78,78,78],"card_choices":[{"not_picked":["Aggregate","Doom and Gloom"],"picked":"Leap","floor":1.0},{"not_picked":["Aggregate","Chaos"],"picked":"Barrage","floor":2.0},{"not_picked":["Leap","Blizzard","Redo"],"picked":"SKIP","floor":3.0},{"not_picked":["Storm","Conserve Battery"],"picked":"Streamline","floor":5.0},{"not_picked":["Turbo","Go for the Eyes"],"picked":"Genetic Algorithm","floor":7.0},{"not_picked":["Leap","Gash"],"picked":"Loop","floor":14.0},{"not_picked":["Machine Learning","Amplify"],"picked":"Core Surge","floor":16.0},{"not_picked":["Storm","Gash"],"picked":"Defragment","floor":18.0},{"not_picked":["Redo","Skim","Sweeping Beam"],"picked":"SKIP","floor":19.0},{"not_picked":["Streamline","Steam"],"picked":"Cold Snap","floor":21.0},{"not_picked":["Leap","Hologram"],"picked":"Steam Power+1","floor":22.0},{"not_picked":["Gash","Turbo"],"picked":"Conserve Battery","floor":30.0},{"not_picked":["Meteor Strike","Multi-Cast"],"picked":"Hyperbeam","floor":33.0},{"not_picked":["Aggregate","Leap","Sweeping Beam"],"picked":"SKIP","floor":35.0},{"not_picked":["Hologram","Ball Lightning","Gash"],"picked":"SKIP","floor":38.0},{"not_picked":["Turbo+1","Streamline+1"],"picked":"Glacier","floor":39.0},{"not_picked":["Coolheaded","Melter+1"],"picked":"Blizzard+1","floor":41.0}],"player_experience":330321,"relics_obtained":[{"floor":7.0,"key":"Strawberry"},{"floor":9.0,"key":"Whetstone"},{"floor":14.0,"key":"Oddly Smooth Stone"},{"floor":24.0,"key":"Anchor"},{"floor":26.0,"key":"Cables"}],"event_choices":[{"cards_removed":["Strike_B"],"damage_healed":0.0,"max_hp_gain":0.0,"max_hp_loss":0.0,"gold_gain":0.0,"event_name":"Golden Wing","player_choice":"Card Removal","floor":4.0,"gold_loss":0.0,"damage_taken":7.0},{"damage_healed":0.0,"max_hp_gain":0.0,"max_hp_loss":0.0,"gold_gain":0.0,"event_name":"Shining Light","player_choice":"Ignored","floor":11.0,"gold_loss":0.0,"damage_taken":0.0},{"damage_healed":0.0,"max_hp_gain":0.0,"max_hp_loss":0.0,"gold_gain":50.0,"event_name":"Golden Shrine","player_choice":"Pray","floor":13.0,"gold_loss":0.0,"damage_taken":0.0},{"damage_healed":0.0,"max_hp_gain":0.0,"max_hp_loss":0.0,"gold_gain":50.0,"event_name":"Nest","player_choice":"Stole From Cult","floor":28.0,"gold_loss":0.0,"damage_taken":0.0},{"damage_healed":0.0,"max_hp_gain":0.0,"max_hp_loss":0.0,"gold_gain":0.0,"event_name":"Mysterious Sphere","player_choice":"Ignored","floor":36.0,"gold_loss":0.0,"damage_taken":0.0}],"is_beta":false,"boss_relics":[{"not_picked":["Pandora\u0027s Box","Coffee Dripper"],"picked":"Empty Cage"},{"not_picked":["Runic Dome","Busted Crown"],"picked":"Runic Pyramid"}],"items_purged_floors":[],"is_endless":false,"potions_floor_spawned":[1,2,14,16,21,30],"killed_by":"Giant Head","ascension_level":20}