{"gold_per_floor":[111,111,11,11,29,55,72,101,166,32,32],"floor_reached":11,"playtime":606,"items_purged":[],"score":117,"play_id":"76d05591-46f9-4d93-989f-3fbcbf77376c","local_time":"20190625210912","is_ascension_mode":true,"campfire_choices":[],"neow_cost":"NONE","seed_source_timestamp":431446320266155,"circlet_count":0,"master_deck":["Strike_R","Strike_R","Strike_R","Strike_R","Strike_R","Defend_R","Defend_R","Defend_R","Defend_R","Bash","True Grit","Corruption","Shrug It Off","Shrug It Off","Combust","Uppercut"],"relics":["Burning Blood","Pocketwatch","Bottled Flame","MawBank","Orichalcum","Anchor"],"potions_floor_usage":[6,8,8,11],"damage_taken":[{"damage":8,"enemies":"2 Louse","floor":1,"turns":3},{"damage":10,"enemies":"Cultist","floor":5,"turns":6},{"damage":33,"enemies":"Lagavulin","floor":6,"turns":11},{"damage":0,"enemies":"Small Slimes","floor":7,"turns":4},{"damage":47,"enemies":"Gremlin Nob","floor":8,"turns":5},{"damage":13,"enemies":"3 Sentries","floor":11,"turns":3}],"seed_played":"1159238447824880047","potions_obtained":[{"floor":1,"key":"FearPotion"},{"floor":2,"key":"AttackPotion"},{"floor":2,"key":"Strength Potion"},{"floor":2,"key":"Energy Potion"},{"floor":6,"key":"Poison Potion"},{"floor":8,"key":"Weak Potion"}],"is_trial":false,"path_per_floor":["M","?","$","T","M","E","M","E","T","$","E"],"character_chosen":"IRONCLAD","items_purchased":["Corruption","Shrug It Off","Anchor"],"campfire_rested":0,"item_purchase_floors":[3,3,10],"current_hp_per_floor":[78,78,78,78,74,47,53,12,12,12,0],"gold":32,"neow_bonus":"TEN_PERCENT_HP_BONUS","is_prod":false,"is_daily":false,"chose_seed":false,"campfire_upgraded":0,"win_rate":0,"timestamp":1561489752,"path_taken":["M","?","$","?","M","E","M","E","T","$","E"],"build_version":"2019-01-23","purchased_purges":0,"victory":false,"max_hp_per_floor":[88,88,88,88,88,88,88,88,88,88,88],"card_choices":[{"not_picked":["Searing Blow","Perfected Strike"],"picked":"True Grit","floor":1},{"not_picked":["Carnage","Heavy Blade"],"picked":"Shrug It Off","floor":5},{"not_picked":["Power Through","Immolate"],"picked":"Combust","floor":6},{"not_picked":["Armaments","True Grit","Dropkick"],"picked":"SKIP","floor":7},{"not_picked":["Infernal Blade","Body Slam"],"picked":"Uppercut","floor":8}],"player_experience":220046,"relics_obtained":[{"floor":4,"key":"Pocketwatch"},{"floor":6,"key":"Bottled Flame"},{"floor":8,"key":"MawBank"},{"floor":9,"key":"Orichalcum"}],"event_choices":[{"damage_healed":0,"gold_gain":0,"player_choice":"Got Potions","damage_taken":0,"max_hp_gain":0,"max_hp_loss":0,"event_name":"Lab","floor":2,"gold_loss":0}],"is_beta":false,"boss_relics":[],"items_purged_floors":[],"is_endless":false,"potions_floor_spawned":[1,6,8],"killed_by":"3 Sentries","ascension_level":9}