{"gold_per_floor":[15,15,90,40,56,56,72,104,186,42,42,77,89,102,102,199,199,212,230,249,249,268,268,295,295,295,58,58,92,92,105,105,202,202,219,230,244,258,273,273,293,312,385,285,285,298,298,22,22,22],"floor_reached":51,"playtime":1529,"items_purged":["Strike_R","Strike_R","Strike_R"],"score":851,"play_id":"a36c77fa-489c-438e-a5ce-4b253e3850c6","local_time":"20191013000726","is_ascension_mode":false,"campfire_choices":[{"data":"Clothesline","floor":6.0,"key":"SMITH"},{"data":"Offering","floor":11.0,"key":"SMITH"},{"floor":15.0,"key":"REST"},{"data":"Searing Blow","floor":23,"key":"SMITH"},{"floor":32,"key":"REST"},{"floor":45,"key":"REST"},{"floor":47,"key":"REST"},{"floor":49,"key":"REST"}],"neow_cost":"NO_GOLD","seed_source_timestamp":172473181333400,"circlet_count":0,"master_deck":["Defend_R","Defend_R","Defend_R","Defend_R","Bash+1","Offering+1","Clothesline+1","Evolve","Barricade","Spot Weakness","Cleave","Sword Boomerang","Reaper","Entrench","Searing Blow+1","Apotheosis","Bludgeon","CurseOfTheBell","Body Slam","Uppercut+1"],"special_seed":0,"relics":["Burning Blood","Oddly Smooth Stone","Blue Candle","Vajra","Self Forming Clay","Snecko Eye","Lizard Tail","Juzu Bracelet","Pear","Bottled Tornado","Calling Bell","Art of War","Ornamental Fan","Shovel","InkBottle","Strawberry"],"potions_floor_usage":[24,42,50,50],"damage_taken":[{"damage":6.0,"enemies":"Small Slimes","floor":1.0,"turns":3.0},{"damage":7.0,"enemies":"Jaw Worm","floor":5.0,"turns":2.0},{"damage":6.0,"enemies":"Cultist","floor":7.0,"turns":2.0},{"damage":10.0,"enemies":"Gremlin Nob","floor":8.0,"turns":3.0},{"damage":32.0,"enemies":"Lagavulin","floor":12.0,"turns":5.0},{"damage":32.0,"enemies":"Gremlin Gang","floor":13.0,"turns":5.0},{"damage":13.0,"enemies":"Exordium Thugs","floor":14.0,"turns":4.0},{"damage":38.0,"enemies":"The Guardian","floor":16.0,"turns":14.0},{"damage":16,"enemies":"2 Thieves","floor":18,"turns":2},{"damage":5,"enemies":"Shell Parasite","floor":19,"turns":4},{"damage":21,"enemies":"Snake Plant","floor":20,"turns":3},{"damage":14,"enemies":"Snecko","floor":22,"turns":5},{"damage":21,"enemies":"Book of Stabbing","floor":24,"turns":4},{"damage":30,"enemies":"Gremlin Leader","floor":29,"turns":7},{"damage":16,"enemies":"Centurion and Healer","floor":31,"turns":5},{"damage":12,"enemies":"Champ","floor":33,"turns":13},{"damage":6,"enemies":"3 Darklings","floor":35,"turns":6},{"damage":13,"enemies":"Orb Walker","floor":36,"turns":3},{"damage":18,"enemies":"Writhing Mass","floor":37,"turns":4},{"damage":38,"enemies":"Transient","floor":38,"turns":5},{"damage":24,"enemies":"Sphere and 2 Shapes","floor":39,"turns":5},{"damage":14,"enemies":"4 Shapes","floor":41,"turns":6},{"damage":6,"enemies":"Transient","floor":42,"turns":5},{"damage":31,"enemies":"3 Darklings","floor":46,"turns":5},{"damage":23,"enemies":"Time Eater","floor":50,"turns":9}],"seed_played":"-661478757589397831","potions_obtained":[{"floor":12.0,"key":"SteroidPotion"},{"floor":14.0,"key":"Ancient Potion"},{"floor":16.0,"key":"Fire Potion"},{"floor":19,"key":"SkillPotion"},{"floor":29,"key":"Dexterity Potion"},{"floor":41,"key":"Fire Potion"},{"floor":42,"key":"Block Potion"}],"is_trial":false,"path_per_floor":["M","?","?","?","M","R","M","E","T","$","R","E","M","M","R","B",null,"M","M","M","?","M","R","E","?","T","$","?","E","$","M","R","B",null,"M","M","M","M","M","?","M","M","T","$","R","M","R","$","R","B",null],"character_chosen":"IRONCLAD","items_purchased":["Vajra","Apotheosis","Strawberry"],"campfire_rested":5,"item_purchase_floors":[10,27,48],"current_hp_per_floor":[80,80,80,80,79,79,79,75,75,75,75,49,23,16,40,8,80,76,80,69,69,61,61,58,58,68,68,68,55,55,55,82,76,90,90,83,77,45,33,33,25,25,25,25,52,33,60,67,96,94],"gold":22,"neow_bonus":"THREE_RARE_CARDS","is_prod":false,"is_daily":false,"chose_seed":false,"campfire_upgraded":3,"win_rate":0,"timestamp":1570892846,"path_taken":["M","?","?","?","M","R","M","E","T","$","R","E","M","M","R","BOSS","M","M","M","?","M","R","E","?","T","?","?","E","$","M","R","BOSS","M","M","M","M","M","?","M","M","T","$","R","M","R","$","R","BOSS"],"build_version":"2019-10-11","purchased_purges":3,"victory":true,"max_hp_per_floor":[80,80,80,80,80,80,80,80,80,80,80,80,80,80,80,80,80,80,80,80,80,80,80,80,80,90,90,90,90,90,90,90,90,90,90,90,90,90,90,90,90,90,90,90,90,90,90,97,97,97],"card_choices":[{"not_picked":["Brutality","Berserk"],"picked":"Offering","floor":0.0},{"not_picked":["Perfected Strike","Sword Boomerang","Havoc"],"picked":"SKIP","floor":1.0},{"not_picked":["Burning Pact","Twin Strike"],"picked":"Clothesline","floor":5.0},{"not_picked":["Sword Boomerang","True Grit"],"picked":"Evolve","floor":7.0},{"not_picked":["Uppercut","Evolve"],"picked":"Barricade","floor":8.0},{"not_picked":["Disarm","Dark Embrace"],"picked":"Spot Weakness","floor":12.0},{"not_picked":["Shrug It Off","Sword Boomerang"],"picked":"Cleave","floor":13.0},{"not_picked":["Hemokinesis","Cleave"],"picked":"Sword Boomerang","floor":14.0},{"not_picked":["Limit Break","Berserk"],"picked":"Reaper","floor":16.0},{"not_picked":["True Grit+1","Perfected Strike"],"picked":"Entrench","floor":18},{"not_picked":["Sword Boomerang","Armaments","Pommel Strike"],"picked":"SKIP","floor":19},{"not_picked":["True Grit","Bloodletting"],"picked":"Searing Blow","floor":20},{"not_picked":["Berserk","Burning Pact","Pommel Strike+1"],"picked":"SKIP","floor":22},{"not_picked":["Sentinel+1","Perfected Strike","Metallicize"],"picked":"SKIP","floor":24},{"not_picked":["Rupture","Clash","True Grit"],"picked":"SKIP","floor":29},{"not_picked":["Power Through","Shockwave","Thunderclap"],"picked":"SKIP","floor":31},{"not_picked":["Impervious","Exhume"],"picked":"Bludgeon","floor":33},{"not_picked":["Cleave+1","Shrug It Off+1","Rupture"],"picked":"SKIP","floor":35},{"not_picked":["Anger","Carnage","Heavy Blade+1"],"picked":"SKIP","floor":36},{"not_picked":["Pommel Strike+1","Heavy Blade","Evolve+1"],"picked":"SKIP","floor":37},{"not_picked":["Exhume","Anger","Fire Breathing+1"],"picked":"SKIP","floor":38},{"not_picked":["Flex+1","Blood for Blood","Ghostly Armor+1"],"picked":"SKIP","floor":39},{"not_picked":["Flex","Blood for Blood"],"picked":"Body Slam","floor":41},{"not_picked":["Thunderclap","Headbutt","Clothesline"],"picked":"SKIP","floor":42},{"not_picked":["Perfected Strike","Rampage+1"],"picked":"Uppercut+1","floor":46}],"player_experience":673083,"relics_obtained":[{"floor":8.0,"key":"Oddly Smooth Stone"},{"floor":9.0,"key":"Blue Candle"},{"floor":12.0,"key":"Self Forming Clay"},{"floor":24,"key":"Juzu Bracelet"},{"floor":26,"key":"Pear"},{"floor":29,"key":"Bottled Tornado"},{"floor":34,"key":"Art of War"},{"floor":34,"key":"Ornamental Fan"},{"floor":34,"key":"Shovel"},{"floor":43,"key":"InkBottle"}],"event_choices":[{"damage_healed":0.0,"max_hp_gain":0.0,"max_hp_loss":0.0,"gold_gain":0.0,"event_name":"Living Wall","player_choice":"Grow","floor":2.0,"gold_loss":0.0,"damage_taken":0.0,"cards_upgraded":["Bash"]},{"damage_healed":0.0,"max_hp_gain":0.0,"max_hp_loss":0.0,"gold_gain":75.0,"event_name":"Golden Wing","player_choice":"Gained Gold","floor":3.0,"gold_loss":0.0,"damage_taken":0.0},{"cards_removed":["Strike_R"],"damage_healed":0.0,"max_hp_gain":0.0,"max_hp_loss":0.0,"gold_gain":0.0,"event_name":"The Cleric","player_choice":"Card Removal","floor":4.0,"gold_loss":50.0,"damage_taken":0.0},{"damage_healed":0,"gold_gain":0,"player_choice":"Opened","damage_taken":0,"relics_obtained":["Lizard Tail"],"max_hp_gain":0,"max_hp_loss":0,"event_name":"The Mausoleum","floor":21,"gold_loss":0,"cards_obtained":["Writhe"]},{"cards_removed":["Writhe"],"damage_healed":0,"gold_gain":0,"player_choice":"Elegance","damage_taken":0,"max_hp_gain":0,"max_hp_loss":0,"event_name":"Back to Basics","floor":25,"gold_loss":0},{"cards_removed":["Strike_R"],"damage_healed":0,"gold_gain":0,"player_choice":"Purged","damage_taken":0,"max_hp_gain":0,"max_hp_loss":0,"event_name":"Purifier","floor":28,"gold_loss":0},{"damage_healed":0,"gold_gain":0,"player_choice":"Bought 0 Potions","damage_taken":0,"max_hp_gain":0,"max_hp_loss":0,"event_name":"The Woman in Blue","floor":40,"gold_loss":0}],"is_beta":true,"boss_relics":[{"not_picked":["SlaversCollar","Runic Pyramid"],"picked":"Snecko Eye"},{"not_picked":["Coffee Dripper","Astrolabe"],"picked":"Calling Bell"}],"items_purged_floors":[27,44,48],"is_endless":false,"potions_floor_spawned":[12,14,16,19,22,29,31,33,37,41,42,46],"ascension_level":0}