{"gold_per_floor":[119,139,139,159,17,49,49,14,14,31,65,77,77,97,97,97],"floor_reached":16,"playtime":761,"items_purged":["Strike_R"],"score":140,"play_id":"a0e65b13-f029-4a35-a307-23d1c73006cc","local_time":"20190610223430","is_ascension_mode":true,"campfire_choices":[{"data":"Corruption","floor":13,"key":"SMITH"},{"data":"Evolve","floor":15,"key":"SMITH"}],"neow_cost":"PERCENT_DAMAGE","seed_source_timestamp":126589653048587,"circlet_count":0,"master_deck":["Strike_R","Strike_R","Strike_R","Strike_R","Defend_R","Defend_R","Defend_R","Defend_R","Bash+1","True Grit","Shrug It Off","Wild Strike","Corruption+1","Pommel Strike","Evolve+1","True Grit"],"relics":["Burning Blood","Nunchaku","Pantograph","Anchor","Lantern"],"potions_floor_usage":[16,16,16],"damage_taken":[{"damage":9,"enemies":"2 Louse","floor":1,"turns":3},{"damage":5,"enemies":"Small Slimes","floor":2,"turns":4},{"damage":2,"enemies":"Cultist","floor":4,"turns":4},{"damage":47,"enemies":"3 Sentries","floor":6,"turns":12},{"damage":0,"enemies":"3 Louse","floor":10,"turns":4},{"damage":15,"enemies":"Lagavulin","floor":11,"turns":6},{"damage":11,"enemies":"Exordium Wildlife","floor":12,"turns":4},{"damage":15,"enemies":"Gremlin Gang","floor":14,"turns":5},{"damage":46,"enemies":"The Guardian","floor":16,"turns":8}],"seed_played":"4274316852055588082","potions_obtained":[{"floor":4,"key":"Dexterity Potion"},{"floor":11,"key":"Fire Potion"},{"floor":12,"key":"EssenceOfSteel"}],"is_trial":false,"path_per_floor":["M","M","?","M","$","E","?","?","T","M","E","M","R","M","R","B"],"character_chosen":"IRONCLAD","items_purchased":["Corruption"],"campfire_rested":0,"item_purchase_floors":[5],"current_hp_per_floor":[53,54,54,58,58,17,17,37,37,43,34,29,29,20,20,0],"gold":97,"neow_bonus":"ONE_RARE_RELIC","is_prod":false,"is_daily":false,"chose_seed":false,"campfire_upgraded":2,"win_rate":0,"timestamp":1560198870,"path_taken":["M","M","?","M","$","E","?","?","T","M","E","M","R","M","R","BOSS"],"build_version":"2019-01-23","purchased_purges":1,"victory":false,"max_hp_per_floor":[80,80,80,80,80,80,80,80,80,80,80,80,80,80,80,80],"card_choices":[{"not_picked":["Headbutt","Thunderclap"],"picked":"True Grit","floor":1},{"not_picked":["Uppercut","Second Wind"],"picked":"Shrug It Off","floor":2},{"not_picked":["Iron Wave","Headbutt"],"picked":"Wild Strike","floor":4},{"not_picked":["Rampage","Armaments"],"picked":"Pommel Strike","floor":6},{"not_picked":["Hemokinesis","Wild Strike","Headbutt"],"picked":"SKIP","floor":10},{"not_picked":["Sword Boomerang","Rage","Bloodletting"],"picked":"SKIP","floor":11},{"not_picked":["Perfected Strike","Body Slam"],"picked":"Evolve","floor":12},{"not_picked":["Whirlwind","Double Tap"],"picked":"True Grit","floor":14}],"player_experience":194403,"relics_obtained":[{"floor":6,"key":"Pantograph"},{"floor":9,"key":"Anchor"},{"floor":11,"key":"Lantern"}],"event_choices":[{"damage_healed":0,"gold_gain":0,"player_choice":"Grow","damage_taken":0,"max_hp_gain":0,"max_hp_loss":0,"event_name":"Living Wall","floor":3,"gold_loss":0,"cards_upgraded":["Bash"]},{"damage_healed":0,"gold_gain":0,"player_choice":"Ignored","damage_taken":0,"max_hp_gain":0,"max_hp_loss":0,"event_name":"Liars Game","floor":7,"gold_loss":0},{"damage_healed":20,"gold_gain":0,"player_choice":"Healed","damage_taken":0,"max_hp_gain":0,"max_hp_loss":0,"event_name":"The Cleric","floor":8,"gold_loss":35}],"is_beta":false,"boss_relics":[],"items_purged_floors":[5],"is_endless":false,"potions_floor_spawned":[4,11,12],"killed_by":"The Guardian","ascension_level":5}