{"gold_per_floor":[114,114,131,131,151,176,176,187,187,187,187,206,237,251,251,348,348,364,146,146,165,89,89,89,89,165,265,296,309,209,227,227,325,325,339,350,40,53,53,53,73,73,120,120,21,35,53,71,71,71],"floor_reached":51,"playtime":3617,"items_purged":["Strike_B","Defend_B","Strike_B"],"score":629,"play_id":"8aa4dc65-6171-47e8-80c5-d7a1846b9f49","local_time":"20190609122417","is_ascension_mode":false,"campfire_choices":[{"data":"Zap","floor":7.0,"key":"SMITH"},{"data":"Dualcast","floor":10.0,"key":"SMITH"},{"floor":15.0,"key":"REST"},{"data":"Echo Form","floor":23.0,"key":"SMITH"},{"data":"Loop","floor":25.0,"key":"SMITH"},{"floor":32,"key":"REST"},{"floor":40,"key":"REST"},{"floor":49,"key":"REST"}],"neow_cost":"NONE","seed_source_timestamp":0,"circlet_count":0,"master_deck":["Zap+1","Dualcast+1","Glacier","Cold Snap","Hologram","Thunder Strike","Loop+1","Glacier","Buffer","Seek","Ball Lightning","Echo Form+1","J.A.X.","Beam Cell+1","Force Field","Tempest+1","Ball Lightning+1","Static Discharge","FTL","Chill+1","Madness","Madness"],"special_seed":0,"relics":["Cracked Core","Blue Candle","Ornamental Fan","Juzu Bracelet","Runic Dome","Ancient Tea Set","Kunai","FossilizedHelix","Mummified Hand","Bottled Tornado","Empty Cage","Vajra","Centennial Puzzle","Oddly Smooth Stone"],"potions_floor_usage":[33,33,50,50,50],"damage_taken":[{"damage":6.0,"enemies":"Jaw Worm","floor":1.0,"turns":2.0},{"damage":5.0,"enemies":"2 Louse","floor":3.0,"turns":3.0},{"damage":0.0,"enemies":"Cultist","floor":5.0,"turns":4.0},{"damage":20.0,"enemies":"Lagavulin","floor":6.0,"turns":7.0},{"damage":7.0,"enemies":"Exordium Wildlife","floor":8.0,"turns":4.0},{"damage":7.0,"enemies":"Exordium Thugs","floor":12.0,"turns":3.0},{"damage":10.0,"enemies":"Gremlin Nob","floor":13.0,"turns":4.0},{"damage":11.0,"enemies":"3 Louse","floor":14.0,"turns":2.0},{"damage":3.0,"enemies":"Hexaghost","floor":16.0,"turns":9.0},{"damage":0.0,"enemies":"Chosen","floor":18.0,"turns":4.0},{"damage":0.0,"enemies":"Spheric Guardian","floor":21.0,"turns":5.0},{"damage":26.0,"enemies":"Colosseum Slavers","floor":27.0,"turns":5.0},{"damage":20.0,"enemies":"Colosseum Nobs","floor":27.0,"turns":5.0},{"damage":12.0,"enemies":"Book of Stabbing","floor":28.0,"turns":5.0},{"damage":11.0,"enemies":"Centurion and Healer","floor":29.0,"turns":7.0},{"damage":6.0,"enemies":"Shelled Parasite and Fungi","floor":31.0,"turns":5.0},{"damage":26,"enemies":"Collector","floor":33,"turns":8},{"damage":25,"enemies":"3 Shapes","floor":35,"turns":4},{"damage":0,"enemies":"Orb Walker","floor":36,"turns":4},{"damage":22,"enemies":"3 Darklings","floor":38,"turns":4},{"damage":0,"enemies":"Jaw Worm Horde","floor":41,"turns":4},{"damage":0,"enemies":"Sphere and 2 Shapes","floor":46,"turns":3},{"damage":0,"enemies":"3 Darklings","floor":47,"turns":5},{"damage":14,"enemies":"Writhing Mass","floor":48,"turns":3},{"damage":48,"enemies":"Time Eater","floor":50,"turns":8}],"seed_played":"-8691725459244032584","potions_obtained":[{"floor":5.0,"key":"LiquidBronze"},{"floor":8.0,"key":"Fire Potion"},{"floor":13.0,"key":"LiquidBronze"},{"floor":21.0,"key":"Swift Potion"},{"floor":28.0,"key":"Energy Potion"},{"floor":29.0,"key":"LiquidBronze"},{"floor":33,"key":"Poison Potion"},{"floor":35,"key":"SteroidPotion"},{"floor":48,"key":"Strength Potion"}],"is_trial":false,"path_per_floor":["M","?","M","?","M","E","R","M","T","R","?","M","E","M","R","B",null,"M","$","?","M","$","R","?","R","T","?","E","M","$","M","R","B",null,"M","M","$","M","?","R","M","?","T","?","$","M","M","M","R","B",null],"character_chosen":"DEFECT","items_purchased":["Ancient Tea Set","Echo Form","Static Discharge","Vajra","Weak Potion","Strength Potion"],"campfire_rested":4,"item_purchase_floors":[19,22,37,37,45,45],"current_hp_per_floor":[76,69,64,64,64,44,44,37,37,37,37,30,20,9,33,30,82,82,82,82,82,82,82,82,82,82,36,24,13,13,7,31,5,82,57,57,57,35,35,59,59,49,49,49,49,49,49,35,59,11],"gold":71,"neow_bonus":"TEN_PERCENT_HP_BONUS","is_prod":false,"is_daily":false,"chose_seed":false,"campfire_upgraded":4,"win_rate":0.0,"timestamp":1560075857,"path_taken":["M","?","M","?","M","E","R","M","T","R","?","?","E","M","R","BOSS","M","$","?","M","?","R","?","R","T","?","E","M","?","M","R","BOSS","M","M","$","M","?","R","M","?","T","?","?","M","M","M","R","BOSS"],"build_version":"2019-01-23","purchased_purges":3,"victory":true,"max_hp_per_floor":[82,82,82,82,82,82,82,82,82,82,82,82,82,82,82,82,82,82,82,82,82,82,82,82,82,82,82,82,82,82,82,82,82,82,82,82,82,82,82,82,82,82,82,82,82,82,82,82,82,82],"card_choices":[{"not_picked":["Sweeping Beam","Static Discharge"],"picked":"Glacier","floor":1.0},{"not_picked":["Doom and Gloom","Darkness","Double Energy"],"picked":"SKIP","floor":3.0},{"not_picked":["Turbo","Chaos"],"picked":"Cold Snap","floor":5.0},{"not_picked":["Gash","Static Discharge"],"picked":"Hologram","floor":6.0},{"not_picked":["Hologram","Gash","Darkness"],"picked":"SKIP","floor":8.0},{"not_picked":["Stack","Turbo"],"picked":"Thunder Strike","floor":12.0},{"not_picked":["Undo","Compile Driver"],"picked":"Loop","floor":13.0},{"not_picked":["Coolheaded","Gash"],"picked":"Glacier","floor":14.0},{"not_picked":["Thunder Strike","Meteor Strike"],"picked":"Buffer","floor":16.0},{"not_picked":["Barrage","Stack","Loop"],"picked":"SKIP","floor":18.0},{"not_picked":["Steam","Gash"],"picked":"Ball Lightning","floor":21.0},{"not_picked":["Lockon","Turbo"],"picked":"Beam Cell+1","floor":27.0},{"not_picked":["Turbo","Stack"],"picked":"Force Field","floor":28.0},{"not_picked":["Auto Shields","Consume","Steam"],"picked":"SKIP","floor":29.0},{"not_picked":["Coolheaded","Stack","Steam"],"picked":"SKIP","floor":31.0},{"not_picked":["Ball Lightning+1","Turbo"],"picked":"Tempest+1","floor":35},{"not_picked":["Conserve Battery+1","Steam Power"],"picked":"Ball Lightning+1","floor":36},{"not_picked":["Coolheaded+1","Redo+1"],"picked":"FTL","floor":38},{"not_picked":["Streamline","Tempest"],"picked":"Chill+1","floor":41},{"not_picked":["Redo+1","Hello World+1","Tempest+1"],"picked":"SKIP","floor":46},{"not_picked":["Turbo","Beam Cell+1","Reprogram"],"picked":"SKIP","floor":47},{"not_picked":["Rebound","Sweeping Beam+1","Hello World+1"],"picked":"SKIP","floor":48}],"player_experience":137974,"relics_obtained":[{"floor":6.0,"key":"Blue Candle"},{"floor":9.0,"key":"Ornamental Fan"},{"floor":13.0,"key":"Juzu Bracelet"},{"floor":26.0,"key":"Kunai"},{"floor":27.0,"key":"FossilizedHelix"},{"floor":27.0,"key":"Mummified Hand"},{"floor":28.0,"key":"Bottled Tornado"},{"floor":43,"key":"Oddly Smooth Stone"}],"event_choices":[{"cards_removed":["Defend_B"],"damage_healed":0.0,"max_hp_gain":0.0,"max_hp_loss":0.0,"gold_gain":0.0,"event_name":"Golden Wing","player_choice":"Card Removal","floor":2.0,"gold_loss":0.0,"damage_taken":7.0},{"damage_healed":0.0,"max_hp_gain":0.0,"max_hp_loss":0.0,"gold_gain":0.0,"event_name":"Liars Game","player_choice":"Ignored","floor":4.0,"gold_loss":0.0,"damage_taken":0.0},{"cards_removed":["Strike_B"],"damage_healed":0.0,"max_hp_gain":0.0,"max_hp_loss":0.0,"gold_gain":0.0,"event_name":"Wheel of Change","player_choice":"Card Removal","floor":11.0,"gold_loss":0.0,"damage_taken":0.0},{"damage_healed":0.0,"max_hp_gain":0.0,"max_hp_loss":0.0,"gold_gain":0.0,"cards_transformed":["Defend_B"],"event_name":"Transmorgrifier","player_choice":"Transformed","floor":20.0,"gold_loss":0.0,"damage_taken":0.0,"cards_obtained":["Seek"]},{"damage_healed":0.0,"max_hp_gain":0.0,"max_hp_loss":0.0,"gold_gain":0.0,"event_name":"Drug Dealer","player_choice":"Obtain J.A.X.","floor":24.0,"gold_loss":0.0,"damage_taken":0.0,"cards_obtained":["J.A.X."]},{"damage_healed":0.0,"max_hp_gain":0.0,"max_hp_loss":0.0,"gold_gain":0.0,"event_name":"Colosseum","player_choice":"Fight","floor":27.0,"gold_loss":0.0,"damage_taken":0.0},{"damage_healed":0.0,"max_hp_gain":0.0,"max_hp_loss":0.0,"gold_gain":0.0,"event_name":"Colosseum","player_choice":"Fought Nobs","floor":27.0,"gold_loss":0.0,"damage_taken":0.0},{"damage_healed":0,"gold_gain":0,"player_choice":"Gave Potion","damage_taken":0,"relics_obtained":["Centennial Puzzle"],"max_hp_gain":0,"max_hp_loss":0,"event_name":"WeMeetAgain","floor":39,"gold_loss":0},{"damage_healed":0,"gold_gain":0,"player_choice":"Embrace Madness","damage_taken":10,"max_hp_gain":0,"max_hp_loss":0,"event_name":"Winding Halls","floor":42,"gold_loss":0,"cards_obtained":["Madness","Madness"]},{"damage_healed":0,"gold_gain":0,"player_choice":"Ignored","damage_taken":0,"max_hp_gain":0,"max_hp_loss":0,"event_name":"Mysterious Sphere","floor":44,"gold_loss":0}],"is_beta":false,"boss_relics":[{"not_picked":["Fusion Hammer","Lizard Tail"],"picked":"Runic Dome"},{"not_picked":["Calling Bell","White Beast Statue"],"picked":"Empty Cage"}],"items_purged_floors":[19,30,37],"is_endless":false,"potions_floor_spawned":[5,8,13,21,28,29,33,35,46,48],"ascension_level":0}