{"gold_per_floor":[113,123,123,148,148,148,167,206,230,230,72,95,20,34,34,154,154,143,242,60,85,85,85,124,124,147,195,221,252,284,73,73,193,193,207,207,231,47,47,90,111,18,90,103,103,66,66,91,91,91],"floor_reached":51,"playtime":3762,"items_purged":["Regret","Strike_R","Bash","Defend_R+1"],"score":776,"play_id":"d6c448fe-667f-4165-a4a7-d2321fe42c82","local_time":"20190603152400","is_ascension_mode":true,"campfire_choices":[{"data":"Inflame","floor":6.0,"key":"SMITH"},{"data":"Disarm","floor":10.0,"key":"SMITH"},{"floor":15.0,"key":"REST"},{"floor":23.0,"key":"REST"},{"floor":25.0,"key":"REST"},{"floor":32.0,"key":"REST"},{"floor":45.0,"key":"REST"},{"floor":47.0,"key":"REST"},{"floor":49.0,"key":"REST"}],"neow_cost":"NONE","seed_source_timestamp":0,"circlet_count":0,"master_deck":["Strike_R+1","Strike_R+1","Strike_R+1","Strike_R+1","Defend_R+1","Defend_R+1","Metallicize","Inflame+1","Whirlwind","Shrug It Off","Disarm+1","Offering","Shrug It Off","Headbutt","Double Tap","Blood for Blood","Feed","Demon Form","Flame Barrier","Purity","Fiend Fire","Madness","Madness","Hemokinesis","Bandage Up","Feel No Pain"],"special_seed":0,"relics":["Burning Blood","Golden Idol","Bronze Scales","Ancient Tea Set","Omamori","Fusion Hammer","Charon\u0027s Ashes","MawBank","Red Mask","Sozu","Happy Flower","Shuriken"],"potions_floor_usage":[],"damage_taken":[{"damage":14.0,"enemies":"Jaw Worm","floor":1.0,"turns":5.0},{"damage":10.0,"enemies":"Small Slimes","floor":2.0,"turns":5.0},{"damage":6.0,"enemies":"2 Louse","floor":4.0,"turns":4.0},{"damage":9.0,"enemies":"Blue Slaver","floor":7.0,"turns":4.0},{"damage":42.0,"enemies":"3 Sentries","floor":8.0,"turns":6.0},{"damage":1.0,"enemies":"3 Louse","floor":12.0,"turns":2.0},{"damage":24.0,"enemies":"Gremlin Gang","floor":14.0,"turns":3.0},{"damage":22.0,"enemies":"Hexaghost","floor":16.0,"turns":10.0},{"damage":15.0,"enemies":"2 Thieves","floor":18.0,"turns":4.0},{"damage":19.0,"enemies":"3 Byrds","floor":21.0,"turns":4.0},{"damage":30.0,"enemies":"Gremlin Leader","floor":24.0,"turns":6.0},{"damage":27.0,"enemies":"Masked Bandits","floor":27.0,"turns":4.0},{"damage":30.0,"enemies":"Shelled Parasite and Fungi","floor":28.0,"turns":4.0},{"damage":17.0,"enemies":"Chosen and Byrds","floor":29.0,"turns":5.0},{"damage":23.0,"enemies":"Centurion and Healer","floor":30.0,"turns":6.0},{"damage":36.0,"enemies":"Collector","floor":33.0,"turns":11.0},{"damage":10.0,"enemies":"Orb Walker","floor":35.0,"turns":4.0},{"damage":24.0,"enemies":"3 Shapes","floor":37.0,"turns":3.0},{"damage":12.0,"enemies":"Nemesis","floor":40.0,"turns":7.0},{"damage":30.0,"enemies":"Spire Growth","floor":41.0,"turns":4.0},{"damage":19.0,"enemies":"Transient","floor":44.0,"turns":5.0},{"damage":44.0,"enemies":"Maw","floor":48.0,"turns":6.0},{"damage":71,"enemies":"Time Eater","floor":50,"turns":10}],"seed_played":"6528172404333316552","potions_obtained":[{"floor":2.0,"key":"SkillPotion"},{"floor":4.0,"key":"SmokeBomb"},{"floor":12.0,"key":"Weak Potion"},{"floor":18.0,"key":"Regen Potion"},{"floor":30.0,"key":"Swift Potion"},{"floor":33.0,"key":"FairyPotion"}],"is_trial":false,"path_per_floor":["M","M","?","M","?","R","M","E","T","R","$","M","$","M","R","B",null,"M","?","$","M","?","R","E","R","T","?","M","M","M","$","R","B",null,"M","?","M","$","?","E","M","$","T","M","R","$","R","M","R","B",null],"character_chosen":"IRONCLAD","items_purchased":["Offering","Feed","Purity","Hemokinesis","Bandage Up","Feel No Pain"],"campfire_rested":7,"item_purchase_floors":[11,20,31,38,42,46],"current_hp_per_floor":[80,76,76,76,76,76,73,37,37,37,37,42,42,24,48,32,81,72,72,72,62,62,84,60,84,84,63,48,37,23,23,49,19,87,83,72,57,57,57,51,27,27,27,14,41,41,68,34,61,9],"gold":91,"neow_bonus":"TEN_PERCENT_HP_BONUS","is_prod":false,"is_daily":false,"chose_seed":false,"campfire_upgraded":2,"win_rate":0,"timestamp":1559568240,"path_taken":["M","M","?","M","?","R","M","E","T","R","$","M","$","M","R","BOSS","M","?","$","M","?","R","E","R","T","?","M","M","M","$","R","BOSS","M","?","M","$","?","E","M","$","T","M","R","?","R","M","R","BOSS"],"build_version":"2019-01-23","purchased_purges":4,"victory":true,"max_hp_per_floor":[88,88,81,81,81,81,81,81,81,81,81,81,81,81,81,81,81,81,81,81,84,84,84,84,84,84,84,84,84,87,87,87,87,87,87,87,90,90,90,90,90,90,90,90,90,90,90,90,90,90],"card_choices":[{"not_picked":["Thunderclap","Heavy Blade"],"picked":"Metallicize","floor":1.0},{"not_picked":["Heavy Blade","Flex"],"picked":"Inflame","floor":2.0},{"not_picked":["Armaments","Entrench"],"picked":"Whirlwind","floor":4.0},{"not_picked":["Headbutt","Reckless Charge"],"picked":"Shrug It Off","floor":7.0},{"not_picked":["Carnage","Perfected Strike"],"picked":"Disarm","floor":8.0},{"not_picked":["Entrench","Cleave"],"picked":"Shrug It Off","floor":12.0},{"not_picked":["Thunderclap","Entrench"],"picked":"Headbutt","floor":14.0},{"not_picked":["Bludgeon","Feed"],"picked":"Double Tap","floor":16.0},{"not_picked":["Clash","Thunderclap+1"],"picked":"Blood for Blood","floor":18.0},{"not_picked":["Clothesline","Sever Soul","Warcry"],"picked":"SKIP","floor":21.0},{"not_picked":["Sever Soul","Thunderclap","Hemokinesis+1"],"picked":"SKIP","floor":24.0},{"not_picked":["Wild Strike","Flame Barrier"],"picked":"Demon Form","floor":27.0},{"not_picked":["Seeing Red","Clothesline","Wild Strike"],"picked":"SKIP","floor":28.0},{"not_picked":["Pommel Strike","Feel No Pain"],"picked":"Flame Barrier","floor":29.0},{"not_picked":["Anger","Clothesline","Wild Strike"],"picked":"SKIP","floor":30.0},{"not_picked":["Bludgeon","Feed"],"picked":"Fiend Fire","floor":33.0},{"not_picked":["Anger","Pummel","Blood for Blood+1"],"picked":"SKIP","floor":35.0},{"not_picked":["Metallicize","Armaments","Searing Blow"],"picked":"SKIP","floor":37.0},{"not_picked":["Perfected Strike","Thunderclap+1","Whirlwind+1"],"picked":"SKIP","floor":40.0},{"not_picked":["Infernal Blade+1","Clothesline+1","Shrug It Off+1"],"picked":"SKIP","floor":41.0},{"not_picked":["Headbutt+1","Armaments","Power Through+1"],"picked":"SKIP","floor":44.0},{"not_picked":["Rage","Perfected Strike","Immolate"],"picked":"SKIP","floor":48.0}],"player_experience":119736,"relics_obtained":[{"floor":8.0,"key":"Ancient Tea Set"},{"floor":9.0,"key":"Omamori"},{"floor":24.0,"key":"Charon\u0027s Ashes"},{"floor":26.0,"key":"MawBank"},{"floor":27.0,"key":"Red Mask"},{"floor":40.0,"key":"Happy Flower"},{"floor":43.0,"key":"Shuriken"}],"event_choices":[{"damage_healed":0.0,"max_hp_gain":0.0,"max_hp_loss":7.0,"gold_gain":0.0,"event_name":"Golden Idol","player_choice":"Lose Max HP","floor":3.0,"gold_loss":0.0,"damage_taken":0.0,"relics_obtained":["Golden Idol"]},{"damage_healed":0.0,"max_hp_gain":0.0,"max_hp_loss":0.0,"gold_gain":0.0,"event_name":"Big Fish","player_choice":"Box","floor":5.0,"gold_loss":0.0,"damage_taken":0.0,"relics_obtained":["Bronze Scales"],"cards_obtained":["Regret"]},{"damage_healed":0.0,"max_hp_gain":0.0,"max_hp_loss":0.0,"gold_gain":99.0,"event_name":"Nest","player_choice":"Stole From Cult","floor":19.0,"gold_loss":0.0,"damage_taken":0.0},{"damage_healed":0.0,"max_hp_gain":0.0,"max_hp_loss":0.0,"gold_gain":0.0,"event_name":"Back to Basics","player_choice":"Simplicity","floor":22.0,"gold_loss":0.0,"damage_taken":0.0,"cards_upgraded":["Strike_R","Strike_R","Strike_R","Strike_R","Defend_R","Defend_R","Defend_R","Defend_R"]},{"damage_healed":0.0,"max_hp_gain":0.0,"max_hp_loss":0.0,"gold_gain":0.0,"event_name":"Masked Bandits","player_choice":"Fought Bandits","floor":27.0,"gold_loss":0.0,"damage_taken":0.0},{"damage_healed":0.0,"max_hp_gain":0.0,"max_hp_loss":0.0,"gold_gain":0.0,"event_name":"Winding Halls","player_choice":"Embrace Madness","floor":36.0,"gold_loss":0.0,"damage_taken":11.0,"cards_obtained":["Madness","Madness"]},{"cards_removed":["Defend_R"],"damage_healed":0.0,"max_hp_gain":0.0,"max_hp_loss":0.0,"gold_gain":0.0,"event_name":"Falling","player_choice":"Removed Skill","floor":39.0,"gold_loss":0.0,"damage_taken":0.0}],"is_beta":false,"boss_relics":[{"not_picked":["Lizard Tail","Runic Pyramid"],"picked":"Fusion Hammer"},{"not_picked":["Calling Bell","Black Star"],"picked":"Sozu"}],"items_purged_floors":[13,20,31,38],"is_endless":false,"potions_floor_spawned":[2,4,12,18,24,30,33,35,37],"ascension_level":4}