{"gold_per_floor":[116,133,145,162,162,162,178,178,204,239,239,94,104,122,122,226,226,207,224,43,62,78,78,92,92,92,92,106,133,133],"floor_reached":30,"playtime":5212,"items_purged":["Defend_B","Strike_B"],"score":256,"play_id":"7d4ce051-95ad-4683-bc32-954260b8d453","local_time":"20190607123440","is_ascension_mode":false,"campfire_choices":[{"data":"Go for the Eyes","floor":6.0,"key":"SMITH"},{"data":"Loop","floor":8.0,"key":"SMITH"},{"data":"Dualcast","floor":15.0,"key":"SMITH"},{"floor":23,"key":"REST"},{"data":"Creative AI","floor":25,"key":"SMITH"},{"floor":27,"key":"REST"}],"neow_cost":"NONE","seed_source_timestamp":0,"circlet_count":0,"master_deck":["Strike_B","Strike_B","Strike_B","Defend_B","Defend_B","Zap","Dualcast+1","Conserve Battery","Go for the Eyes+1","Loop+1","Glacier","Loop","All For One","Capacitor","Reinforced Body","Creative AI+1","Finesse","Defragment","Defragment"],"special_seed":0,"relics":["Cracked Core","Pen Nib","Bag of Marbles","Nuclear Battery","Ornamental Fan","Centennial Puzzle"],"potions_floor_usage":[22],"damage_taken":[{"damage":1.0,"enemies":"Cultist","floor":1.0,"turns":3.0},{"damage":0.0,"enemies":"2 Louse","floor":2.0,"turns":2.0},{"damage":0.0,"enemies":"Small Slimes","floor":3.0,"turns":4.0},{"damage":0.0,"enemies":"2 Fungi Beasts","floor":4.0,"turns":4.0},{"damage":1.0,"enemies":"3 Louse","floor":7.0,"turns":4.0},{"damage":28.0,"enemies":"Gremlin Nob","floor":10.0,"turns":5.0},{"damage":17.0,"enemies":"Exordium Thugs","floor":13.0,"turns":4.0},{"damage":4.0,"enemies":"Blue Slaver","floor":14.0,"turns":4.0},{"damage":17.0,"enemies":"Slime Boss","floor":16.0,"turns":14.0},{"damage":19.0,"enemies":"2 Thieves","floor":18.0,"turns":4.0},{"damage":13.0,"enemies":"Spheric Guardian","floor":19.0,"turns":6.0},{"damage":18,"enemies":"Snake Plant","floor":21,"turns":5},{"damage":12,"enemies":"Cultist and Chosen","floor":22,"turns":6},{"damage":22,"enemies":"Chosen and Byrds","floor":24,"turns":7},{"damage":31,"enemies":"Snecko","floor":28,"turns":5},{"damage":4,"enemies":"Book of Stabbing","floor":29,"turns":7},{"damage":11,"enemies":"Snake Plant","floor":30,"turns":2}],"seed_played":"8013561877949658321","potions_obtained":[{"floor":1.0,"key":"FearPotion"},{"floor":4.0,"key":"AttackPotion"},{"floor":14.0,"key":"Dexterity Potion"},{"floor":19.0,"key":"SkillPotion"},{"floor":24,"key":"Poison Potion"}],"is_trial":false,"path_per_floor":["M","M","M","M","?","R","M","R","T","E","?","$","M","M","R","B",null,"M","M","$","M","M","R","M","R","T","R","M","E","M"],"character_chosen":"DEFECT","items_purchased":["Capacitor","Finesse"],"campfire_rested":2,"item_purchase_floors":[12,20],"current_hp_per_floor":[81,81,81,81,81,81,80,80,80,52,52,52,35,31,31,14,82,63,50,50,32,20,44,22,22,22,46,15,11,0],"gold":133,"neow_bonus":"TEN_PERCENT_HP_BONUS","is_prod":false,"is_daily":false,"chose_seed":false,"campfire_upgraded":4,"win_rate":0.0,"timestamp":1559903680,"path_taken":["M","?","M","M","?","R","?","R","T","E","?","?","?","M","R","BOSS","M","M","$","?","M","R","M","R","T","R","M","E","M"],"build_version":"2019-01-23","purchased_purges":2,"victory":false,"max_hp_per_floor":[82,82,82,82,82,82,82,82,82,82,82,82,82,82,82,82,82,82,82,82,82,82,82,82,82,82,82,82,82,82],"card_choices":[{"not_picked":["Force Field","Tempest"],"picked":"Conserve Battery","floor":1.0},{"not_picked":["Stack","Steam","Lockon"],"picked":"SKIP","floor":2.0},{"not_picked":["Ball Lightning","Stack"],"picked":"Go for the Eyes","floor":3.0},{"not_picked":["Leap","Rip and Tear"],"picked":"Loop","floor":4.0},{"not_picked":["Reinforced Body","Genetic Algorithm"],"picked":"Glacier","floor":7.0},{"not_picked":["Rip and Tear","Go for the Eyes"],"picked":"Loop","floor":10.0},{"not_picked":["Sweeping Beam","Blizzard","Aggregate"],"picked":"SKIP","floor":13.0},{"not_picked":["Go for the Eyes","Rip and Tear"],"picked":"Reinforced Body","floor":14.0},{"not_picked":["Multi-Cast","Machine Learning"],"picked":"Creative AI","floor":16.0},{"not_picked":["Streamline+1","Compile Driver","Self Repair+1"],"picked":"SKIP","floor":18.0},{"not_picked":["Go for the Eyes","Darkness","Gash+1"],"picked":"SKIP","floor":19.0},{"not_picked":["Genetic Algorithm","Darkness","Gash"],"picked":"SKIP","floor":21},{"not_picked":["Storm","Genetic Algorithm"],"picked":"Defragment","floor":22},{"not_picked":["Ball Lightning+1","Lockon+1","Hello World"],"picked":"SKIP","floor":24},{"not_picked":["Conserve Battery","Capacitor","Cold Snap+1"],"picked":"SKIP","floor":28},{"not_picked":["Leap+1","Conserve Battery"],"picked":"Defragment","floor":29}],"player_experience":132651,"relics_obtained":[{"floor":9.0,"key":"Pen Nib"},{"floor":10.0,"key":"Bag of Marbles"},{"floor":26,"key":"Ornamental Fan"},{"floor":29,"key":"Centennial Puzzle"}],"event_choices":[{"damage_healed":0.0,"max_hp_gain":0.0,"max_hp_loss":0.0,"gold_gain":0.0,"event_name":"The Woman in Blue","player_choice":"Bought 0 Potions","floor":5.0,"gold_loss":0.0,"damage_taken":0.0},{"damage_healed":0.0,"max_hp_gain":0.0,"max_hp_loss":0.0,"gold_gain":0.0,"cards_transformed":["Defend_B"],"event_name":"Transmorgrifier","player_choice":"Transformed","floor":11.0,"gold_loss":0.0,"damage_taken":0.0,"cards_obtained":["All For One"]}],"is_beta":false,"boss_relics":[{"not_picked":["Busted Crown","Empty Cage"],"picked":"Nuclear Battery"}],"items_purged_floors":[12,20],"is_endless":false,"potions_floor_spawned":[1,4,14,19,24,28,29],"killed_by":"Snake Plant","ascension_level":0}