{"gold_per_floor":[116,132,142,142,142,142,161,161,161,173,185,203,150,167,167,268,268,284,99,99],"floor_reached":20,"playtime":541,"items_purged":[],"score":168,"play_id":"669d6544-aa93-411c-9580-6d7c2edac880","local_time":"20191023002113","is_ascension_mode":false,"campfire_choices":[{"data":"Wild Strike","floor":6,"key":"SMITH"},{"data":"Cleave","floor":8,"key":"SMITH"},{"data":"Armaments","floor":15,"key":"SMITH"}],"neow_cost":"NONE","seed_source_timestamp":296403256840000,"circlet_count":0,"master_deck":["Strike_R","Strike_R","Strike_R","Strike_R","Defend_R","Defend_R","Defend_R","Defend_R","Bash","Wild Strike+1","Sever Soul","Cleave+1","True Grit","Evolve","Armaments+1","Shrug It Off","Double Tap","Power Through","Writhe"],"relics":["Mark of Pain","Bag of Preparation","The Courier"],"potions_floor_usage":[11],"damage_taken":[{"damage":1,"enemies":"Jaw Worm","floor":1,"turns":3},{"damage":1,"enemies":"Cultist","floor":2,"turns":4},{"damage":0,"enemies":"Small Slimes","floor":3,"turns":2},{"damage":0,"enemies":"3 Louse","floor":7,"turns":3},{"damage":6,"enemies":"Red Slaver","floor":10,"turns":3},{"damage":15,"enemies":"Large Slime","floor":11,"turns":4},{"damage":3,"enemies":"Looter","floor":12,"turns":3},{"damage":0,"enemies":"Gremlin Gang","floor":14,"turns":2},{"damage":21,"enemies":"The Guardian","floor":16,"turns":11},{"damage":12,"enemies":"3 Byrds","floor":18,"turns":5}],"seed_played":"980877793979671736","potions_obtained":[{"floor":3,"key":"Fire Potion"},{"floor":10,"key":"FearPotion"},{"floor":11,"key":"Fruit Juice"},{"floor":12,"key":"SpeedPotion"},{"floor":14,"key":"FairyPotion"}],"is_trial":false,"path_per_floor":["M","M","M","$","?","R","M","R","T","M","M","M","$","M","R","B",null,"M","$","?"],"character_chosen":"IRONCLAD","items_purchased":["Armaments","Power Through","Bag of Preparation"],"campfire_rested":0,"item_purchase_floors":[13,19,19],"current_hp_per_floor":[79,78,78,78,78,78,78,78,78,72,62,59,59,59,59,38,85,73,73,73],"gold":99,"neow_bonus":"BOSS_RELIC","is_prod":false,"is_daily":false,"chose_seed":false,"campfire_upgraded":3,"win_rate":0,"timestamp":1571757673,"path_taken":["M","M","M","$","?","R","M","R","T","M","M","M","$","?","R","BOSS","M","$","?"],"build_version":"2019-10-21","purchased_purges":0,"victory":false,"max_hp_per_floor":[80,80,80,80,80,80,80,80,80,80,85,85,85,85,85,85,85,85,85,85],"card_choices":[{"not_picked":["Metallicize","Armaments"],"picked":"Wild Strike","floor":1},{"not_picked":["Warcry","Combust","Heavy Blade"],"picked":"SKIP","floor":2},{"not_picked":["Clash","Anger"],"picked":"Sever Soul","floor":3},{"not_picked":["Carnage","Perfected Strike"],"picked":"Cleave","floor":7},{"not_picked":["Searing Blow","Sword Boomerang"],"picked":"True Grit","floor":10},{"not_picked":["Heavy Blade","Pommel Strike"],"picked":"Evolve","floor":11},{"not_picked":["Rupture","Blood for Blood","Cleave"],"picked":"SKIP","floor":12},{"not_picked":["Exhume","Pommel Strike"],"picked":"Shrug It Off","floor":14},{"not_picked":["Corruption","Barricade"],"picked":"Double Tap","floor":16},{"not_picked":["Clash","Perfected Strike","Rampage"],"picked":"SKIP","floor":18}],"player_experience":731123,"relics_obtained":[],"event_choices":[{"cards_removed":["Strike_R"],"damage_healed":0,"gold_gain":0,"player_choice":"Purged","damage_taken":0,"max_hp_gain":0,"max_hp_loss":0,"event_name":"Purifier","floor":5,"gold_loss":0},{"damage_healed":0,"gold_gain":0,"player_choice":"Opened","damage_taken":0,"relics_obtained":["The Courier"],"max_hp_gain":0,"max_hp_loss":0,"event_name":"The Mausoleum","floor":20,"gold_loss":0,"cards_obtained":["Writhe"]}],"is_beta":true,"boss_relics":[{"not_picked":["SacredBark","Calling Bell","Empty Cage"]}],"items_purged_floors":[],"is_endless":false,"potions_floor_spawned":[3,10,11,12,14],"ascension_level":0}