{"gold_per_floor":[119,131,149,149,164,192,212,212,212,212,226,253,253,288,288,388,388,406,425,425,79,93,127,127,143,223,243,273,273,283,313,313,414,414,428,428,147,147,165,165,192,192,216,316,345,345,361,361,361,361],"floor_reached":51,"playtime":3635,"items_purged":["Strike_G"],"score":981,"play_id":"5c0edf7e-0faa-4c09-a622-da5f8a154d82","local_time":"20191011015336","is_ascension_mode":true,"campfire_choices":[{"floor":8,"key":"REST"},{"data":"Leg Sweep","floor":10,"key":"SMITH"},{"floor":13,"key":"REST"},{"data":"Bouncing Flask","floor":15,"key":"SMITH"},{"floor":29,"key":"REST"},{"floor":32,"key":"REST"},{"data":"Footwork","floor":40,"key":"SMITH"},{"data":"Wraith Form v2","floor":42,"key":"SMITH"},{"data":"Well Laid Plans","floor":46,"key":"SMITH"},{"data":"Caltrops","floor":49,"key":"SMITH"}],"neow_cost":"NONE","seed_source_timestamp":3954653644600,"circlet_count":0,"master_deck":["Strike_G+1","Strike_G+1","Strike_G+1","Strike_G+1","Defend_G+1","Defend_G+1","Defend_G+1","Defend_G+1","Defend_G+1","Survivor","Dagger Spray","Caltrops+1","Terror","Well Laid Plans+1","Discovery","PiercingWail","Leg Sweep+1","Deadly Poison","Bouncing Flask+1","Wraith Form v2+1","Cloak And Dagger","Noxious Fumes","Burst","Footwork+1","Mayhem","Crippling Poison+1","Deadly Poison+1","Noxious Fumes+1","Adrenaline+1","Backflip+1","Dodge and Roll+1","Night Terror+1","Blind+1","Madness+1","Well Laid Plans+1"],"special_seed":0,"relics":["Ring of the Snake","NeowsBlessing","StoneCalendar","Anchor","Ornamental Fan","Velvet Choker","Nloth\u0027s Gift","Toxic Egg 2","Eternal Feather","Orichalcum","Bag of Marbles","SacredBark","Oddly Smooth Stone","Omamori","Bag of Preparation","Torii","Snake Skull"],"potions_floor_usage":[25,25,28,31,50,50],"damage_taken":[{"damage":0.0,"enemies":"Small Slimes","floor":1.0,"turns":1.0},{"damage":0.0,"enemies":"Cultist","floor":2.0,"turns":1.0},{"damage":0.0,"enemies":"Jaw Worm","floor":3.0,"turns":1.0},{"damage":21,"enemies":"Gremlin Gang","floor":5,"turns":3},{"damage":26,"enemies":"Gremlin Nob","floor":6,"turns":4},{"damage":4,"enemies":"2 Fungi Beasts","floor":7,"turns":5},{"damage":0,"enemies":"3 Louse","floor":11,"turns":3},{"damage":17,"enemies":"Lagavulin","floor":12,"turns":7},{"damage":10,"enemies":"3 Sentries","floor":14,"turns":7},{"damage":11,"enemies":"The Guardian","floor":16,"turns":8},{"damage":1,"enemies":"3 Byrds","floor":18,"turns":3},{"damage":0,"enemies":"Chosen","floor":19,"turns":4},{"damage":1,"enemies":"Centurion and Healer","floor":22,"turns":7},{"damage":29,"enemies":"Gremlin Leader","floor":23,"turns":7},{"damage":4,"enemies":"Chosen and Byrds","floor":25,"turns":5},{"damage":12,"enemies":"Snake Plant","floor":27,"turns":4},{"damage":6,"enemies":"Book of Stabbing","floor":28,"turns":7},{"damage":9,"enemies":"Sentry and Sphere","floor":30,"turns":4},{"damage":24,"enemies":"Slavers","floor":31,"turns":4},{"damage":11,"enemies":"Automaton","floor":33,"turns":8},{"damage":5,"enemies":"Orb Walker","floor":35,"turns":5},{"damage":5,"enemies":"3 Shapes","floor":39,"turns":4},{"damage":5,"enemies":"Nemesis","floor":41,"turns":7},{"damage":0,"enemies":"Mind Bloom Boss Battle","floor":44,"turns":7},{"damage":12,"enemies":"Reptomancer","floor":45,"turns":7},{"damage":12,"enemies":"Jaw Worm Horde","floor":47,"turns":5},{"damage":2,"enemies":"Donu and Deca","floor":50,"turns":7}],"seed_played":"-6968419977757697744","potions_obtained":[{"floor":5,"key":"LiquidBronze"},{"floor":6,"key":"EssenceOfSteel"},{"floor":7,"key":"Weak Potion"},{"floor":25,"key":"Fruit Juice"},{"floor":31,"key":"Swift Potion"},{"floor":41,"key":"Block Potion"}],"is_trial":false,"path_per_floor":["M","M","M","?","M","E","M","R","T","R","M","E","R","E","R","B",null,"M","M","?","$","M","E","?","M","T","M","E","R","M","E","R","B",null,"M","?","$","?","M","R","E","R","T","?","E","R","M","?","R","B",null],"character_chosen":"THE_SILENT","items_purchased":["Footwork","Mayhem","Oddly Smooth Stone","DuplicationPotion","SkillPotion"],"campfire_rested":4,"item_purchase_floors":[21,21,37,37,37],"current_hp_per_floor":[63,63,63,63,42,16,12,33,33,33,33,16,37,27,27,16,57,56,56,56,56,55,26,26,27,27,15,9,49,40,16,56,45,68,63,63,63,53,48,69,64,75,75,75,63,75,63,63,75,73],"gold":361,"neow_bonus":"THREE_ENEMY_KILL","is_prod":false,"is_daily":false,"chose_seed":false,"campfire_upgraded":6,"win_rate":0,"timestamp":1570726416,"path_taken":["M","M","M","?","M","E","M","R","T","R","?","E","R","E","R","BOSS","M","M","?","$","?","E","?","M","T","M","E","R","M","E","R","BOSS","M","?","$","?","M","R","E","R","T","?","E","R","M","?","R","BOSS"],"build_version":"2019-10-09","purchased_purges":1,"victory":true,"max_hp_per_floor":[70,70,70,70,70,70,70,70,70,70,70,70,70,70,70,70,70,70,70,70,70,70,70,70,75,75,75,75,75,75,75,75,75,75,75,75,75,75,75,75,75,75,75,75,75,75,75,75,75,75],"card_choices":[{"not_picked":["Sucker Punch","Prepared"],"picked":"Dagger Spray","floor":1.0},{"not_picked":["Eviscerate","Reflex"],"picked":"Caltrops","floor":2.0},{"not_picked":["Outmaneuver","PiercingWail"],"picked":"Terror","floor":3.0},{"not_picked":["Finisher","Reflex"],"picked":"PiercingWail","floor":5},{"not_picked":["Distraction","Bane"],"picked":"Leg Sweep","floor":6},{"not_picked":["Setup","Dagger Spray"],"picked":"Deadly Poison","floor":7},{"not_picked":["Tactician","Deadly Poison"],"picked":"Bouncing Flask","floor":11},{"not_picked":["Eviscerate","Bouncing Flask"],"picked":"Wraith Form v2","floor":12},{"not_picked":["Flying Knee","Bane"],"picked":"Cloak And Dagger","floor":13},{"not_picked":["Sucker Punch","Backflip"],"picked":"Noxious Fumes","floor":14},{"not_picked":["Night Terror","Tools of the Trade"],"picked":"Burst","floor":16},{"not_picked":["Underhanded Strike+1","Quick Slash+1","Heel Hook"],"picked":"SKIP","floor":18},{"not_picked":["Flying Knee","Underhanded Strike+1","Cloak And Dagger"],"picked":"SKIP","floor":19},{"not_picked":["Acrobatics","Concentrate"],"picked":"Crippling Poison+1","floor":22},{"not_picked":["Prepared","Bouncing Flask"],"picked":"Deadly Poison","floor":23},{"not_picked":["Doppelganger+1","Deflect+1"],"picked":"Noxious Fumes+1","floor":25},{"not_picked":["Underhanded Strike","Concentrate+1","Noxious Fumes"],"picked":"SKIP","floor":27},{"not_picked":["Cloak And Dagger+1","Infinite Blades"],"picked":"Adrenaline+1","floor":28},{"not_picked":["Sucker Punch+1","Dagger Spray+1"],"picked":"Backflip+1","floor":30},{"not_picked":["Escape Plan+1","Deflect+1"],"picked":"Dodge and Roll+1","floor":31},{"not_picked":["Envenom","Grand Finale"],"picked":"Night Terror+1","floor":33},{"not_picked":["Reflex+1","Flechettes+1","Accuracy+1"],"picked":"SKIP","floor":35},{"not_picked":["Jack Of All Trades+1","Good Instincts+1"],"picked":"Blind+1","floor":38},{"not_picked":["Magnetism","Jack Of All Trades+1"],"picked":"Madness+1","floor":38},{"not_picked":["Underhanded Strike","Slice+1","Deflect+1"],"picked":"SKIP","floor":39},{"not_picked":["Footwork","Riddle With Holes"],"picked":"Well Laid Plans+1","floor":41},{"not_picked":["Glass Knife","Acrobatics+1","Infinite Blades"],"picked":"SKIP","floor":45},{"not_picked":["Well Laid Plans","Reflex+1","Quick Slash+1"],"picked":"SKIP","floor":47}],"player_experience":632185,"relics_obtained":[{"floor":6,"key":"StoneCalendar"},{"floor":9,"key":"Anchor"},{"floor":12,"key":"Dream Catcher"},{"floor":14,"key":"Ornamental Fan"},{"floor":23,"key":"Toxic Egg 2"},{"floor":26,"key":"Eternal Feather"},{"floor":28,"key":"Orichalcum"},{"floor":31,"key":"Bag of Marbles"},{"floor":41,"key":"Omamori"},{"floor":43,"key":"Bag of Preparation"},{"floor":44,"key":"Torii"},{"floor":45,"key":"Snake Skull"}],"event_choices":[{"damage_healed":0.0,"max_hp_gain":0.0,"max_hp_loss":0.0,"gold_gain":0.0,"event_name":"Match and Keep!","player_choice":"2 cards matched","floor":4.0,"gold_loss":0.0,"damage_taken":0.0,"cards_obtained":["Well Laid Plans","Discovery"]},{"damage_healed":0,"gold_gain":0,"player_choice":"Traded Relic","damage_taken":0,"relics_obtained":["Nloth\u0027s Gift"],"max_hp_gain":0,"max_hp_loss":0,"event_name":"N\u0027loth","floor":20,"relics_lost":["Dream Catcher"],"gold_loss":0},{"damage_healed":0,"gold_gain":0,"player_choice":"Simplicity","damage_taken":0,"max_hp_gain":0,"max_hp_loss":0,"event_name":"Back to Basics","floor":24,"gold_loss":0,"cards_upgraded":["Strike_G","Strike_G","Strike_G","Strike_G","Defend_G","Defend_G","Defend_G","Defend_G","Defend_G"]},{"damage_healed":0,"gold_gain":0,"player_choice":"Ignored","damage_taken":0,"max_hp_gain":0,"max_hp_loss":0,"event_name":"Tomb of Lord Red Mask","floor":36,"gold_loss":0},{"damage_healed":0,"gold_gain":0,"player_choice":"Memory 3","damage_taken":10,"max_hp_gain":0,"max_hp_loss":0,"event_name":"SensoryStone","floor":38,"gold_loss":0},{"damage_healed":0,"gold_gain":0,"player_choice":"Fight","damage_taken":0,"max_hp_gain":0,"max_hp_loss":0,"event_name":"MindBloom","floor":44,"gold_loss":0},{"cards_removed":["Neutralize"],"damage_healed":0,"gold_gain":0,"player_choice":"Removed Attack","damage_taken":0,"max_hp_gain":0,"max_hp_loss":0,"event_name":"Falling","floor":48,"gold_loss":0}],"is_beta":true,"boss_relics":[{"not_picked":["Snecko Eye","Empty Cage"],"picked":"Velvet Choker"},{"not_picked":["Calling Bell","WristBlade"],"picked":"SacredBark"}],"items_purged_floors":[21],"is_endless":false,"potions_floor_spawned":[5,6,7,11,14,19,23,25,31,41,44,45],"ascension_level":6}