{"gold_per_floor":[16,16,27,27,27,27,58,58,58,58,85,97,22,33,33,134,134,146,146,146,0,20,36,36,67,138,138,149,149,168,187,187,286,286,306,306,306,84,99,99,99,199,199,54,65,65,65,82,82,82],"floor_reached":51,"playtime":2822,"items_purged":["Strike_G","Defend_G"],"score":1295,"play_id":"efd2dadf-da3d-41b5-8137-33001e204cdb","local_time":"20191020131531","is_ascension_mode":true,"campfire_choices":[{"data":"Neutralize","floor":6.0,"key":"SMITH"},{"data":"Blur","floor":8.0,"key":"SMITH"},{"floor":15.0,"key":"REST"},{"data":"Ghostly","floor":24.0,"key":"SMITH"},{"data":"Ghostly","floor":27.0,"key":"SMITH"},{"data":"Ghostly","floor":29.0,"key":"SMITH"},{"data":"Ghostly","floor":32.0,"key":"SMITH"},{"floor":40.0,"key":"REST"},{"data":"Burst","floor":46.0,"key":"SMITH"},{"floor":49,"key":"REST"}],"neow_cost":"NO_GOLD","seed_source_timestamp":80998967237800,"circlet_count":0,"master_deck":["AscendersBane","Defend_G+1","Defend_G+1","Defend_G","Defend_G","Survivor","Neutralize+1","Dash+1","Crippling Poison","Blur+1","Burst+1","Corpse Explosion","Bouncing Flask","Backflip","Tools of the Trade","Ghostly+1","Ghostly+1","Ghostly+1","Ghostly+1","Ghostly","Catalyst","Noxious Fumes","PiercingWail+1","Leg Sweep+1","Night Terror+1","Well Laid Plans","Dodge and Roll+1","Blur+1","Backflip+1","Catalyst+1"],"special_seed":0,"relics":["Ring of the Snake","Ninja Scroll","Bottled Lightning","Centennial Puzzle","Empty Cage","Art of War","Toxic Egg 2","Matryoshka","Velvet Choker","Anchor","StoneCalendar","Orichalcum","Paper Crane"],"potions_floor_usage":[],"damage_taken":[{"damage":0.0,"enemies":"2 Louse","floor":1.0,"turns":4.0},{"damage":0.0,"enemies":"Small Slimes","floor":3.0,"turns":6.0},{"damage":18.0,"enemies":"Gremlin Nob","floor":7.0,"turns":6.0},{"damage":5.0,"enemies":"Lagavulin","floor":11.0,"turns":7.0},{"damage":0.0,"enemies":"Jaw Worm","floor":12.0,"turns":4.0},{"damage":0.0,"enemies":"2 Fungi Beasts","floor":14.0,"turns":2.0},{"damage":0.0,"enemies":"The Guardian","floor":16.0,"turns":13.0},{"damage":1.0,"enemies":"Chosen","floor":18.0,"turns":5.0},{"damage":0.0,"enemies":"Shell Parasite","floor":22.0,"turns":7.0},{"damage":7.0,"enemies":"Snecko","floor":23.0,"turns":7.0},{"damage":1.0,"enemies":"Book of Stabbing","floor":25.0,"turns":7.0},{"damage":0.0,"enemies":"Snake Plant","floor":28.0,"turns":5.0},{"damage":3.0,"enemies":"3 Cultists","floor":30.0,"turns":6.0},{"damage":0.0,"enemies":"Shelled Parasite and Fungi","floor":31.0,"turns":6.0},{"damage":33.0,"enemies":"Champ","floor":33.0,"turns":15.0},{"damage":1.0,"enemies":"Orb Walker","floor":35.0,"turns":7.0},{"damage":11.0,"enemies":"3 Darklings","floor":39.0,"turns":4.0},{"damage":0.0,"enemies":"Reptomancer","floor":41.0,"turns":1.0},{"damage":0.0,"enemies":"Mind Bloom Boss Battle","floor":42.0,"turns":12.0},{"damage":0.0,"enemies":"Writhing Mass","floor":45.0,"turns":9.0},{"damage":0,"enemies":"Maw","floor":48,"turns":6},{"damage":0,"enemies":"Time Eater","floor":50,"turns":10}],"seed_played":"7299805786790201806","potions_obtained":[{"floor":1.0,"key":"LiquidBronze"},{"floor":7.0,"key":"AttackPotion"},{"floor":14.0,"key":"Regen Potion"},{"floor":31.0,"key":"SmokeBomb"},{"floor":42.0,"key":"CultistPotion"}],"is_trial":false,"path_per_floor":["M","?","M","$","?","R","E","R","T","$","E","M","$","M","R","B",null,"M","?","?","$","M","M","R","E","T","R","M","R","M","M","R","B",null,"M","?","?","$","M","R","E","?","T","$","M","R","?","M","R","B",null],"character_chosen":"THE_SILENT","items_purchased":["Art of War","Anchor","Well Laid Plans","Backflip+1"],"campfire_rested":3,"item_purchase_floors":[21,38,38,44],"current_hp_per_floor":[63,63,63,63,49,49,31,31,31,31,26,26,26,26,47,47,64,63,35,35,35,35,28,28,27,27,27,27,27,24,35,35,2,27,26,26,26,26,15,25,25,25,25,25,25,25,25,25,35,35],"gold":82,"neow_bonus":"TRANSFORM_TWO_CARDS","is_prod":false,"is_daily":false,"chose_seed":false,"campfire_upgraded":7,"win_rate":0,"timestamp":1571544931,"path_taken":["M","?","M","$","?","R","E","R","T","?","E","M","$","M","R","BOSS","M","?","?","$","?","M","R","E","T","R","M","R","M","M","R","BOSS","M","?","?","$","M","R","E","?","T","?","M","R","?","M","R","BOSS"],"build_version":"2019-10-18","purchased_purges":2,"victory":true,"max_hp_per_floor":[70,70,70,70,70,70,70,70,70,70,70,70,70,70,70,70,70,70,35,35,35,35,35,35,35,35,35,35,35,35,35,35,35,35,35,35,35,35,35,35,35,35,35,35,35,35,35,35,35,35],"card_choices":[{"not_picked":["Calculated Gamble","Bane"],"picked":"Blur","floor":1.0},{"not_picked":["Blade Dance","Dagger Throw","Riddle With Holes"],"picked":"SKIP","floor":3.0},{"not_picked":["Backflip","PiercingWail"],"picked":"Burst","floor":7.0},{"not_picked":["All Out Attack","Caltrops"],"picked":"Corpse Explosion","floor":11.0},{"not_picked":["Acrobatics","Dagger Spray"],"picked":"Bouncing Flask","floor":12.0},{"not_picked":["Dagger Throw","Flying Knee"],"picked":"Backflip","floor":14.0},{"not_picked":["Venomology","A Thousand Cuts"],"picked":"Tools of the Trade","floor":16.0},{"not_picked":["Blade Dance","Dagger Throw","Flying Knee"],"picked":"SKIP","floor":18.0},{"not_picked":["Endless Agony","Deflect"],"picked":"Catalyst","floor":22.0},{"not_picked":["Backstab","Slice+1","Deflect+1"],"picked":"SKIP","floor":23.0},{"not_picked":["All Out Attack","Dagger Spray","Tactician"],"picked":"SKIP","floor":25.0},{"not_picked":["Finisher","Cloak And Dagger+1"],"picked":"Noxious Fumes","floor":28.0},{"not_picked":["Blade Dance+1","Poisoned Stab"],"picked":"PiercingWail+1","floor":30.0},{"not_picked":["Slice","Tactician+1"],"picked":"Leg Sweep+1","floor":31.0},{"not_picked":["Unload","Phantasmal Killer+1"],"picked":"Night Terror+1","floor":33.0},{"not_picked":["Prepared+1","Cloak And Dagger+1","Eviscerate"],"picked":"SKIP","floor":35.0},{"not_picked":["Outmaneuver+1","Endless Agony+1"],"picked":"Dodge and Roll+1","floor":39.0},{"not_picked":["Setup+1","Prepared+1"],"picked":"Blur+1","floor":42.0},{"not_picked":["Flying Knee","Poisoned Stab"],"picked":"Catalyst+1","floor":45.0},{"not_picked":["Cloak And Dagger+1","Outmaneuver+1","Skewer+1"],"picked":"SKIP","floor":48}],"player_experience":699399,"relics_obtained":[{"floor":7.0,"key":"Ninja Scroll"},{"floor":9.0,"key":"Bottled Lightning"},{"floor":11.0,"key":"Centennial Puzzle"},{"floor":25.0,"key":"Toxic Egg 2"},{"floor":26.0,"key":"Matryoshka"},{"floor":42.0,"key":"StoneCalendar"},{"floor":43.0,"key":"Orichalcum"},{"floor":43.0,"key":"Paper Crane"}],"event_choices":[{"damage_healed":0.0,"max_hp_gain":0.0,"max_hp_loss":0.0,"gold_gain":0.0,"event_name":"Living Wall","player_choice":"Grow","floor":2.0,"gold_loss":0.0,"damage_taken":0.0,"cards_upgraded":["Dash"]},{"damage_healed":0.0,"max_hp_gain":0.0,"max_hp_loss":0.0,"gold_gain":0.0,"event_name":"Shining Light","player_choice":"Entered Light","floor":5.0,"gold_loss":0.0,"damage_taken":14.0,"cards_upgraded":["Defend_G","Defend_G"]},{"damage_healed":0.0,"max_hp_gain":0.0,"max_hp_loss":35.0,"gold_gain":0.0,"event_name":"Ghosts","player_choice":"Became a Ghost","floor":19.0,"gold_loss":0.0,"damage_taken":0.0,"cards_obtained":["Ghostly","Ghostly","Ghostly","Ghostly","Ghostly"]},{"damage_healed":0.0,"max_hp_gain":0.0,"max_hp_loss":0.0,"gold_gain":0.0,"event_name":"Match and Keep!","player_choice":"0 cards matched","floor":20.0,"gold_loss":0.0,"damage_taken":0.0,"cards_obtained":[]},{"damage_healed":0.0,"max_hp_gain":0.0,"max_hp_loss":0.0,"gold_gain":0.0,"event_name":"Tomb of Lord Red Mask","player_choice":"Ignored","floor":36.0,"gold_loss":0.0,"damage_taken":0.0},{"damage_healed":0.0,"max_hp_gain":0.0,"max_hp_loss":0.0,"gold_gain":0.0,"event_name":"SensoryStone","player_choice":"Memory 1","floor":37.0,"gold_loss":0.0,"damage_taken":0.0},{"damage_healed":0.0,"max_hp_gain":0.0,"max_hp_loss":0.0,"gold_gain":0.0,"event_name":"MindBloom","player_choice":"Fight","floor":42.0,"gold_loss":0.0,"damage_taken":0.0},{"damage_healed":0,"gold_gain":0,"player_choice":"Ignored","damage_taken":0,"max_hp_gain":0,"max_hp_loss":0,"event_name":"Transmorgrifier","floor":47,"gold_loss":0}],"is_beta":true,"boss_relics":[{"not_picked":["SlaversCollar","Black Star"],"picked":"Empty Cage"},{"not_picked":["Coffee Dripper","Astrolabe"],"picked":"Velvet Choker"}],"items_purged_floors":[13,44],"is_endless":false,"potions_floor_spawned":[1,7,14,16,18,23,30,31,41,42],"ascension_level":12}