{"gold_per_floor":[118,131,0,0,20,20,48,60,115,115,132,93,93,124,124,201,201,212,102,113,129,29,29,1,16,16,16,35,35,35],"floor_reached":30,"playtime":1141,"items_purged":["Strike_G","Strike_G"],"score":580,"play_id":"21212c64-035a-4c92-ab40-89c591df478b","local_time":"20191025090123","is_ascension_mode":true,"campfire_choices":[{"data":"Neutralize","floor":6.0,"key":"SMITH"},{"floor":10.0,"key":"REST"},{"floor":15.0,"key":"REST"},{"floor":23.0,"key":"REST"},{"floor":27.0,"key":"REST"},{"data":"Corpse Explosion","floor":29.0,"key":"SMITH"}],"neow_cost":"NONE","seed_source_timestamp":43319965009659,"circlet_count":0,"master_deck":["AscendersBane","Strike_G","Strike_G","Defend_G","Defend_G","Defend_G","Defend_G","Defend_G","Survivor","Neutralize+1","Sucker Punch+1","Poisoned Stab","Deadly Poison","Flying Knee","Backstab","Dagger Spray","Corpse Explosion+1","Caltrops+1","PiercingWail","Wraith Form v2+1","Well Laid Plans+1","Poisoned Stab","Sucker Punch+1","Pain","Blur+1"],"special_seed":0,"relics":["White Beast Statue","Frozen Egg 2","Boot","Bronze Scales","Cursed Key","Du-Vu Doll"],"potions_floor_usage":[30],"damage_taken":[{"damage":11.0,"enemies":"Small Slimes","floor":1.0,"turns":5.0},{"damage":2.0,"enemies":"2 Louse","floor":2.0,"turns":2.0},{"damage":0.0,"enemies":"Cultist","floor":5.0,"turns":5.0},{"damage":24.0,"enemies":"Gremlin Nob","floor":7.0,"turns":5.0},{"damage":4.0,"enemies":"2 Fungi Beasts","floor":8.0,"turns":3.0},{"damage":17.0,"enemies":"Gremlin Gang","floor":11.0,"turns":4.0},{"damage":17.0,"enemies":"Lagavulin","floor":14.0,"turns":4.0},{"damage":0.0,"enemies":"Hexaghost","floor":16.0,"turns":9.0},{"damage":11.0,"enemies":"Spheric Guardian","floor":18.0,"turns":5.0},{"damage":23.0,"enemies":"Shell Parasite","floor":20.0,"turns":4.0},{"damage":18.0,"enemies":"Centurion and Healer","floor":21.0,"turns":8.0},{"damage":3.0,"enemies":"Chosen and Byrds","floor":25.0,"turns":4.0},{"damage":31.0,"enemies":"Shelled Parasite and Fungi","floor":28.0,"turns":5.0},{"damage":26,"enemies":"Centurion and Healer","floor":30,"turns":4}],"seed_played":"-4085167493466370061","potions_obtained":[{"floor":1.0,"key":"SkillPotion"},{"floor":2.0,"key":"Dexterity Potion"},{"floor":5.0,"key":"Block Potion"},{"floor":7.0,"key":"SteroidPotion"},{"floor":8.0,"key":"Strength Potion"},{"floor":11.0,"key":"Fire Potion"},{"floor":14.0,"key":"Dexterity Potion"},{"floor":16.0,"key":"Dexterity Potion"},{"floor":18.0,"key":"LiquidBronze"},{"floor":20.0,"key":"SkillPotion"},{"floor":21.0,"key":"SteroidPotion"},{"floor":25.0,"key":"Regen Potion"},{"floor":28.0,"key":"FearPotion"}],"is_trial":false,"path_per_floor":["M","M","$","?","M","R","E","M","T","R","M","$","?","E","R","B",null,"M","?","M","M","$","R","$","M","T","R","M","R","M"],"character_chosen":"THE_SILENT","items_purchased":["Deadly Poison","Caltrops+1","Poisoned Stab"],"campfire_rested":4,"item_purchase_floors":[3,12,24],"current_hp_per_floor":[48,46,46,46,46,46,22,18,18,37,20,20,20,3,22,22,55,44,44,21,3,3,22,22,19,19,38,21,21,0],"gold":35,"neow_bonus":"BOSS_RELIC","is_prod":false,"is_daily":false,"chose_seed":false,"campfire_upgraded":2,"win_rate":0,"timestamp":1572012083,"path_taken":["M","M","$","?","M","R","E","M","T","R","M","$","?","E","R","BOSS","M","?","M","?","$","R","$","M","T","R","M","R","M"],"build_version":"2019-07-17","purchased_purges":2,"victory":false,"max_hp_per_floor":[66,66,66,66,66,66,66,66,66,66,66,66,66,66,66,66,66,66,66,66,66,66,66,66,66,66,66,66,66,66],"card_choices":[{"not_picked":["Backflip","Bane"],"picked":"Sucker Punch","floor":1.0},{"not_picked":["Calculated Gamble","Underhanded Strike"],"picked":"Poisoned Stab","floor":2.0},{"not_picked":["Slice","Quick Slash"],"picked":"Flying Knee","floor":5.0},{"not_picked":["Eviscerate","Quick Slash"],"picked":"Backstab","floor":7.0},{"not_picked":["Backflip","Dagger Throw"],"picked":"Dagger Spray","floor":8.0},{"not_picked":["Acrobatics","Quick Slash"],"picked":"Corpse Explosion","floor":11.0},{"not_picked":["Sucker Punch","Grand Finale"],"picked":"PiercingWail","floor":14.0},{"not_picked":["Malaise","Tools of the Trade+1"],"picked":"Wraith Form v2+1","floor":16.0},{"not_picked":["Escape Plan","Quick Slash+1","Flechettes"],"picked":"SKIP","floor":18.0},{"not_picked":["Skewer","Dagger Throw"],"picked":"Well Laid Plans+1","floor":20.0},{"not_picked":["Slice","Choke","Flying Knee+1"],"picked":"SKIP","floor":21.0},{"not_picked":["Blade Dance","Reflex"],"picked":"Sucker Punch+1","floor":25.0},{"not_picked":["Underhanded Strike","Infinite Blades+1"],"picked":"Blur+1","floor":28.0}],"player_experience":351967,"relics_obtained":[{"floor":7.0,"key":"Frozen Egg 2"},{"floor":9.0,"key":"Boot"},{"floor":14.0,"key":"Bronze Scales"},{"floor":26.0,"key":"Du-Vu Doll"}],"event_choices":[{"damage_healed":0.0,"max_hp_gain":0.0,"max_hp_loss":0.0,"gold_gain":0.0,"event_name":"World of Goop","player_choice":"Left Gold","floor":4.0,"gold_loss":0.0,"damage_taken":0.0},{"damage_healed":0.0,"max_hp_gain":0.0,"max_hp_loss":0.0,"gold_gain":0.0,"event_name":"Liars Game","player_choice":"Ignored","floor":13.0,"gold_loss":0.0,"damage_taken":0.0},{"cards_removed":["Strike_G"],"damage_healed":0.0,"max_hp_gain":0.0,"max_hp_loss":0.0,"gold_gain":0.0,"event_name":"Designer","player_choice":"Upgrade and Remove","floor":19.0,"gold_loss":110.0,"damage_taken":0.0,"cards_upgraded":["Sucker Punch"]}],"is_beta":false,"boss_relics":[{"not_picked":["Sozu","Busted Crown"],"picked":"Cursed Key"}],"items_purged_floors":[3,22],"is_endless":false,"potions_floor_spawned":[1,2,5,7,8,11,14,16,18,20,21,25,28],"killed_by":"Centurion and Healer","ascension_level":20}