{"gold_per_floor":[118,135,135,151,2,2,31,31,31,8,8,21,37,51,51,149,149,149,149,149,68,68,68,68,68,68,68,68,68,68,0,0,0,0,0,0,0,0,0,0,0,0,0,0,0],"floor_reached":45,"playtime":1516,"items_purged":[],"score":753,"play_id":"f7d31347-7464-401b-9a23-130a7d5ffa12","local_time":"20191024205145","is_ascension_mode":true,"campfire_choices":[{"data":"Blade Dance","floor":6.0,"key":"SMITH"},{"floor":8.0,"key":"REST"},{"data":"Cloak And Dagger","floor":11.0,"key":"SMITH"},{"floor":15.0,"key":"REST"},{"floor":24.0,"key":"REST"},{"floor":29.0,"key":"REST"},{"floor":30.0,"key":"REST"},{"data":"A Thousand Cuts","floor":32.0,"key":"SMITH"},{"floor":40,"key":"REST"}],"neow_cost":"PERCENT_DAMAGE","seed_source_timestamp":10073265077600,"circlet_count":0,"master_deck":["AscendersBane","Strike_G","Strike_G","Strike_G","Defend_G","Defend_G","Defend_G","Defend_G","Defend_G","Survivor","Neutralize","Blade Dance+1","Quick Slash","A Thousand Cuts+1","Cloak And Dagger+1","Blade Dance","Finisher","Envenom","PiercingWail","Necronomicurse","Footwork","Backflip+1","Bullet Time","Adrenaline","Blade Dance+1","Prepared+1","Escape Plan","Blur","Blade Dance+1","Bane"],"special_seed":0,"relics":["Ring of the Snake","Peace Pipe","Snake Skull","WingedGreaves","FossilizedHelix","Ectoplasm","Necronomicon","Juzu Bracelet","Mercury Hourglass","Fusion Hammer","StrikeDummy"],"potions_floor_usage":[38,38,45],"damage_taken":[{"damage":0.0,"enemies":"Small Slimes","floor":1.0,"turns":5.0},{"damage":4.0,"enemies":"Cultist","floor":2.0,"turns":6.0},{"damage":0.0,"enemies":"Jaw Worm","floor":4.0,"turns":5.0},{"damage":34.0,"enemies":"Lagavulin","floor":7.0,"turns":7.0},{"damage":9.0,"enemies":"Large Slime","floor":12.0,"turns":6.0},{"damage":0.0,"enemies":"Blue Slaver","floor":13.0,"turns":5.0},{"damage":0.0,"enemies":"3 Louse","floor":14.0,"turns":5.0},{"damage":0.0,"enemies":"Slime Boss","floor":16.0,"turns":6.0},{"damage":13.0,"enemies":"Spheric Guardian","floor":18.0,"turns":4.0},{"damage":0.0,"enemies":"Chosen","floor":22.0,"turns":5.0},{"damage":27.0,"enemies":"Slavers","floor":23.0,"turns":6.0},{"damage":16.0,"enemies":"Snake Plant","floor":25.0,"turns":5.0},{"damage":6.0,"enemies":"Chosen and Byrds","floor":27.0,"turns":5.0},{"damage":20.0,"enemies":"Champ","floor":33.0,"turns":9.0},{"damage":20,"enemies":"3 Darklings","floor":35,"turns":5},{"damage":0,"enemies":"3 Shapes","floor":36,"turns":5},{"damage":10,"enemies":"3 Darklings","floor":38,"turns":3},{"damage":20,"enemies":"Jaw Worm Horde","floor":39,"turns":5},{"damage":16,"enemies":"Transient","floor":41,"turns":5},{"damage":21,"enemies":"Nemesis","floor":45,"turns":2}],"seed_played":"-7547778653154228360","potions_obtained":[{"floor":4.0,"key":"Block Potion"},{"floor":12.0,"key":"DistilledChaos"},{"floor":14.0,"key":"CultistPotion"},{"floor":16.0,"key":"Fire Potion"},{"floor":18.0,"key":"Strength Potion"},{"floor":27.0,"key":"AttackPotion"},{"floor":36,"key":"Explosive Potion"},{"floor":38,"key":"PowerPotion"},{"floor":39,"key":"Strength Potion"}],"is_trial":false,"path_per_floor":["M","M","?","M","$","R","E","R","T","$","R","M","M","M","R","B",null,"M","?","?","$","M","E","R","M","T","M","?","R","R","?","R","B",null,"M","M","?","M","M","R","M","?","T","?","E"],"character_chosen":"THE_SILENT","items_purchased":["Snake Skull","Cloak And Dagger","Footwork"],"campfire_rested":6,"item_purchase_floors":[5,10,21],"current_hp_per_floor":[45,41,41,41,41,41,7,28,28,28,28,19,19,19,40,40,63,50,50,34,34,34,7,28,12,12,6,6,27,48,48,48,28,60,40,40,40,30,10,31,15,15,15,15,0],"gold":0,"neow_bonus":"ONE_RARE_RELIC","is_prod":false,"is_daily":false,"chose_seed":false,"campfire_upgraded":3,"win_rate":0,"timestamp":1571943105,"path_taken":["M","M","?","M","?","R","E","R","T","$","R","M","M","?","R","BOSS","M","?","?","$","M","E","R","M","T","M","?","R","R","?","R","BOSS","M","M","?","M","M","R","M","?","T","?","E"],"build_version":"2019-10-23","purchased_purges":0,"victory":false,"max_hp_per_floor":[70,70,70,70,70,70,70,70,70,70,70,70,70,70,70,70,70,70,70,70,70,70,70,70,70,70,70,70,70,70,70,70,70,70,70,70,70,70,70,70,70,70,70,70,70],"card_choices":[{"not_picked":["Expertise","Outmaneuver"],"picked":"Blade Dance","floor":1.0},{"not_picked":["Outmaneuver","Catalyst"],"picked":"Flying Knee","floor":2.0},{"not_picked":["Slice","Acrobatics"],"picked":"Quick Slash","floor":4.0},{"not_picked":["Calculated Gamble","Blade Dance"],"picked":"A Thousand Cuts","floor":7.0},{"not_picked":["Tactician","Quick Slash"],"picked":"Blade Dance","floor":12.0},{"not_picked":["Setup","Deflect"],"picked":"Finisher","floor":13.0},{"not_picked":["Bane","Dagger Spray","Slice"],"picked":"SKIP","floor":14.0},{"not_picked":["Corpse Explosion","Night Terror"],"picked":"Envenom","floor":16.0},{"not_picked":["Poisoned Stab","Eviscerate"],"picked":"PiercingWail","floor":18.0},{"not_picked":["Dodge and Roll+1","Leg Sweep+1"],"picked":"Backflip+1","floor":22.0},{"not_picked":["Backflip","Dagger Spray"],"picked":"Bullet Time","floor":23.0},{"not_picked":["Quick Slash","Deadly Poison+1","Outmaneuver+1"],"picked":"SKIP","floor":25.0},{"not_picked":["Sucker Punch","Masterful Stab","Deflect"],"picked":"SKIP","floor":27.0},{"not_picked":["Malaise","Phantasmal Killer"],"picked":"Adrenaline","floor":33.0},{"not_picked":["Acrobatics+1","Backflip"],"picked":"Blade Dance+1","floor":35},{"not_picked":["Terror","Dodge and Roll+1"],"picked":"Prepared+1","floor":36},{"not_picked":["Blade Dance","Sucker Punch+1"],"picked":"Escape Plan","floor":38},{"not_picked":["Expertise","Flechettes"],"picked":"Blur","floor":39},{"not_picked":["Deflect+1","Underhanded Strike"],"picked":"Blade Dance+1","floor":41}],"player_experience":511120,"relics_obtained":[{"floor":7.0,"key":"WingedGreaves"},{"floor":9.0,"key":"FossilizedHelix"},{"floor":20.0,"key":"Necronomicon"},{"floor":23.0,"key":"Juzu Bracelet"},{"floor":26.0,"key":"Mercury Hourglass"},{"floor":43,"key":"StrikeDummy"}],"event_choices":[{"cards_removed":["Strike_G"],"damage_healed":0.0,"max_hp_gain":0.0,"max_hp_loss":0.0,"gold_gain":0.0,"event_name":"Purifier","player_choice":"Purged","floor":3.0,"gold_loss":0.0,"damage_taken":0.0},{"damage_healed":0.0,"max_hp_gain":0.0,"max_hp_loss":0.0,"gold_gain":0.0,"event_name":"Vampires","player_choice":"Ignored","floor":19.0,"gold_loss":0.0,"damage_taken":0.0},{"damage_healed":0.0,"max_hp_gain":0.0,"max_hp_loss":0.0,"gold_gain":0.0,"event_name":"Cursed Tome","player_choice":"Obtained Book","floor":20.0,"gold_loss":0.0,"damage_taken":16.0},{"damage_healed":0.0,"max_hp_gain":0.0,"max_hp_loss":0.0,"gold_gain":0.0,"event_name":"Masked Bandits","player_choice":"Paid Fearfully","floor":31.0,"gold_loss":68.0,"damage_taken":0.0},{"damage_healed":0,"gold_gain":0,"player_choice":"Ignored","damage_taken":0,"max_hp_gain":0,"max_hp_loss":0,"event_name":"Mysterious Sphere","floor":37,"gold_loss":0},{"damage_healed":0,"gold_gain":0,"cards_transformed":["Strike_G"],"player_choice":"Transformed","damage_taken":0,"max_hp_gain":0,"max_hp_loss":0,"event_name":"Transmorgrifier","floor":42,"gold_loss":0,"cards_obtained":["Bane"]},{"cards_removed":["Flying Knee"],"damage_healed":0,"gold_gain":0,"player_choice":"Removed Attack","damage_taken":0,"max_hp_gain":0,"max_hp_loss":0,"event_name":"Falling","floor":44,"gold_loss":0}],"is_beta":true,"boss_relics":[{"not_picked":["Snecko Eye","SlaversCollar"],"picked":"Ectoplasm"},{"not_picked":["SacredBark","Black Star"],"picked":"Fusion Hammer"}],"items_purged_floors":[],"is_endless":false,"potions_floor_spawned":[4,12,14,16,18,27,36,38,39],"killed_by":"Nemesis","ascension_level":10}