{"gold_per_floor":[114,124,144,171,246,278,296,296,347,347,360,360,360,377,377,475,475],"floor_reached":17,"playtime":564,"items_purged":[],"score":190,"play_id":"e68f74b6-4f00-4ed3-bf79-42128ac36a4a","local_time":"20190925211526","is_ascension_mode":true,"campfire_choices":[{"data":"True Grit","floor":8,"key":"SMITH"},{"data":"Armaments","floor":10,"key":"SMITH"},{"floor":12,"key":"REST"},{"floor":15,"key":"REST"}],"neow_cost":"PERCENT_DAMAGE","seed_source_timestamp":273597884361699,"circlet_count":0,"master_deck":["Strike_R","Strike_R","Strike_R","Defend_R","Defend_R","Defend_R","Bash","Combust","True Grit+1","Armaments+1","Iron Wave","Shrug It Off+1","Fiend Fire","Berserk+1","Infernal Blade+1","Perfected Strike+1"],"relics":["Burning Blood","Anchor","Bronze Scales","Smiling Mask","Toxic Egg 2","Astrolabe"],"potions_floor_usage":[16],"damage_taken":[{"damage":1,"enemies":"Cultist","floor":1,"turns":4},{"damage":6,"enemies":"Jaw Worm","floor":2,"turns":5},{"damage":0,"enemies":"2 Louse","floor":3,"turns":4},{"damage":36,"enemies":"3 Sentries","floor":6,"turns":7},{"damage":7,"enemies":"Blue Slaver","floor":7,"turns":5},{"damage":8,"enemies":"Exordium Wildlife","floor":11,"turns":5},{"damage":6,"enemies":"3 Louse","floor":14,"turns":2},{"damage":50,"enemies":"Slime Boss","floor":16,"turns":10}],"seed_played":"-3103558268648717447","potions_obtained":[{"floor":3,"key":"Dexterity Potion"},{"floor":6,"key":"Regen Potion"},{"floor":7,"key":"AttackPotion"}],"is_trial":false,"path_per_floor":["M","M","M","T","?","E","M","R","T","R","M","R","?","M","R","B",null],"character_chosen":"IRONCLAD","items_purchased":[],"campfire_rested":2,"item_purchase_floors":[],"current_hp_per_floor":[77,77,83,83,72,42,41,41,41,41,39,67,55,55,83,39,39],"gold":475,"neow_bonus":"TWENTY_PERCENT_HP_BONUS","is_prod":false,"is_daily":false,"chose_seed":false,"campfire_upgraded":2,"win_rate":0,"timestamp":1569413726,"path_taken":["M","M","M","?","?","E","M","R","T","R","M","R","?","M","R","BOSS"],"build_version":"2019-07-17","purchased_purges":0,"victory":false,"max_hp_per_floor":[96,96,96,96,96,96,96,96,96,96,96,96,96,96,96,96,96],"card_choices":[{"not_picked":["Anger","Infernal Blade","Reckless Charge"],"picked":"SKIP","floor":1},{"not_picked":["Infernal Blade","Spot Weakness"],"picked":"Combust","floor":2},{"not_picked":["Thunderclap","Cleave","Heavy Blade"],"picked":"SKIP","floor":3},{"not_picked":["Body Slam","Impervious"],"picked":"True Grit","floor":6},{"not_picked":["Pommel Strike","Havoc"],"picked":"Armaments","floor":7},{"not_picked":["Warcry","Rupture"],"picked":"Iron Wave","floor":11},{"not_picked":["Rupture","Havoc+1"],"picked":"Shrug It Off+1","floor":14},{"not_picked":["Brutality","Berserk"],"picked":"Fiend Fire","floor":16}],"player_experience":485839,"relics_obtained":[{"floor":4,"key":"Anchor"},{"floor":6,"key":"Bronze Scales"},{"floor":9,"key":"Smiling Mask"}],"event_choices":[{"damage_healed":0,"gold_gain":75,"player_choice":"Gather Gold","damage_taken":11,"max_hp_gain":0,"max_hp_loss":0,"event_name":"World of Goop","floor":5,"gold_loss":0},{"damage_healed":0,"gold_gain":0,"player_choice":"Success","damage_taken":12,"relics_obtained":["Toxic Egg 2"],"max_hp_gain":0,"max_hp_loss":0,"event_name":"Scrap Ooze","floor":13,"gold_loss":0}],"is_beta":false,"boss_relics":[{"not_picked":["Pandora\u0027s Box","Empty Cage"],"picked":"Astrolabe"}],"items_purged_floors":[],"is_endless":false,"potions_floor_spawned":[3,6,7],"ascension_level":1}