{"path_per_floor":["M","M","M","M","M","R","M","R","T","M","?","M","E","?","R","B",null,"M","M","?","M","M","R","M","M","T","M"],"character_chosen":"IRONCLAD","items_purchased":[],"gold_per_floor":[112,125,140,152,169,169,179,179,226,240,240,251,276,276,276,376,406,420,438,438,456,470,470,480,499,499,516],"floor_reached":28,"campfire_rested":0,"playtime":1959,"current_hp_per_floor":[76,80,80,78,80,80,79,79,79,84,66,76,51,51,51,21,97,101,105,105,100,61,61,62,41,41,17],"items_purged":[],"gold":516,"play_id":"ec1056cb-3038-4587-9030-fb626842f318","is_prod":false,"is_daily":false,"campfire_rituals":0,"campfire_upgraded":4,"is_hardmode":false,"path_taken":["M","M","M","M","?","R","M","R","T","M","?","M","E","?","R","BOSS","M","M","?","M","M","R","M","M","T","M","M"],"build_version":"2018-01-18-PROD4","purchased_purges":0,"victory":false,"master_deck":["Strike_R","Strike_R","Strike_R","Strike_R","Defend_R","Defend_R","Defend_R","Defend_R","Bash","Headbutt","Feed","Twin Strike","Flex","Thunderclap","Shrug It Off","Reaper","Battle Trance","Demon Form","Perfected Strike","Pommel Strike","Armaments"],"max_hp_per_floor":[80,80,80,80,80,80,80,80,80,84,84,88,88,88,88,92,97,101,105,105,109,109,109,113,113,113,113],"relics":["Burning Blood","Molten Egg","Dream Catcher","Sundial","Tiny House","Champion Belt"],"campfire_meditates":0,"card_choices":[{"not_picked":["Anger","Dual Wield"],"picked":"Headbutt"},{"not_picked":["Second Wind","Clash"],"picked":"Feed"},{"not_picked":["Body Slam","Heavy Blade"],"picked":"Twin Strike"},{"not_picked":["Twin Strike","Warcry"],"picked":"Flex"},{"not_picked":["Bloodletting","Armaments"],"picked":"Thunderclap"},{"not_picked":["Wild Strike","Evolve"],"picked":"Shrug It Off"},{"not_picked":["Berserk","Immolate"],"picked":"Reaper"},{"not_picked":["Clothesline","Armaments"],"picked":"Battle Trance"},{"not_picked":["Body Slam","Shrug It Off"],"picked":"Demon Form"},{"not_picked":["Cleave","Power Through"],"picked":"Perfected Strike"},{"not_picked":["Second Wind","Wild Strike"],"picked":"Pommel Strike"},{"not_picked":["Limit Break","Metallicize"],"picked":"Armaments"}],"player_experience":32069,"potions_floor_usage":[25,28,28],"damage_taken":[{"damage":10,"enemies":"Blue Slaver","floor":1,"turns":6},{"damage":1,"enemies":"Cultist","floor":2,"turns":3},{"damage":6,"enemies":"2 Louse","floor":3,"turns":3},{"damage":8,"enemies":"Red Slaver","floor":4,"turns":5},{"damage":0,"enemies":"Looter","floor":5,"turns":4},{"damage":7,"enemies":"2 Fungi Beasts","floor":7,"turns":3},{"damage":5,"enemies":"Gremlin Gang","floor":10,"turns":3},{"damage":0,"enemies":"Red Slaver","floor":12,"turns":4},{"damage":31,"enemies":"Lagavulin","floor":13,"turns":4},{"damage":40,"enemies":"Slime Boss","floor":16,"turns":10},{"damage":0,"enemies":"Chosen","floor":18,"turns":5},{"damage":18,"enemies":"3 Byrds","floor":19,"turns":5},{"damage":15,"enemies":"Snake Plant","floor":21,"turns":3},{"damage":45,"enemies":"Sentry and Sphere","floor":22,"turns":5},{"damage":25,"enemies":"Centurion and Healer","floor":24,"turns":8},{"damage":35,"enemies":"Snecko","floor":25,"turns":5},{"damage":30,"enemies":"Snake Plant","floor":27,"turns":5},{"damage":22,"enemies":"Sentry and Sphere","floor":28,"turns":3}],"event_choices":[{"event_name":"Scrap Ooze","player_choice":"success","floor":11,"damage_taken":18},{"event_name":"Match and Keep!","player_choice":"0 cards matched","floor":14,"damage_taken":0},{"event_name":"Purifier","player_choice":"One Purge","floor":20,"damage_taken":0}],"boss_relics":[{"not_picked":["Black Star","Calling Bell"],"picked":"Tiny House"}],"potions_floor_spawned":[2,4,7,13,19,24,27],"seed_played":"-1690259725065781864","killed_by":"Sentry and Sphere","is_trial":false}