{"gold_per_floor":[117,130,205,221,12,25,59,71,124,89,101,133,133,156,156,286,349,363,381,381],"floor_reached":20,"playtime":805,"items_purged":["Strike_R"],"score":254,"play_id":"8c85d386-5023-45ef-ab70-7ab0af134b6f","local_time":"20190624191413","is_ascension_mode":true,"campfire_choices":[{"floor":15,"key":"REST"}],"neow_cost":"NONE","seed_source_timestamp":337944478782835,"circlet_count":0,"master_deck":["Strike_R+1","Strike_R","Strike_R","Strike_R","Defend_R","Defend_R","Defend_R","Defend_R","Bash","Uppercut","Pommel Strike","Clothesline","Inflame","True Grit","Demon Form","Shrug It Off","Wild Strike+1","Shockwave","Reaper+1","Anger+1","Pummel+1"],"relics":["Burning Blood","NeowsBlessing","Molten Egg 2","Omamori","Kunai","Golden Idol","Tiny House"],"potions_floor_usage":[16,16,20],"damage_taken":[{"damage":0,"enemies":"2 Louse","floor":1,"turns":1},{"damage":0,"enemies":"Small Slimes","floor":2,"turns":1},{"damage":0,"enemies":"Jaw Worm","floor":4,"turns":1},{"damage":10,"enemies":"Looter","floor":6,"turns":4},{"damage":44,"enemies":"Gremlin Nob","floor":7,"turns":5},{"damage":11,"enemies":"3 Louse","floor":8,"turns":4},{"damage":9,"enemies":"Red Slaver","floor":11,"turns":5},{"damage":34,"enemies":"3 Sentries","floor":12,"turns":7},{"damage":11,"enemies":"Blue Slaver","floor":14,"turns":3},{"damage":34,"enemies":"The Guardian","floor":16,"turns":10},{"damage":25,"enemies":"Spheric Guardian","floor":18,"turns":5},{"damage":34,"enemies":"3 Byrds","floor":19,"turns":7},{"damage":67,"enemies":"Masked Bandits","floor":20,"turns":3}],"seed_played":"6412875868857758461","potions_obtained":[{"floor":2,"key":"SkillPotion"},{"floor":4,"key":"SkillPotion"},{"floor":12,"key":"Block Potion"},{"floor":16,"key":"Weak Potion"},{"floor":17,"key":"FearPotion"},{"floor":18,"key":"SteroidPotion"},{"floor":19,"key":"BloodPotion"}],"is_trial":false,"path_per_floor":["M","M","?","M","$","M","E","M","T","?","M","E","?","M","R","B",null,"M","M","?"],"character_chosen":"IRONCLAD","items_purchased":["Inflame","True Grit"],"campfire_rested":1,"item_purchase_floors":[5,5],"current_hp_per_floor":[78,80,69,75,75,71,33,28,28,48,45,17,17,12,36,8,67,51,31,0],"gold":381,"neow_bonus":"THREE_ENEMY_KILL","is_prod":false,"is_daily":false,"chose_seed":false,"campfire_upgraded":0,"win_rate":0,"timestamp":1561396453,"path_taken":["M","M","?","M","$","M","E","M","T","?","M","E","?","M","R","BOSS","M","M","?"],"build_version":"2019-01-23","purchased_purges":1,"victory":false,"max_hp_per_floor":[80,80,80,80,80,80,80,80,80,80,80,80,80,80,80,80,85,85,85,85],"card_choices":[{"not_picked":["Clash","Twin Strike"],"picked":"Uppercut","floor":1},{"not_picked":["Burning Pact","Perfected Strike"],"picked":"Pommel Strike","floor":2},{"not_picked":["Headbutt","Warcry"],"picked":"Clothesline","floor":4},{"not_picked":["Armaments","Pummel"],"picked":"Demon Form","floor":6},{"not_picked":["Dropkick","Body Slam","Feel No Pain"],"picked":"SKIP","floor":7},{"not_picked":["Evolve","Hemokinesis+1"],"picked":"Shrug It Off","floor":8},{"not_picked":["Body Slam+1","Havoc"],"picked":"Wild Strike+1","floor":11},{"not_picked":["Bludgeon+1","True Grit"],"picked":"Shockwave","floor":12},{"not_picked":["Sentinel","Havoc","Perfected Strike+1"],"picked":"SKIP","floor":14},{"not_picked":["Demon Form","Brutality"],"picked":"Reaper+1","floor":16},{"not_picked":["Warcry","Clothesline+1"],"picked":"Anger+1","floor":17},{"not_picked":["Feel No Pain","Cleave+1"],"picked":"Pummel+1","floor":18},{"not_picked":["Whirlwind+1","Entrench","Anger+1"],"picked":"SKIP","floor":19}],"player_experience":208487,"relics_obtained":[{"floor":7,"key":"Molten Egg 2"},{"floor":9,"key":"Omamori"},{"floor":12,"key":"Kunai"}],"event_choices":[{"damage_healed":0,"gold_gain":75,"player_choice":"Gather Gold","damage_taken":11,"max_hp_gain":0,"max_hp_loss":0,"event_name":"World of Goop","floor":3,"gold_loss":0},{"damage_healed":20,"gold_gain":0,"player_choice":"Healed","damage_taken":0,"max_hp_gain":0,"max_hp_loss":0,"event_name":"The Cleric","floor":10,"gold_loss":35},{"damage_healed":0,"gold_gain":0,"player_choice":"Take Wound","damage_taken":0,"relics_obtained":["Golden Idol"],"max_hp_gain":0,"max_hp_loss":0,"event_name":"Golden Idol","floor":13,"gold_loss":0,"cards_obtained":["Injury"]},{"damage_healed":0,"gold_gain":0,"player_choice":"Fought Bandits","damage_taken":0,"max_hp_gain":0,"max_hp_loss":0,"event_name":"Masked Bandits","floor":20,"gold_loss":0}],"is_beta":false,"boss_relics":[{"not_picked":["Pandora\u0027s Box","Orrery"],"picked":"Tiny House"}],"items_purged_floors":[5],"is_endless":false,"potions_floor_spawned":[2,4,12,16,18,19],"killed_by":"Masked Bandits","ascension_level":7}