{"path_per_floor":["M","M","?","M","M","R","E","M","T","$","M","R","E","M","R","B",null,"M","?","$","M","$","R","T","R","T","E","R","M","?","M","R","B"],"character_chosen":"IRONCLAD","items_purchased":[],"gold_per_floor":[119,133,133,145,159,159,193,204,204,129,141,141,170,184,184,289,289,309,234,134,145,20,20,20,20,20,51,51,70,70,86,86,188],"floor_reached":34,"campfire_rested":1,"playtime":1912,"current_hp_per_floor":[72,72,72,77,80,80,71,77,77,77,81,81,69,75,75,53,90,73,73,73,79,79,79,79,79,79,48,48,51,51,47,74,51],"items_purged":["Strike_R","Strike_R","Defend_R"],"gold":188,"play_id":"07caa548-07fb-4270-b96d-56b5702d351c","is_prod":false,"is_daily":false,"campfire_rituals":0,"campfire_upgraded":6,"is_hardmode":false,"path_taken":["M","?","?","M","M","R","E","M","T","?","M","R","E","M","R","BOSS","M","?","$","?","$","R","?","R","T","E","R","M","?","M","R","BOSS"],"build_version":"2018-01-18-PROD4","purchased_purges":3,"victory":false,"master_deck":["Strike_R","Defend_R","Bash","Pommel Strike","Shrug It Off","Flex","Pummel","Sword Boomerang","Whirlwind","Barricade","Flame Barrier","Impervious","Reaper","Reaper","Demon Form"],"max_hp_per_floor":[80,80,80,80,80,80,90,90,90,90,90,90,90,90,90,90,90,90,90,90,90,90,90,90,90,90,90,90,90,90,90,90,90],"relics":["Burning Blood","Pear","Sundial","Gremlin Horn","Lizard Tail","Red Skull","Shovel","Mercury Hourglass","Astrolabe"],"campfire_meditates":0,"card_choices":[{"not_picked":["Body Slam","Reckless Charge"],"picked":"Pommel Strike"},{"not_picked":["Battle Trance","Shockwave"],"picked":"Shrug It Off"},{"not_picked":["Headbutt","Shrug It Off"],"picked":"Flex"},{"not_picked":["Shockwave","Pommel Strike"],"picked":"Pummel"},{"not_picked":["Dropkick","Flex"],"picked":"Sword Boomerang"},{"not_picked":["Perfected Strike","Pommel Strike"],"picked":"Whirlwind"},{"not_picked":["Juggernaut","Fiend Fire"],"picked":"Barricade"},{"not_picked":["Clash","Sword Boomerang"],"picked":"Flame Barrier"},{"not_picked":["Limit Break","Dark Embrace"],"picked":"Impervious"}],"player_experience":27766,"potions_floor_usage":[29,33],"damage_taken":[{"damage":14,"enemies":"Blue Slaver","floor":1,"turns":4},{"damage":6,"enemies":"Jaw Worm","floor":2,"turns":3},{"damage":1,"enemies":"Cultist","floor":4,"turns":3},{"damage":1,"enemies":"Exordium Wildlife","floor":5,"turns":3},{"damage":25,"enemies":"3 Sentries","floor":7,"turns":7},{"damage":0,"enemies":"2 Fungi Beasts","floor":8,"turns":4},{"damage":2,"enemies":"Looter","floor":11,"turns":3},{"damage":18,"enemies":"Lagavulin","floor":13,"turns":5},{"damage":0,"enemies":"Exordium Wildlife","floor":14,"turns":3},{"damage":28,"enemies":"Slime Boss","floor":16,"turns":8},{"damage":23,"enemies":"Spheric Guardian","floor":18,"turns":5},{"damage":0,"enemies":"2 Thieves","floor":21,"turns":1},{"damage":37,"enemies":"Book of Stabbing","floor":27,"turns":6},{"damage":15,"enemies":"Centurion and Healer","floor":29,"turns":5},{"damage":10,"enemies":"Snecko","floor":31,"turns":4},{"damage":81,"enemies":"Automaton","floor":33,"turns":15}],"event_choices":[{"event_name":"The Lab","player_choice":"Got Potions","floor":3,"damage_taken":0},{"event_name":"Beggar","player_choice":"Gave Gold","floor":19,"damage_taken":0},{"event_name":"Addict","player_choice":"Ignored","floor":30,"damage_taken":0}],"boss_relics":[{"not_picked":["Mark of Pain","Black Blood"],"picked":"Lizard Tail"},{"not_picked":["Black Star","Question Card"],"picked":"Astrolabe"}],"potions_floor_spawned":[7,8,11,13,16,21,27,31],"seed_played":"1927455361855761391","is_trial":false}