{"gold_per_floor":[118,293,312,237,237,237,248,248,320,270,288,101,111,130,130,229,229,240,260,260,260,274,274,284,284,310,310,185,203,203,53,53,151,201,211,227,227,52,70,70,86,102,125,135,154,154,9,9,9,9],"floor_reached":51,"playtime":1641,"items_purged":["Doubt","Strike_R","Defend_R","Strike_R","Strike_R","Defend_R"],"score":916,"play_id":"d4d9787e-e4d5-4d7c-84ee-77aa364c5103","local_time":"20191023211937","is_ascension_mode":false,"campfire_choices":[{"data":"Bash","floor":6.0,"key":"SMITH"},{"data":"Dropkick","floor":8.0,"key":"SMITH"},{"data":"Flash of Steel","floor":15.0,"key":"SMITH"},{"floor":23.0,"key":"REST"},{"floor":27.0,"key":"REST"},{"floor":30.0,"key":"REST"},{"floor":32.0,"key":"REST"},{"floor":40.0,"key":"REST"},{"floor":46.0,"key":"REST"},{"data":"Deep Breath","floor":49.0,"key":"SMITH"}],"neow_cost":"NONE","seed_source_timestamp":370587456279200,"circlet_count":0,"master_deck":["Defend_R","Bash+1","Dropkick+1","Flash of Steel+1","Deep Breath+1"],"special_seed":0,"relics":["Burning Blood","NeowsBlessing","Darkstone Periapt","Busted Crown","Lantern","Happy Flower","Tiny House","Smiling Mask"],"potions_floor_usage":[50,50],"damage_taken":[{"damage":0.0,"enemies":"2 Louse","floor":1.0,"turns":1.0},{"damage":0.0,"enemies":"Small Slimes","floor":3.0,"turns":1.0},{"damage":0.0,"enemies":"Cultist","floor":7.0,"turns":1.0},{"damage":16.0,"enemies":"3 Louse","floor":11.0,"turns":3.0},{"damage":15.0,"enemies":"Exordium Wildlife","floor":13.0,"turns":4.0},{"damage":16.0,"enemies":"Exordium Thugs","floor":14.0,"turns":7.0},{"damage":40.0,"enemies":"Hexaghost","floor":16.0,"turns":9.0},{"damage":18.0,"enemies":"Spheric Guardian","floor":18.0,"turns":5.0},{"damage":0.0,"enemies":"Chosen","floor":19.0,"turns":4.0},{"damage":21.0,"enemies":"3 Cultists","floor":22.0,"turns":6.0},{"damage":48.0,"enemies":"Chosen and Byrds","floor":24.0,"turns":9.0},{"damage":23.0,"enemies":"Shelled Parasite and Fungi","floor":29.0,"turns":4.0},{"damage":0.0,"enemies":"Collector","floor":33.0,"turns":2.0},{"damage":22.0,"enemies":"3 Darklings","floor":35.0,"turns":6.0},{"damage":21.0,"enemies":"Orb Walker","floor":36.0,"turns":4.0},{"damage":0.0,"enemies":"Transient","floor":39.0,"turns":5.0},{"damage":0.0,"enemies":"Maw","floor":41.0,"turns":2.0},{"damage":30.0,"enemies":"4 Shapes","floor":42.0,"turns":7.0},{"damage":7.0,"enemies":"Jaw Worm Horde","floor":44.0,"turns":3.0},{"damage":58.0,"enemies":"Sphere and 2 Shapes","floor":45.0,"turns":10.0},{"damage":0,"enemies":"Donu and Deca","floor":50,"turns":1}],"seed_played":"-7962109205564828564","potions_obtained":[{"floor":7.0,"key":"AttackPotion"},{"floor":11.0,"key":"SteroidPotion"},{"floor":13.0,"key":"Ancient Potion"},{"floor":18.0,"key":"Block Potion"},{"floor":22.0,"key":"GamblersBrew"},{"floor":29.0,"key":"Weak Potion"},{"floor":34.0,"key":"AttackPotion"},{"floor":42.0,"key":"DuplicationPotion"},{"floor":44.0,"key":"ElixirPotion"}],"is_trial":false,"path_per_floor":["M","?","M","$","?","R","M","R","T","?","M","$","M","M","R","B",null,"M","M","?","T","M","R","M","?","T","R","$","M","R","$","R","B",null,"M","M","?","$","M","R","M","M","T","M","M","R","$","?","R","B",null],"character_chosen":"IRONCLAD","items_purchased":["Flash of Steel","Deep Breath"],"campfire_rested":6,"item_purchase_floors":[12,47],"current_hp_per_floor":[80,80,80,80,80,80,80,80,80,80,70,70,61,51,51,17,80,68,74,59,59,44,69,27,27,27,52,52,35,60,60,85,85,90,74,59,59,59,65,90,90,66,66,65,13,40,40,40,40,46],"gold":9,"neow_bonus":"THREE_ENEMY_KILL","is_prod":false,"is_daily":false,"chose_seed":false,"campfire_upgraded":4,"win_rate":0,"timestamp":1571833177,"path_taken":["M","?","M","$","?","R","?","R","T","?","M","$","M","M","R","BOSS","M","M","?","?","?","R","M","?","T","R","$","M","R","$","R","BOSS","M","M","?","$","M","R","?","M","T","M","M","R","$","?","R","BOSS"],"build_version":"2019-10-22","purchased_purges":6,"victory":true,"max_hp_per_floor":[80,80,80,80,80,80,80,80,80,80,80,80,80,80,80,80,80,80,80,85,85,85,85,85,85,85,85,85,85,85,85,85,85,90,90,90,90,90,90,90,90,90,90,90,90,90,90,90,90,90],"card_choices":[{"not_picked":["Headbutt","Twin Strike","Battle Trance"],"picked":"SKIP","floor":1.0},{"not_picked":["Havoc","Clash"],"picked":"Dropkick","floor":3.0},{"not_picked":["Shockwave","Sever Soul","Disarm"],"picked":"SKIP","floor":7.0},{"not_picked":["Flex","Cleave","Pommel Strike"],"picked":"SKIP","floor":11.0},{"not_picked":["Evolve","Body Slam","Perfected Strike"],"picked":"SKIP","floor":13.0},{"not_picked":["Clash","Twin Strike","Sword Boomerang"],"picked":"SKIP","floor":14.0},{"not_picked":["Warcry+1"],"picked":"SKIP","floor":18.0},{"not_picked":["Thunderclap"],"picked":"SKIP","floor":19.0},{"not_picked":["Body Slam+1"],"picked":"SKIP","floor":22.0},{"not_picked":["Dark Embrace"],"picked":"SKIP","floor":24.0},{"not_picked":["Iron Wave"],"picked":"SKIP","floor":29.0},{"not_picked":["Entrench+1"],"picked":"SKIP","floor":35.0},{"not_picked":["Clothesline+1"],"picked":"SKIP","floor":36.0},{"not_picked":["Pommel Strike+1"],"picked":"SKIP","floor":39.0},{"not_picked":["Spot Weakness"],"picked":"SKIP","floor":41.0},{"not_picked":["Flex+1"],"picked":"SKIP","floor":42.0},{"not_picked":["Fire Breathing"],"picked":"SKIP","floor":44.0},{"not_picked":["Twin Strike"],"picked":"SKIP","floor":45.0}],"player_experience":757608,"relics_obtained":[{"floor":9.0,"key":"Darkstone Periapt"},{"floor":21.0,"key":"Lantern"},{"floor":26.0,"key":"Happy Flower"},{"floor":43.0,"key":"Smiling Mask"}],"event_choices":[{"damage_healed":0.0,"max_hp_gain":0.0,"max_hp_loss":0.0,"gold_gain":175.0,"event_name":"Liars Game","player_choice":"AGREE","floor":2.0,"gold_loss":0.0,"damage_taken":0.0,"cards_obtained":["Doubt"]},{"damage_healed":0.0,"max_hp_gain":0.0,"max_hp_loss":0.0,"gold_gain":0.0,"cards_transformed":["Strike_R"],"event_name":"Transmorgrifier","player_choice":"Transformed","floor":5.0,"gold_loss":0.0,"damage_taken":0.0,"cards_obtained":["Feel No Pain"]},{"cards_removed":["Strike_R"],"damage_healed":0.0,"max_hp_gain":0.0,"max_hp_loss":0.0,"gold_gain":0.0,"event_name":"The Cleric","player_choice":"Card Removal","floor":10.0,"gold_loss":50.0,"damage_taken":0.0},{"damage_healed":0.0,"max_hp_gain":5.0,"max_hp_loss":0.0,"gold_gain":0.0,"event_name":"Forgotten Altar","player_choice":"Shed Blood","floor":20.0,"gold_loss":0.0,"damage_taken":20.0},{"cards_removed":["Defend_R"],"damage_healed":0.0,"max_hp_gain":0.0,"max_hp_loss":0.0,"gold_gain":0.0,"event_name":"Back to Basics","player_choice":"Elegance","floor":25.0,"gold_loss":0.0,"damage_taken":0.0},{"cards_removed":["Feel No Pain"],"damage_healed":0.0,"max_hp_gain":0.0,"max_hp_loss":0.0,"gold_gain":0.0,"event_name":"Purifier","player_choice":"Purged","floor":37.0,"gold_loss":0.0,"damage_taken":0.0},{"damage_healed":0.0,"max_hp_gain":0.0,"max_hp_loss":0.0,"gold_gain":0.0,"event_name":"SensoryStone","player_choice":"Memory 1","floor":48.0,"gold_loss":0.0,"damage_taken":0.0}],"is_beta":true,"boss_relics":[{"not_picked":["SlaversCollar","Ectoplasm"],"picked":"Busted Crown"},{"not_picked":["Mark of Pain","Fusion Hammer"],"picked":"Tiny House"}],"items_purged_floors":[4,12,28,31,38,47],"is_endless":false,"potions_floor_spawned":[7,11,13,18,22,29,41,42,44],"ascension_level":0}