{"gold_per_floor":[116,91,91,41,60,94,94,94,118,146,146,146,146,156,156,252,252,266,14,14,24,35,35,35,35,86,1,19,32,32,49,49,49],"floor_reached":33,"playtime":1146,"items_purged":[],"score":406,"play_id":"99683c80-1e0d-4929-8b7e-ca143770515c","local_time":"20190915173125","is_ascension_mode":true,"campfire_choices":[{"data":"Perseverance","floor":8.0,"key":"SMITH"},{"data":"Vigilance","floor":13.0,"key":"SMITH"},{"floor":15.0,"key":"REST"},{"floor":23,"key":"REST"},{"floor":25,"key":"REST"},{"floor":32,"key":"REST"}],"neow_cost":"NONE","seed_source_timestamp":0,"circlet_count":0,"master_deck":["Strike_P","Strike_P+1","Strike_P+1","Strike_P","Defend_P","Defend_P","Defend_P","Eruption","Vigilance+1","Consecrate","Protect+1","FollowUp+1","Perseverance+1","LessonLearned","Protect+1"],"special_seed":0,"relics":["Runic Dome","MealTicket","PreservedInsect","Lantern","Dodecahedron","Fusion Hammer","Mercury Hourglass","Smiling Mask","Ornamental Fan"],"potions_floor_usage":[33],"damage_taken":[{"damage":1.0,"enemies":"2 Louse","floor":1.0,"turns":3.0},{"damage":0.0,"enemies":"Cultist","floor":5.0,"turns":2.0},{"damage":10.0,"enemies":"Gremlin Nob","floor":6.0,"turns":3.0},{"damage":20.0,"enemies":"Lagavulin","floor":10.0,"turns":6.0},{"damage":0.0,"enemies":"Jaw Worm","floor":14.0,"turns":4.0},{"damage":33,"enemies":"Slime Boss","floor":16,"turns":10},{"damage":0,"enemies":"2 Thieves","floor":18,"turns":4},{"damage":7,"enemies":"Spheric Guardian","floor":21,"turns":5},{"damage":23,"enemies":"Shelled Parasite and Fungi","floor":22,"turns":7},{"damage":22,"enemies":"Chosen and Byrds","floor":28,"turns":5},{"damage":0,"enemies":"Snecko","floor":29,"turns":5},{"damage":4,"enemies":"Snake Plant","floor":31,"turns":4},{"damage":91,"enemies":"Automaton","floor":33,"turns":12}],"seed_played":"1382536126189248014","potions_obtained":[{"floor":1.0,"key":"Poison Potion"},{"floor":5.0,"key":"DuplicationPotion"},{"floor":18,"key":"AttackPotion"},{"floor":22,"key":"Fire Potion"},{"floor":28,"key":"Ancient Potion"}],"is_trial":false,"path_per_floor":["M","$","?","$","M","E","?","R","T","E","T","?","R","M","R","B",null,"M","$","?","M","M","R","?","R","T","?","M","M","$","M","R","B"],"character_chosen":"WATCHER","items_purchased":["Consecrate","Protect","Mercury Hourglass"],"campfire_rested":4,"item_purchase_floors":[2,4,19],"current_hp_per_floor":[64,64,65,65,65,55,55,55,55,35,35,35,35,35,54,21,65,65,65,65,58,35,54,43,64,64,64,42,42,57,53,70,0],"gold":49,"neow_bonus":"BOSS_RELIC","is_prod":false,"is_daily":false,"chose_seed":false,"campfire_upgraded":2,"win_rate":0,"timestamp":1568561485,"path_taken":["M","$","?","$","?","E","?","R","T","E","?","?","R","M","R","BOSS","M","$","?","M","M","R","?","R","T","?","M","M","$","M","R","BOSS"],"build_version":"2019-09-12","purchased_purges":0,"victory":false,"max_hp_per_floor":[65,65,65,65,65,65,65,65,65,65,65,65,65,65,65,65,65,65,65,65,65,65,65,70,70,70,70,70,70,70,70,70,70],"card_choices":[{"not_picked":["Sanctity","Crescendo","WreathOfFlame"],"picked":"SKIP","floor":1.0},{"not_picked":["FlurryOfBlows","CrushJoints"],"picked":"FollowUp","floor":5.0},{"not_picked":["Omniscience","Protect"],"picked":"Perseverance","floor":6.0},{"not_picked":["Protect","Adaptation","Clarity"],"picked":"SKIP","floor":10.0},{"not_picked":["FlurryOfBlows","WaveOfTheHand","Protect"],"picked":"SKIP","floor":14.0},{"not_picked":["Blasphemy","DeusExMachina"],"picked":"LessonLearned","floor":16},{"not_picked":["Swivel","Vengeance","Evaluate"],"picked":"SKIP","floor":18},{"not_picked":["CrushJoints","JustLucky+1","Consecrate+1"],"picked":"SKIP","floor":21},{"not_picked":["Prostrate","Weave","EmptyFist"],"picked":"SKIP","floor":22},{"not_picked":["FearNoEvil","EmptyFist"],"picked":"Protect+1","floor":28},{"not_picked":["Crescendo+1","PathToVictory","Weave"],"picked":"SKIP","floor":29},{"not_picked":["Perseverance","ForeignInfluence","WaveOfTheHand+1"],"picked":"SKIP","floor":31}],"player_experience":459953,"relics_obtained":[{"floor":6.0,"key":"MealTicket"},{"floor":9.0,"key":"PreservedInsect"},{"floor":10.0,"key":"Lantern"},{"floor":11.0,"key":"Dodecahedron"},{"floor":26,"key":"Smiling Mask"}],"event_choices":[{"damage_healed":1.0,"max_hp_gain":0.0,"max_hp_loss":0.0,"gold_gain":0.0,"event_name":"Wheel of Change","player_choice":"Full Heal","floor":3.0,"gold_loss":0.0,"damage_taken":0.0},{"damage_healed":0.0,"max_hp_gain":0.0,"max_hp_loss":0.0,"gold_gain":0.0,"event_name":"Living Wall","player_choice":"Grow","floor":7.0,"gold_loss":0.0,"damage_taken":0.0,"cards_upgraded":["Protect"]},{"cards_removed":["Defend_P"],"damage_healed":0.0,"max_hp_gain":0.0,"max_hp_loss":0.0,"gold_gain":0.0,"event_name":"Purifier","player_choice":"Purged","floor":12.0,"gold_loss":0.0,"damage_taken":0.0},{"damage_healed":0,"gold_gain":0,"player_choice":"Ignored","damage_taken":0,"max_hp_gain":0,"max_hp_loss":0,"event_name":"Ghosts","floor":20,"gold_loss":0},{"damage_healed":0,"gold_gain":0,"player_choice":"Shed Blood","damage_taken":16,"max_hp_gain":5,"max_hp_loss":0,"event_name":"Forgotten Altar","floor":24,"gold_loss":0},{"damage_healed":0,"gold_gain":0,"player_choice":"Obtained Relic","damage_taken":0,"relics_obtained":["Ornamental Fan"],"max_hp_gain":0,"max_hp_loss":0,"event_name":"Addict","floor":27,"gold_loss":85}],"is_beta":true,"boss_relics":[{"not_picked":["Runic Pyramid","Black Star"],"picked":"Fusion Hammer"}],"items_purged_floors":[],"is_endless":false,"potions_floor_spawned":[1,5,18,22,28],"killed_by":"Automaton","ascension_level":3}