{"gold_per_floor":[115,65,65,82,82,113,113,144,171,171,182,195,213,230,230,332,332,342,342,342,442,460,460,494,494,524,87,87,118,130,162,174,282,294,321,433,465,477,214,248,248,279,303,303,303],"floor_reached":46,"playtime":2360,"items_purged":["Writhe","Strike_R"],"score":1158,"play_id":"028ce635-ed24-4196-8270-1694a42ecf0d","local_time":"20190626212007","is_ascension_mode":true,"campfire_choices":[{"data":"Metallicize","floor":7,"key":"SMITH"},{"data":"Dropkick","floor":10,"key":"SMITH"},{"data":"True Grit","floor":15,"key":"SMITH"},{"floor":23,"key":"REST"},{"floor":28,"key":"REST"},{"data":"Limit Break","floor":30,"key":"SMITH"},{"floor":32,"key":"REST"},{"floor":41,"key":"REST"}],"neow_cost":"NONE","seed_source_timestamp":45491242817282,"circlet_count":0,"master_deck":["Strike_R","Strike_R","Strike_R","Defend_R","Defend_R","Defend_R","Defend_R","Bash+1","Dropkick+1","Shrug It Off","Pain","Metallicize+1","Fiend Fire","Pommel Strike","Iron Wave","Clothesline","True Grit+1","Demon Form","Rupture","J.A.X.","Ghostly Armor","Flame Barrier","Limit Break+1","Anger","Shrug It Off+1","Reaper","Intimidate+1","Inflame+1","Flash of Steel","Master of Strategy","Purity","Apotheosis","Fire Breathing+1"],"relics":["Black Blood","NeowsBlessing","WarpedTongs","Bag of Marbles","Mango","Lantern","Self Forming Clay","Ice Cream","Paper Frog","PreservedInsect","Enchiridion","Tiny Chest","Anchor","MawBank","Fusion Hammer","Calipers","Pear","Ornamental Fan","Dream Catcher"],"potions_floor_usage":[18,21,24,24,29,33,33,45,45,45],"damage_taken":[{"damage":0,"enemies":"Small Slimes","floor":1,"turns":1},{"damage":0,"enemies":"2 Louse","floor":4,"turns":1},{"damage":1,"enemies":"3 Sentries","floor":6,"turns":2},{"damage":31,"enemies":"Lagavulin","floor":8,"turns":8},{"damage":2,"enemies":"Cultist","floor":11,"turns":3},{"damage":9,"enemies":"Blue Slaver","floor":12,"turns":3},{"damage":5,"enemies":"2 Fungi Beasts","floor":13,"turns":3},{"damage":3,"enemies":"Large Slime","floor":14,"turns":5},{"damage":19,"enemies":"The Guardian","floor":16,"turns":11},{"damage":15,"enemies":"3 Byrds","floor":18,"turns":8},{"damage":27,"enemies":"Colosseum Slavers","floor":21,"turns":5},{"damage":32,"enemies":"Colosseum Nobs","floor":21,"turns":6},{"damage":14,"enemies":"Shell Parasite","floor":22,"turns":6},{"damage":39,"enemies":"Slavers","floor":24,"turns":7},{"damage":20,"enemies":"Book of Stabbing","floor":29,"turns":7},{"damage":10,"enemies":"Shelled Parasite and Fungi","floor":31,"turns":6},{"damage":53,"enemies":"Collector","floor":33,"turns":8},{"damage":33,"enemies":"3 Shapes","floor":35,"turns":6},{"damage":17,"enemies":"Mind Bloom Boss Battle","floor":36,"turns":7},{"damage":4,"enemies":"Orb Walker","floor":37,"turns":4},{"damage":51,"enemies":"Nemesis","floor":40,"turns":5},{"damage":6,"enemies":"Giant Head","floor":42,"turns":4},{"damage":61,"enemies":"Donu and Deca","floor":45,"turns":9}],"seed_played":"-6393835259270230875","potions_obtained":[{"floor":8,"key":"Fire Potion"},{"floor":12,"key":"Energy Potion"},{"floor":13,"key":"Poison Potion"},{"floor":22,"key":"Dexterity Potion"},{"floor":31,"key":"EntropicBrew"},{"floor":33,"key":"SteroidPotion"},{"floor":35,"key":"FearPotion"}],"is_trial":false,"path_per_floor":["M","?","?","M","?","E","R","E","T","R","M","M","M","M","R","B",null,"M","?","?","?","M","R","E","?","T","$","R","E","R","M","R","B",null,"M","?","M","?","$","E","R","E","T","?","B",null],"character_chosen":"IRONCLAD","items_purchased":["Limit Break","Anchor","Weak Potion","Apotheosis"],"campfire_rested":4,"item_purchase_floors":[27,27,27,39],"current_hp_per_floor":[78,78,78,80,80,80,80,69,69,69,73,70,71,74,74,61,86,81,81,81,42,38,66,37,21,21,21,49,39,39,39,67,24,77,54,83,94,84,84,53,84,88,88,88,104],"gold":303,"neow_bonus":"THREE_ENEMY_KILL","is_prod":false,"is_daily":false,"chose_seed":false,"campfire_upgraded":4,"win_rate":0,"timestamp":1561576807,"path_taken":["M","?","?","M","?","E","R","E","T","R","?","M","M","M","R","BOSS","M","?","?","?","M","R","E","?","T","$","R","E","R","M","R","BOSS","M","?","M","?","$","E","R","E","T","?","BOSS"],"build_version":"2019-01-23","purchased_purges":2,"victory":true,"max_hp_per_floor":[80,80,80,80,80,80,80,94,94,94,94,94,94,94,94,94,94,94,94,94,94,94,94,94,94,94,94,94,94,94,94,94,94,94,94,94,94,94,94,104,104,104,104,104,104],"card_choices":[{"not_picked":["Flex","Body Slam"],"picked":"Dropkick","floor":1},{"not_picked":["Intimidate","Warcry"],"picked":"Shrug It Off","floor":4},{"not_picked":["Armaments","Infernal Blade"],"picked":"Metallicize","floor":6},{"not_picked":["Fire Breathing","Infernal Blade"],"picked":"Fiend Fire","floor":8},{"not_picked":["Pummel","Evolve"],"picked":"Pommel Strike","floor":11},{"not_picked":["Fire Breathing","Shrug It Off"],"picked":"Iron Wave","floor":12},{"not_picked":["Sentinel","Wild Strike"],"picked":"Clothesline","floor":13},{"not_picked":["Whirlwind","Sword Boomerang"],"picked":"True Grit","floor":14},{"not_picked":["Impervious","Fiend Fire"],"picked":"Demon Form","floor":16},{"not_picked":["Blood for Blood","Rampage+1"],"picked":"Rupture","floor":18},{"not_picked":["Thunderclap","Pommel Strike+1"],"picked":"Ghostly Armor","floor":21},{"not_picked":["Perfected Strike","Power Through+1","Flex"],"picked":"SKIP","floor":22},{"not_picked":["Thunderclap","Sword Boomerang"],"picked":"Flame Barrier","floor":24},{"not_picked":["Body Slam","Dark Embrace"],"picked":"Anger","floor":29},{"not_picked":["Wild Strike","Evolve"],"picked":"Shrug It Off+1","floor":31},{"not_picked":["Brutality","Demon Form"],"picked":"Reaper","floor":33},{"not_picked":["Armaments","Headbutt"],"picked":"Intimidate+1","floor":35},{"not_picked":["Dropkick+1","Body Slam"],"picked":"Inflame+1","floor":36},{"not_picked":["Clothesline+1","Pommel Strike+1","Second Wind+1"],"picked":"SKIP","floor":37},{"not_picked":["Trip","Mayhem"],"picked":"Flash of Steel","floor":38},{"not_picked":["Jack Of All Trades","Secret Weapon"],"picked":"Master of Strategy","floor":38},{"not_picked":["Trip","The Bomb"],"picked":"Purity","floor":38},{"not_picked":["Limit Break","Warcry"],"picked":"Fire Breathing+1","floor":40},{"not_picked":["Blood for Blood","Armaments","Shrug It Off"],"picked":"SKIP","floor":42}],"player_experience":222126,"relics_obtained":[{"floor":6,"key":"Bag of Marbles"},{"floor":8,"key":"Mango"},{"floor":9,"key":"Lantern"},{"floor":21,"key":"Ice Cream"},{"floor":21,"key":"Paper Frog"},{"floor":24,"key":"PreservedInsect"},{"floor":25,"key":"Enchiridion"},{"floor":26,"key":"Tiny Chest"},{"floor":29,"key":"MawBank"},{"floor":36,"key":"Calipers"},{"floor":40,"key":"Pear"},{"floor":42,"key":"Ornamental Fan"},{"floor":43,"key":"Dream Catcher"}],"event_choices":[{"cards_removed":["Strike_R"],"damage_healed":0,"gold_gain":0,"player_choice":"Card Removal","damage_taken":0,"max_hp_gain":0,"max_hp_loss":0,"event_name":"The Cleric","floor":2,"gold_loss":50},{"damage_healed":0,"gold_gain":0,"player_choice":"Grow","damage_taken":0,"max_hp_gain":0,"max_hp_loss":0,"event_name":"Living Wall","floor":3,"gold_loss":0,"cards_upgraded":["Bash"]},{"damage_healed":0,"gold_gain":0,"player_choice":"Rummage","damage_taken":0,"relics_obtained":["WarpedTongs"],"max_hp_gain":0,"max_hp_loss":0,"event_name":"Accursed Blacksmith","floor":5,"gold_loss":0,"cards_obtained":["Pain"]},{"damage_healed":0,"gold_gain":0,"player_choice":"Obtain J.A.X.","damage_taken":0,"max_hp_gain":0,"max_hp_loss":0,"event_name":"Drug Dealer","floor":19,"gold_loss":0,"cards_obtained":["J.A.X."]},{"damage_healed":0,"gold_gain":0,"player_choice":"Opened","damage_taken":0,"relics_obtained":["Self Forming Clay"],"max_hp_gain":0,"max_hp_loss":0,"event_name":"The Mausoleum","floor":20,"gold_loss":0,"cards_obtained":["Writhe"]},{"damage_healed":0,"gold_gain":0,"player_choice":"Fight","damage_taken":0,"max_hp_gain":0,"max_hp_loss":0,"event_name":"Colosseum","floor":21,"gold_loss":0},{"damage_healed":0,"gold_gain":0,"player_choice":"Fought Nobs","damage_taken":0,"max_hp_gain":0,"max_hp_loss":0,"event_name":"Colosseum","floor":21,"gold_loss":0},{"damage_healed":0,"gold_gain":0,"player_choice":"Obtained Book","damage_taken":16,"max_hp_gain":0,"max_hp_loss":0,"event_name":"Cursed Tome","floor":25,"gold_loss":0},{"damage_healed":0,"gold_gain":0,"player_choice":"Fight","damage_taken":0,"max_hp_gain":0,"max_hp_loss":0,"event_name":"MindBloom","floor":36,"gold_loss":0},{"damage_healed":0,"gold_gain":0,"player_choice":"Memory 3","damage_taken":10,"max_hp_gain":0,"max_hp_loss":0,"event_name":"SensoryStone","floor":38,"gold_loss":0},{"damage_healed":0,"gold_gain":0,"player_choice":"Took Portal","damage_taken":0,"max_hp_gain":0,"max_hp_loss":0,"event_name":"SecretPortal","floor":44,"gold_loss":0}],"is_beta":false,"boss_relics":[{"not_picked":["Lizard Tail","Orrery"],"picked":"Black Blood"},{"not_picked":["Eternal Feather","Coffee Dripper"],"picked":"Fusion Hammer"}],"items_purged_floors":[27,39],"is_endless":false,"potions_floor_spawned":[8,12,13,16,21,22,31,33,35,37,40],"ascension_level":9}