{"gold_per_floor":[109,125,225,29,46,75,75,75,75,75,89,54,75,148,148,278,278,292,310,510,510,528,569,569],"floor_reached":24,"playtime":18041,"items_purged":["Strike_R"],"score":259,"play_id":"2b6c80c2-ae28-4166-b085-a9b68618ef32","local_time":"20180827105530","is_ascension_mode":true,"campfire_choices":[{"data":"Sword Boomerang","floor":7,"key":"SMITH"},{"data":"Twin Strike","floor":10,"key":"SMITH"},{"floor":15,"key":"REST"}],"neow_cost":"NONE","seed_source_timestamp":38150183346679,"circlet_count":0,"master_deck":["Strike_R","Strike_R","Strike_R","Strike_R","Defend_R","Defend_R","Defend_R","Defend_R","Bash+1","Disarm","Twin Strike+1","Shrug It Off","Headbutt","Sword Boomerang+1","Pommel Strike","Spot Weakness","Reaper","Armaments"],"relics":["Burning Blood","Question Card","Golden Idol","Omamori","Velvet Choker","Darkstone Periapt","Centennial Puzzle"],"potions_floor_usage":[16,23,23,23],"damage_taken":[{"damage":7,"enemies":"Jaw Worm","floor":1,"turns":3},{"damage":7,"enemies":"Cultist","floor":2,"turns":4},{"damage":1,"enemies":"2 Louse","floor":5,"turns":3},{"damage":32,"enemies":"Lagavulin","floor":6,"turns":5},{"damage":12,"enemies":"2 Fungi Beasts","floor":11,"turns":4},{"damage":26,"enemies":"Exordium Wildlife","floor":13,"turns":4},{"damage":29,"enemies":"The Guardian","floor":16,"turns":8},{"damage":31,"enemies":"2 Thieves","floor":18,"turns":4},{"damage":16,"enemies":"Chosen","floor":19,"turns":4},{"damage":46,"enemies":"Sentry and Sphere","floor":22,"turns":6},{"damage":24,"enemies":"Book of Stabbing","floor":23,"turns":4},{"damage":22,"enemies":"Shelled Parasite and Fungi","floor":24,"turns":4}],"seed_played":"7355965935298161414","potions_obtained":[{"floor":2,"key":"PowerPotion"},{"floor":5,"key":"BloodPotion"},{"floor":19,"key":"AttackPotion"}],"is_trial":false,"path_per_floor":["M","M","?","$","M","E","R","?","T","R","M","$","M","?","R","B",null,"M","M","?","T","M","E"],"character_chosen":"IRONCLAD","items_purchased":["Shrug It Off","Headbutt","Strength Potion","Spot Weakness"],"campfire_rested":1,"item_purchase_floors":[4,4,4,12],"current_hp_per_floor":[79,78,78,78,80,54,54,54,54,54,48,48,28,28,50,27,74,56,52,52,52,16,18,0],"gold":569,"neow_bonus":"UPGRADE_CARD","is_prod":false,"is_daily":false,"chose_seed":false,"campfire_upgraded":2,"win_rate":0,"timestamp":1535360130,"path_taken":["M","M","?","$","M","E","R","?","T","R","M","$","M","?","R","BOSS","M","M","?","?","M","E","M"],"build_version":"2018-08-23v2","purchased_purges":1,"victory":false,"max_hp_per_floor":[80,80,80,80,80,80,80,74,74,74,74,74,74,74,74,74,74,74,74,74,74,74,74,74],"card_choices":[{"not_picked":["Clash","Corruption"],"picked":"Disarm","floor":1},{"not_picked":["Combust","Wild Strike"],"picked":"Twin Strike","floor":2},{"not_picked":["Power Through","Berserk","Clash"],"picked":"SKIP","floor":5},{"not_picked":["Corruption","Perfected Strike"],"picked":"Sword Boomerang","floor":6},{"not_picked":["Hemokinesis","Anger","Rage"],"picked":"Pommel Strike","floor":11},{"not_picked":["Infernal Blade","Clash","Entrench","Evolve"],"picked":"SKIP","floor":13},{"not_picked":["Exhume","Bludgeon","Brutality"],"picked":"Reaper","floor":16},{"not_picked":["Corruption","Entrench+1","Wild Strike"],"picked":"Armaments","floor":18},{"not_picked":["Twin Strike","Iron Wave","Feel No Pain","Havoc+1"],"picked":"SKIP","floor":19},{"not_picked":["Hemokinesis+1","Evolve","Warcry","Reckless Charge+1"],"picked":"SKIP","floor":22},{"not_picked":["Dark Embrace","Whirlwind+1","Clothesline","Body Slam"],"picked":"SKIP","floor":23}],"player_experience":93672,"relics_obtained":[{"floor":6,"key":"Question Card"},{"floor":9,"key":"Omamori"},{"floor":21,"key":"Darkstone Periapt"},{"floor":23,"key":"Centennial Puzzle"}],"event_choices":[{"event_name":"Wheel of Change","player_choice":"Gold","floor":3,"damage_taken":0},{"event_name":"Golden Idol","player_choice":"Lose Max HP","floor":8,"damage_taken":0},{"event_name":"Golden Wing","player_choice":"Gained Gold","floor":14,"damage_taken":0},{"event_name":"Wheel of Change","player_choice":"Gold","floor":20,"damage_taken":0}],"is_beta":false,"boss_relics":[{"not_picked":["Black Star","Tiny House"],"picked":"Velvet Choker"}],"items_purged_floors":[4],"is_endless":false,"potions_floor_spawned":[2,5,13,19,22],"killed_by":"Shelled Parasite and Fungi","ascension_level":4}