{"gold_per_floor":[115,65,82,94,45,45,63,63,63,75,105,115,115,115,115,210,210,221,237,87,97,97,97,97],"floor_reached":24,"playtime":1487,"items_purged":["Strike_R"],"score":218,"play_id":"88e6b417-0964-44ae-81db-4694654575e8","local_time":"20180801160401","is_ascension_mode":true,"campfire_choices":[{"data":"Bash","floor":6,"key":"SMITH"},{"data":"Sword Boomerang","floor":8,"key":"SMITH"},{"data":"Flex","floor":13,"key":"SMITH"},{"data":"Iron Wave","floor":15,"key":"SMITH"},{"data":"Pummel","floor":23,"key":"SMITH"}],"neow_cost":"","seed_source_timestamp":84314009583072,"circlet_count":0,"master_deck":["Strike_R","Strike_R","Strike_R","Defend_R","Defend_R","Defend_R","Bash+1","Iron Wave+1","Dropkick","Pummel+1","Sword Boomerang+1","Dropkick","Carnage","Flex+1","Demon Form","Cleave+1","Disarm","Flex","Sword Boomerang"],"relics":["Burning Blood","Charon\u0027s Ashes","Dead Branch","Runic Cube"],"potions_floor_usage":[16,18,24,24,24],"damage_taken":[{"damage":13,"enemies":"Jaw Worm","floor":1,"turns":4},{"damage":5,"enemies":"Small Slimes","floor":3,"turns":4},{"damage":0,"enemies":"Cultist","floor":4,"turns":2},{"damage":5,"enemies":"2 Fungi Beasts","floor":7,"turns":3},{"damage":0,"enemies":"Large Slime","floor":10,"turns":4},{"damage":23,"enemies":"Gremlin Nob","floor":11,"turns":4},{"damage":3,"enemies":"Blue Slaver","floor":12,"turns":2},{"damage":54,"enemies":"The Guardian","floor":16,"turns":8},{"damage":4,"enemies":"Spheric Guardian","floor":18,"turns":3},{"damage":13,"enemies":"3 Byrds","floor":19,"turns":3},{"damage":15,"enemies":"Snecko","floor":21,"turns":4},{"damage":66,"enemies":"Gremlin Leader","floor":24,"turns":3}],"seed_played":"-6249776296065374520","potions_obtained":[{"floor":4,"key":"AttackPotion"},{"floor":7,"key":"Dexterity Potion"},{"floor":10,"key":"Strength Potion"},{"floor":16,"key":"Energy Potion"},{"floor":19,"key":"AttackPotion"},{"floor":21,"key":"Strength Potion"}],"is_trial":false,"path_per_floor":["M","?","M","M","$","R","M","R","T","M","E","M","R","?","R","B",null,"M","M","$","M","?","R"],"character_chosen":"IRONCLAD","items_purchased":["Sword Boomerang","Flex","Sword Boomerang"],"campfire_rested":0,"item_purchase_floors":[5,20,20],"current_hp_per_floor":[73,73,74,80,80,80,80,80,80,80,63,66,66,59,59,11,80,80,73,73,64,64,64,0],"gold":97,"neow_bonus":"","is_prod":false,"is_daily":false,"chose_seed":false,"campfire_upgraded":5,"win_rate":0,"timestamp":1533132241,"path_taken":["M","?","M","?","$","R","M","R","T","M","E","M","R","?","R","BOSS","M","M","$","M","?","R","E"],"build_version":"2018-07-26","purchased_purges":1,"victory":false,"max_hp_per_floor":[80,80,80,80,80,80,80,80,80,80,80,80,80,80,80,80,80,80,80,80,80,80,80,80],"card_choices":[{"not_picked":["Entrench","Body Slam"],"picked":"Iron Wave","floor":1},{"not_picked":["Entrench","Intimidate"],"picked":"Dropkick","floor":3},{"not_picked":["Fire Breathing","Anger"],"picked":"Pummel","floor":4},{"not_picked":["Infernal Blade","Carnage","Wild Strike"],"picked":"SKIP","floor":7},{"not_picked":["Sentinel","Body Slam"],"picked":"Dropkick","floor":10},{"not_picked":["Armaments","Pommel Strike"],"picked":"Carnage","floor":11},{"not_picked":["Perfected Strike","Cleave"],"picked":"Flex","floor":12},{"not_picked":["Bludgeon","Barricade"],"picked":"Demon Form","floor":16},{"not_picked":["Uppercut","Ghostly Armor"],"picked":"Cleave+1","floor":18},{"not_picked":["Perfected Strike+1","Headbutt"],"picked":"Disarm","floor":19},{"not_picked":["Warcry","Thunderclap","Wild Strike"],"picked":"SKIP","floor":21}],"player_experience":64204,"relics_obtained":[{"floor":9,"key":"Charon\u0027s Ashes"},{"floor":11,"key":"Dead Branch"}],"event_choices":[{"event_name":"The Cleric","player_choice":"Card Removal","floor":2,"damage_taken":0},{"event_name":"Golden Wing","player_choice":"Card Removal","floor":14,"damage_taken":0},{"event_name":"Vampires","player_choice":"Ignored","floor":22,"damage_taken":0}],"is_beta":false,"boss_relics":[{"not_picked":["Orrery","Runic Dome"],"picked":"Runic Cube"}],"items_purged_floors":[20],"is_endless":false,"potions_floor_spawned":[4,7,10,16,19,21],"killed_by":"Gremlin Leader","ascension_level":2}