{"gold_per_floor":[112,112,130,141,158,220,220,220,244,244,244,269,32,52,52,148,148,167,167,179,197,212,212,244,26,26,55,73,85,85,100,100,202,202,216,216,139,139,149,182,182,193,193,225,225,235,235,247,247,247],"floor_reached":50,"playtime":2339,"items_purged":[],"score":658,"play_id":"55e42b08-e6c7-4360-913e-b981e2aae66d","local_time":"20190924140021","is_ascension_mode":true,"campfire_choices":[{"data":"Feed","floor":7.0,"key":"SMITH"},{"data":"Bash","floor":10.0,"key":"SMITH"},{"floor":15.0,"key":"REST"},{"data":"Apotheosis","floor":23.0,"key":"SMITH"},{"floor":32.0,"key":"REST"},{"floor":41.0,"key":"REST"},{"floor":45.0,"key":"REST"},{"floor":49.0,"key":"REST"}],"neow_cost":"NONE","seed_source_timestamp":159063620703100,"circlet_count":0,"master_deck":["Strike_R","Strike_R","Defend_R+1","Defend_R+1","Defend_R","Bash+1","Body Slam+1","Ghostly Armor","Feed+1","Shrug It Off","Apotheosis+1","Pummel","Bludgeon","Sword Boomerang","Rampage","Cleave+1","Shrug It Off","Whirlwind+1","Inflame","Spot Weakness","Body Slam","Exhume","Evolve","Panacea","Purity","Good Instincts","Shockwave+1"],"special_seed":0,"relics":["Burning Blood","War Paint","Tiny Chest","Anchor","Pen Nib","White Beast Statue","Gremlin Horn","Oddly Smooth Stone","Juzu Bracelet","Ice Cream","Pantograph","Empty Cage","Potion Belt","Strawberry","Happy Flower"],"potions_floor_usage":[50,50],"damage_taken":[{"damage":12.0,"enemies":"Small Slimes","floor":1.0,"turns":4.0},{"damage":9.0,"enemies":"Cultist","floor":3.0,"turns":4.0},{"damage":7.0,"enemies":"2 Louse","floor":4.0,"turns":3.0},{"damage":2.0,"enemies":"Large Slime","floor":5.0,"turns":7.0},{"damage":44.0,"enemies":"Lagavulin","floor":6.0,"turns":9.0},{"damage":12.0,"enemies":"Gremlin Nob","floor":12.0,"turns":4.0},{"damage":0.0,"enemies":"3 Louse","floor":14.0,"turns":5.0},{"damage":27.0,"enemies":"The Guardian","floor":16.0,"turns":11.0},{"damage":2.0,"enemies":"3 Byrds","floor":18.0,"turns":6.0},{"damage":0.0,"enemies":"Chosen","floor":20.0,"turns":3.0},{"damage":20.0,"enemies":"Centurion and Healer","floor":21.0,"turns":6.0},{"damage":22.0,"enemies":"Snecko","floor":22.0,"turns":5.0},{"damage":55.0,"enemies":"Gremlin Leader","floor":24.0,"turns":11.0},{"damage":3.0,"enemies":"Book of Stabbing","floor":27.0,"turns":4.0},{"damage":19.0,"enemies":"Shelled Parasite and Fungi","floor":28.0,"turns":6.0},{"damage":9.0,"enemies":"Snake Plant","floor":29.0,"turns":5.0},{"damage":9.0,"enemies":"3 Cultists","floor":31.0,"turns":4.0},{"damage":78.0,"enemies":"Collector","floor":33.0,"turns":12.0},{"damage":7.0,"enemies":"3 Shapes","floor":35.0,"turns":7.0},{"damage":6.0,"enemies":"Orb Walker","floor":39.0,"turns":4.0},{"damage":69.0,"enemies":"Nemesis","floor":40.0,"turns":7.0},{"damage":44.0,"enemies":"Transient","floor":42.0,"turns":5.0},{"damage":42.0,"enemies":"Reptomancer","floor":44.0,"turns":7.0},{"damage":9.0,"enemies":"Jaw Worm Horde","floor":46.0,"turns":2.0},{"damage":28.0,"enemies":"Writhing Mass","floor":48.0,"turns":6.0},{"damage":83,"enemies":"Time Eater","floor":50,"turns":10}],"seed_played":"8353311355541237879","potions_obtained":[{"floor":2.0,"key":"SneckoOil"},{"floor":2.0,"key":"SpeedPotion"},{"floor":2.0,"key":"Block Potion"},{"floor":6.0,"key":"Explosive Potion"},{"floor":14.0,"key":"SteroidPotion"},{"floor":18.0,"key":"Strength Potion"},{"floor":27.0,"key":"Regen Potion"},{"floor":28.0,"key":"SteroidPotion"},{"floor":29.0,"key":"GamblersBrew"},{"floor":33.0,"key":"Dexterity Potion"},{"floor":35.0,"key":"Energy Potion"},{"floor":40.0,"key":"Poison Potion"},{"floor":42.0,"key":"SkillPotion"},{"floor":44.0,"key":"Strength Potion"},{"floor":46.0,"key":"Block Potion"},{"floor":48.0,"key":"Ancient Potion"}],"is_trial":false,"path_per_floor":["M","?","M","M","M","E","R","?","T","R","?","E","$","M","R","B",null,"M","?","M","M","M","R","E","$","T","E","M","M","T","M","R","B",null,"M","?","$","?","M","E","R","M","T","E","R","M","?","M","R","B"],"character_chosen":"IRONCLAD","items_purchased":["Apotheosis","Pummel","Oddly Smooth Stone","Inflame","Evolve"],"campfire_rested":5,"item_purchase_floors":[13,13,25,25,37],"current_hp_per_floor":[74,74,71,70,74,36,36,36,36,36,29,27,27,37,63,46,92,96,96,100,90,78,78,29,29,29,32,19,30,30,27,59,12,108,111,111,111,101,101,42,76,38,45,9,45,42,42,20,56,0],"gold":247,"neow_bonus":"RANDOM_COMMON_RELIC","is_prod":false,"is_daily":false,"chose_seed":false,"campfire_upgraded":3,"win_rate":0,"timestamp":1569301221,"path_taken":["M","?","M","M","?","E","R","?","T","R","?","E","$","M","R","BOSS","M","?","?","M","M","R","E","$","T","E","M","M","?","M","R","BOSS","M","?","$","?","M","E","R","M","T","E","R","M","?","M","R","BOSS"],"build_version":"2019-07-17","purchased_purges":0,"victory":false,"max_hp_per_floor":[80,80,80,80,80,80,80,80,80,80,80,84,84,88,88,92,92,96,96,100,104,108,108,108,108,108,108,108,108,108,108,108,108,108,112,112,112,112,112,116,116,116,123,123,123,123,123,123,123,123],"card_choices":[{"not_picked":["Wild Strike","Hemokinesis"],"picked":"Body Slam","floor":1.0},{"not_picked":["Hemokinesis","Flex"],"picked":"Ghostly Armor","floor":3.0},{"not_picked":["Sever Soul","Fire Breathing","Body Slam"],"picked":"SKIP","floor":4.0},{"not_picked":["Ghostly Armor","Clash","Anger"],"picked":"SKIP","floor":5.0},{"not_picked":["Headbutt","Iron Wave"],"picked":"Feed","floor":6.0},{"not_picked":["Havoc","Cleave"],"picked":"Shrug It Off","floor":12.0},{"not_picked":["True Grit","Body Slam","Headbutt"],"picked":"SKIP","floor":14.0},{"not_picked":["Berserk","Limit Break"],"picked":"Bludgeon","floor":16.0},{"not_picked":["Armaments","Wild Strike"],"picked":"Sword Boomerang","floor":18.0},{"not_picked":["Clothesline","Wild Strike+1"],"picked":"Rampage","floor":20.0},{"not_picked":["Disarm","Armaments+1"],"picked":"Cleave+1","floor":21.0},{"not_picked":["Pommel Strike+1","Body Slam"],"picked":"Shrug It Off","floor":22.0},{"not_picked":["Shrug It Off","Dark Embrace"],"picked":"Whirlwind","floor":24.0},{"not_picked":["Demon Form","Anger","Combust"],"picked":"SKIP","floor":27.0},{"not_picked":["Pommel Strike","Feel No Pain","Flex+1"],"picked":"SKIP","floor":28.0},{"not_picked":["Thunderclap","Dual Wield"],"picked":"Spot Weakness","floor":29.0},{"not_picked":["Flex","Wild Strike+1"],"picked":"Body Slam","floor":31.0},{"not_picked":["Fiend Fire","Demon Form"],"picked":"Exhume","floor":33.0},{"not_picked":["Heavy Blade+1","Perfected Strike","Feel No Pain+1"],"picked":"SKIP","floor":35.0},{"not_picked":["Panache","Thinking Ahead"],"picked":"Panacea","floor":38.0},{"not_picked":["PanicButton","Forethought"],"picked":"Purity","floor":38.0},{"not_picked":["Madness","Chrysalis"],"picked":"Good Instincts","floor":38.0},{"not_picked":["Body Slam","Warcry","Cleave"],"picked":"SKIP","floor":39.0},{"not_picked":["Immolate","Armaments","Iron Wave"],"picked":"SKIP","floor":40.0},{"not_picked":["Wild Strike+1","Sword Boomerang"],"picked":"True Grit+1","floor":42.0},{"not_picked":["Hemokinesis","Burning Pact+1","Feel No Pain+1"],"picked":"SKIP","floor":44.0},{"not_picked":["Rage+1","Body Slam"],"picked":"Shockwave+1","floor":46.0},{"not_picked":["Body Slam+1","Flex","Immolate"],"picked":"SKIP","floor":48.0}],"player_experience":453135,"relics_obtained":[{"floor":6.0,"key":"Tiny Chest"},{"floor":9.0,"key":"Anchor"},{"floor":12.0,"key":"Pen Nib"},{"floor":24.0,"key":"Gremlin Horn"},{"floor":26.0,"key":"Juzu Bracelet"},{"floor":27.0,"key":"Ice Cream"},{"floor":30.0,"key":"Pantograph"},{"floor":40.0,"key":"Potion Belt"},{"floor":43.0,"key":"Strawberry"},{"floor":44.0,"key":"Happy Flower"}],"event_choices":[{"damage_healed":0.0,"max_hp_gain":0.0,"max_hp_loss":0.0,"gold_gain":0.0,"event_name":"Lab","player_choice":"Got Potions","floor":2.0,"gold_loss":0.0,"damage_taken":0.0},{"damage_healed":0.0,"max_hp_gain":0.0,"max_hp_loss":0.0,"gold_gain":0.0,"event_name":"Living Wall","player_choice":"Grow","floor":8.0,"gold_loss":0.0,"damage_taken":0.0,"cards_upgraded":["Body Slam"]},{"cards_removed":["Strike_R"],"damage_healed":0.0,"max_hp_gain":0.0,"max_hp_loss":0.0,"gold_gain":0.0,"event_name":"Golden Wing","player_choice":"Card Removal","floor":11.0,"gold_loss":0.0,"damage_taken":7.0},{"cards_removed":["Strike_R"],"damage_healed":0.0,"max_hp_gain":0.0,"max_hp_loss":0.0,"gold_gain":0.0,"event_name":"Purifier","player_choice":"Purged","floor":19.0,"gold_loss":0.0,"damage_taken":0.0},{"damage_healed":0.0,"max_hp_gain":0.0,"max_hp_loss":0.0,"gold_gain":0.0,"event_name":"Accursed Blacksmith","player_choice":"Forge","floor":36.0,"gold_loss":0.0,"damage_taken":0.0,"cards_upgraded":["Whirlwind"]},{"damage_healed":0.0,"max_hp_gain":0.0,"max_hp_loss":0.0,"gold_gain":0.0,"event_name":"SensoryStone","player_choice":"Memory 3","floor":38.0,"gold_loss":0.0,"damage_taken":10.0},{"cards_removed":["True Grit"],"damage_healed":0.0,"max_hp_gain":0.0,"max_hp_loss":0.0,"gold_gain":0.0,"event_name":"Falling","player_choice":"Removed Skill","floor":47.0,"gold_loss":0.0,"damage_taken":0.0}],"is_beta":false,"boss_relics":[{"not_picked":["Runic Dome","Philosopher\u0027s Stone"],"picked":"White Beast Statue"},{"not_picked":["Snecko Eye","Astrolabe"],"picked":"Empty Cage"}],"items_purged_floors":[],"is_endless":false,"potions_floor_spawned":[3,6,14,18,20,21,22,24,27,28,29,31,33,35,39,40,42,44,46,48],"killed_by":"Time Eater","ascension_level":1}