{"gold_per_floor":[12,26,26,36,1,1,1,1,1,33,33,44,75,85,85,160,160,85,85,39,39,39,39,39,39,39,39,39,39,39,39,39,39,39,39,39,39,39,39,39,39,39,39,39,39,39,39,39,39,39],"floor_reached":51,"playtime":1450,"items_purged":[],"score":1150,"play_id":"f9790bc2-cd59-492b-9121-6d9401d4db85","local_time":"20191026002209","is_ascension_mode":true,"campfire_choices":[{"data":"Disarm","floor":6.0,"key":"SMITH"},{"data":"Whirlwind","floor":8.0,"key":"SMITH"},{"floor":11.0,"key":"REST"},{"data":"Wild Strike","floor":15.0,"key":"SMITH"},{"floor":23.0,"key":"REST"},{"data":"Uppercut","floor":25.0,"key":"SMITH"},{"floor":29.0,"key":"REST"},{"data":"RitualDagger","floor":32.0,"key":"SMITH"},{"floor":44.0,"key":"REST"},{"floor":49.0,"key":"REST"}],"neow_cost":"NO_GOLD","seed_source_timestamp":108732726166700,"circlet_count":0,"master_deck":["AscendersBane","Strike_R","Strike_R","Strike_R","Strike_R","Strike_R","Defend_R","Defend_R","Defend_R","Defend_R","Bash+1","Wild Strike+1","Whirlwind+1","Disarm+1","Fire Breathing+1","True Grit","Shrug It Off","Uppercut+1","RitualDagger+1","Juggernaut","Flame Barrier+1","Disarm","True Grit","Flame Barrier"],"special_seed":0,"relics":["Burning Blood","Turnip","Mercury Hourglass","Pen Nib","Gambling Chip","Ectoplasm","MutagenicStrength","Red Skull","Nunchaku","Mango","Fusion Hammer","White Beast Statue","Oddly Smooth Stone"],"potions_floor_usage":[50],"damage_taken":[{"damage":1.0,"enemies":"Cultist","floor":1.0,"turns":3.0},{"damage":9.0,"enemies":"Jaw Worm","floor":2.0,"turns":3.0},{"damage":0.0,"enemies":"Small Slimes","floor":4.0,"turns":2.0},{"damage":30.0,"enemies":"Gremlin Nob","floor":10.0,"turns":4.0},{"damage":13.0,"enemies":"Blue Slaver","floor":12.0,"turns":2.0},{"damage":20.0,"enemies":"3 Sentries","floor":13.0,"turns":3.0},{"damage":5.0,"enemies":"Exordium Wildlife","floor":14.0,"turns":2.0},{"damage":15.0,"enemies":"Hexaghost","floor":16.0,"turns":10.0},{"damage":39.0,"enemies":"2 Thieves","floor":18.0,"turns":4.0},{"damage":0.0,"enemies":"3 Byrds","floor":22.0,"turns":4.0},{"damage":17.0,"enemies":"Slavers","floor":24.0,"turns":2.0},{"damage":14.0,"enemies":"Shelled Parasite and Fungi","floor":27.0,"turns":4.0},{"damage":15.0,"enemies":"Centurion and Healer","floor":28.0,"turns":6.0},{"damage":18.0,"enemies":"Book of Stabbing","floor":30.0,"turns":5.0},{"damage":63.0,"enemies":"Automaton","floor":33.0,"turns":7.0},{"damage":9.0,"enemies":"Orb Walker","floor":35.0,"turns":3.0},{"damage":32.0,"enemies":"3 Darklings","floor":36.0,"turns":4.0},{"damage":11.0,"enemies":"Sphere and 2 Shapes","floor":39.0,"turns":3.0},{"damage":17.0,"enemies":"Writhing Mass","floor":40.0,"turns":5.0},{"damage":0.0,"enemies":"4 Shapes","floor":42.0,"turns":6.0},{"damage":11.0,"enemies":"Sphere and 2 Shapes","floor":46.0,"turns":6.0},{"damage":17.0,"enemies":"Writhing Mass","floor":47.0,"turns":6.0},{"damage":93,"enemies":"Donu and Deca","floor":50,"turns":9}],"seed_played":"7943855835159805198","potions_obtained":[{"floor":4.0,"key":"FearPotion"},{"floor":13.0,"key":"Explosive Potion"},{"floor":14.0,"key":"Weak Potion"},{"floor":16.0,"key":"LiquidMemories"},{"floor":24.0,"key":"BloodPotion"},{"floor":27.0,"key":"SneckoOil"},{"floor":28.0,"key":"Regen Potion"},{"floor":36.0,"key":"Explosive Potion"},{"floor":46.0,"key":"Energy Potion"},{"floor":47.0,"key":"FairyPotion"}],"is_trial":false,"path_per_floor":["M","M","?","M","$","R","?","R","T","E","R","M","E","M","R","B",null,"M","?","$","?","M","R","E","R","T","M","M","R","E","?","R","B",null,"M","M","?","?","M","M","$","M","T","R","T","M","M","$","R","B",null],"character_chosen":"IRONCLAD","items_purchased":["Fire Breathing","Shrug It Off"],"campfire_rested":5,"item_purchase_floors":[5,20],"current_hp_per_floor":[73,70,70,75,75,75,60,60,60,36,58,51,37,38,38,29,64,31,31,31,31,37,59,48,48,48,55,46,68,84,78,78,21,72,69,43,43,43,38,27,27,33,33,59,59,54,43,43,69,9],"gold":39,"neow_bonus":"ONE_RARE_RELIC","is_prod":false,"is_daily":false,"chose_seed":false,"campfire_upgraded":5,"win_rate":0,"timestamp":1572042129,"path_taken":["M","?","?","M","$","R","?","R","T","E","R","M","E","M","R","BOSS","M","?","$","?","M","R","E","R","T","?","M","R","E","?","R","BOSS","M","M","?","?","M","M","$","M","T","R","?","?","M","$","R","BOSS"],"build_version":"2019-10-25-V3","purchased_purges":0,"victory":true,"max_hp_per_floor":[75,75,75,75,75,75,75,75,75,75,75,75,75,75,75,75,75,75,75,75,75,75,75,75,75,75,75,75,75,89,89,89,89,89,89,89,89,89,89,89,89,89,89,89,89,89,89,89,89,89],"card_choices":[{"not_picked":["True Grit","Flex"],"picked":"Wild Strike","floor":1.0},{"not_picked":["Headbutt","Cleave"],"picked":"Whirlwind","floor":2.0},{"not_picked":["Fire Breathing","Pommel Strike"],"picked":"Disarm","floor":4.0},{"not_picked":["Anger","Perfected Strike","Cleave"],"picked":"SKIP","floor":10.0},{"not_picked":["Dropkick","Infernal Blade","Body Slam"],"picked":"SKIP","floor":12.0},{"not_picked":["Dark Embrace","Clothesline"],"picked":"True Grit","floor":13.0},{"not_picked":["Twin Strike","Clothesline","Reaper"],"picked":"SKIP","floor":14.0},{"not_picked":["Combust","Dual Wield","Body Slam"],"picked":"SKIP","floor":18.0},{"not_picked":["Dual Wield","Anger"],"picked":"Uppercut","floor":22.0},{"not_picked":["Pummel+1","Anger","Bloodletting+1"],"picked":"SKIP","floor":24.0},{"not_picked":["Twin Strike","Metallicize"],"picked":"Inflame","floor":27.0},{"not_picked":["Rampage","Body Slam","Cleave+1"],"picked":"SKIP","floor":28.0},{"not_picked":["Pommel Strike","Body Slam","Sword Boomerang"],"picked":"SKIP","floor":30.0},{"not_picked":["Limit Break","Exhume"],"picked":"Juggernaut","floor":33.0},{"not_picked":["Body Slam","Headbutt","Thunderclap"],"picked":"SKIP","floor":35.0},{"not_picked":["Anger","Havoc"],"picked":"Flame Barrier+1","floor":36.0},{"not_picked":["Anger","Combust"],"picked":"Disarm","floor":39.0},{"not_picked":["Second Wind","Fire Breathing+1","Heavy Blade"],"picked":"SKIP","floor":40.0},{"not_picked":["Havoc","Cleave","Heavy Blade"],"picked":"SKIP","floor":42.0},{"not_picked":["Burning Pact","Iron Wave"],"picked":"True Grit","floor":46.0},{"not_picked":["Carnage","Second Wind"],"picked":"Flame Barrier","floor":47.0}],"player_experience":527818,"relics_obtained":[{"floor":9.0,"key":"Mercury Hourglass"},{"floor":10.0,"key":"Pen Nib"},{"floor":13.0,"key":"Gambling Chip"},{"floor":24.0,"key":"Red Skull"},{"floor":26.0,"key":"Nunchaku"},{"floor":30.0,"key":"Mango"},{"floor":43.0,"key":"White Beast Statue"},{"floor":45.0,"key":"Oddly Smooth Stone"}],"event_choices":[{"damage_healed":0.0,"max_hp_gain":0.0,"max_hp_loss":0.0,"gold_gain":0.0,"event_name":"Liars Game","player_choice":"Ignored","floor":3.0,"gold_loss":0.0,"damage_taken":0.0},{"damage_healed":0.0,"max_hp_gain":0.0,"max_hp_loss":0.0,"gold_gain":0.0,"event_name":"Shining Light","player_choice":"Entered Light","floor":7.0,"gold_loss":0.0,"damage_taken":15.0,"cards_upgraded":["Bash","Fire Breathing"]},{"damage_healed":0.0,"max_hp_gain":0.0,"max_hp_loss":0.0,"gold_gain":0.0,"event_name":"The Mausoleum","player_choice":"Ignored","floor":19.0,"gold_loss":0.0,"damage_taken":0.0},{"damage_healed":0.0,"max_hp_gain":0.0,"max_hp_loss":0.0,"gold_gain":0.0,"event_name":"Drug Dealer","player_choice":"Inject Mutagens","floor":21.0,"gold_loss":0.0,"damage_taken":0.0,"relics_obtained":["MutagenicStrength"]},{"damage_healed":0.0,"max_hp_gain":0.0,"max_hp_loss":0.0,"gold_gain":0.0,"event_name":"Nest","player_choice":"Joined the Cult","floor":31.0,"gold_loss":0.0,"damage_taken":6.0,"cards_obtained":["RitualDagger"]},{"cards_removed":["Inflame"],"damage_healed":0.0,"max_hp_gain":0.0,"max_hp_loss":0.0,"gold_gain":0.0,"event_name":"Falling","player_choice":"Removed Power","floor":37.0,"gold_loss":0.0,"damage_taken":0.0},{"damage_healed":0.0,"max_hp_gain":0.0,"max_hp_loss":0.0,"gold_gain":0.0,"event_name":"SensoryStone","player_choice":"Memory 1","floor":38.0,"gold_loss":0.0,"damage_taken":0.0}],"is_beta":true,"boss_relics":[{"not_picked":["Black Star","SacredBark"],"picked":"Ectoplasm"},{"not_picked":["Coffee Dripper","Runic Pyramid"],"picked":"Fusion Hammer"}],"items_purged_floors":[],"is_endless":false,"potions_floor_spawned":[4,13,14,16,24,27,28,36,46,47],"ascension_level":14}