{"gold_per_floor":[109,109,2,27,48,48,87,123,188,220,255,267,204,222,222,222],"floor_reached":16,"playtime":676,"items_purged":["Strike_R"],"score":130,"play_id":"e99430a1-dd57-4823-b39e-8ccf0ec0a8d1","local_time":"20190610160116","is_ascension_mode":true,"campfire_choices":[{"data":"Searing Blow","floor":6,"key":"SMITH"},{"data":"Searing Blow+1","floor":12,"key":"SMITH"},{"floor":15,"key":"REST"}],"neow_cost":"NONE","seed_source_timestamp":103080442922195,"circlet_count":0,"master_deck":["Strike_R","Strike_R","Strike_R","Strike_R","Defend_R","Defend_R","Defend_R","Defend_R","Bash","Searing Blow+2","Sword Boomerang","Spot Weakness"],"relics":["Orrery","Golden Idol","Anchor","MawBank","Tiny Chest"],"potions_floor_usage":[16,16],"damage_taken":[{"damage":2,"enemies":"2 Louse","floor":1,"turns":4},{"damage":0,"enemies":"Jaw Worm","floor":4,"turns":3},{"damage":1,"enemies":"Cultist","floor":5,"turns":4},{"damage":30,"enemies":"3 Sentries","floor":7,"turns":7},{"damage":0,"enemies":"Red Slaver","floor":8,"turns":4},{"damage":3,"enemies":"Blue Slaver","floor":10,"turns":2},{"damage":2,"enemies":"Looter","floor":11,"turns":3},{"damage":18,"enemies":"Red Slaver","floor":14,"turns":6},{"damage":30,"enemies":"Hexaghost","floor":16,"turns":7}],"seed_played":"-2263126934338154246","potions_obtained":[{"floor":7,"key":"Poison Potion"},{"floor":8,"key":"SteroidPotion"},{"floor":14,"key":"Fire Potion"}],"is_trial":false,"path_per_floor":["M","?","?","M","M","R","E","M","T","M","M","R","$","M","R","B"],"character_chosen":"IRONCLAD","items_purchased":[],"campfire_rested":1,"item_purchase_floors":[],"current_hp_per_floor":[78,58,58,58,57,57,27,27,27,24,22,22,22,4,28,0],"gold":222,"neow_bonus":"BOSS_RELIC","is_prod":false,"is_daily":false,"chose_seed":false,"campfire_upgraded":2,"win_rate":0,"timestamp":1560175276,"path_taken":["M","?","?","M","?","R","E","M","T","M","M","R","$","M","R","BOSS"],"build_version":"2019-01-23","purchased_purges":1,"victory":false,"max_hp_per_floor":[80,80,80,80,80,80,80,80,80,80,80,80,80,80,80,80],"card_choices":[{"not_picked":["Shrug It Off","Pommel Strike"],"picked":"Searing Blow","floor":0},{"not_picked":["Sever Soul","Clothesline"],"picked":"Sword Boomerang","floor":0},{"not_picked":["Fiend Fire","Shrug It Off","Evolve"],"picked":"SKIP","floor":1},{"not_picked":["Clothesline","Havoc"],"picked":"Spot Weakness","floor":4},{"not_picked":["Flex","Twin Strike","Clothesline"],"picked":"SKIP","floor":5},{"not_picked":["Entrench","Immolate","Armaments"],"picked":"SKIP","floor":7},{"not_picked":["Pummel","Searing Blow","Blood for Blood"],"picked":"SKIP","floor":8},{"not_picked":["Entrench","Blood for Blood","Seeing Red"],"picked":"SKIP","floor":10},{"not_picked":["Shrug It Off","Clothesline","Heavy Blade"],"picked":"SKIP","floor":11},{"not_picked":["Pummel","Anger","Iron Wave"],"picked":"SKIP","floor":14}],"player_experience":188957,"relics_obtained":[{"floor":7,"key":"MawBank"},{"floor":9,"key":"Tiny Chest"}],"event_choices":[{"damage_healed":0,"gold_gain":0,"player_choice":"Take Damage","damage_taken":20,"relics_obtained":["Golden Idol"],"max_hp_gain":0,"max_hp_loss":0,"event_name":"Golden Idol","floor":2,"gold_loss":0},{"damage_healed":0,"gold_gain":0,"player_choice":"Paid Gold","damage_taken":0,"relics_obtained":["Anchor"],"max_hp_gain":0,"max_hp_loss":0,"event_name":"WeMeetAgain","floor":3,"gold_loss":107}],"is_beta":false,"boss_relics":[],"items_purged_floors":[13],"is_endless":false,"potions_floor_spawned":[7,8,14],"killed_by":"Hexaghost","ascension_level":5}