{"gold_per_floor":[118,134,146,146,146,181,181,206,288,316,316,316,316,37,37,136,136,148,63,10,28,28,28,58,68,68,68,101,111,111,130,130,229,229,241,14,0,20,40,40,40,55,80,80,113,128,145,145,145,145],"floor_reached":50,"playtime":2127,"items_purged":[],"score":736,"play_id":"cab525ed-e76d-4214-8d18-f8a1ef28deb4","local_time":"20190611195333","is_ascension_mode":true,"campfire_choices":[{"data":"Bash","floor":7.0,"key":"SMITH"},{"data":"True Grit","floor":11.0,"key":"SMITH"},{"data":"Metallicize","floor":13.0,"key":"SMITH"},{"floor":15.0,"key":"REST"},{"data":"Demon Form","floor":23.0,"key":"SMITH"},{"floor":27.0,"key":"REST"},{"floor":32.0,"key":"REST"},{"floor":40,"key":"REST"},{"floor":41,"key":"REST"},{"data":"Limit Break","floor":44,"key":"SMITH"},{"floor":49,"key":"REST"}],"neow_cost":"NONE","seed_source_timestamp":0,"circlet_count":0,"master_deck":["Strike_R+1","Strike_R","Strike_R+1","Strike_R","Strike_R","Defend_R","Defend_R+1","Defend_R","Defend_R","Bash+1","Wild Strike","True Grit+1","Metallicize+1","Pommel Strike+1","Sword Boomerang","Battle Trance","Shockwave","Demon Form+1","Shrug It Off","Pummel","Inflame","Clothesline","Limit Break+1","Evolve","Cleave+1"],"special_seed":0,"relics":["Burning Blood","Gremlin Horn","Dream Catcher","Lantern","Bottled Flame","WingedGreaves","Singing Bowl","Lizard Tail","Art of War","CultistMask","Matryoshka","Bag of Preparation","Pear","Whetstone","Busted Crown","Bronze Scales","Red Mask","Darkstone Periapt","Happy Flower","The Courier"],"potions_floor_usage":[38,45,45,50,50],"damage_taken":[{"damage":14.0,"enemies":"Small Slimes","floor":1.0,"turns":4.0},{"damage":4.0,"enemies":"Jaw Worm","floor":2.0,"turns":4.0},{"damage":10.0,"enemies":"2 Louse","floor":3.0,"turns":3.0},{"damage":28.0,"enemies":"3 Sentries","floor":6.0,"turns":9.0},{"damage":23.0,"enemies":"Gremlin Nob","floor":8.0,"turns":4.0},{"damage":21.0,"enemies":"3 Sentries","floor":10.0,"turns":8.0},{"damage":23.0,"enemies":"The Guardian","floor":16.0,"turns":16.0},{"damage":21.0,"enemies":"Spheric Guardian","floor":18.0,"turns":4.0},{"damage":14.0,"enemies":"3 Byrds","floor":21.0,"turns":5.0},{"damage":53.0,"enemies":"Book of Stabbing","floor":24.0,"turns":7.0},{"damage":18.0,"enemies":"Snecko","floor":25.0,"turns":5.0},{"damage":65.0,"enemies":"Slavers","floor":28.0,"turns":6.0},{"damage":38.0,"enemies":"Snake Plant","floor":29.0,"turns":4.0},{"damage":25.0,"enemies":"Centurion and Healer","floor":31.0,"turns":6.0},{"damage":40,"enemies":"Champ","floor":33,"turns":10},{"damage":36,"enemies":"3 Darklings","floor":35,"turns":6},{"damage":0,"enemies":"Orb Walker","floor":38,"turns":3},{"damage":48,"enemies":"Spire Growth","floor":39,"turns":6},{"damage":26,"enemies":"Sphere and 2 Shapes","floor":42,"turns":4},{"damage":32,"enemies":"Nemesis","floor":45,"turns":7},{"damage":19,"enemies":"Maw","floor":46,"turns":6},{"damage":29,"enemies":"3 Darklings","floor":47,"turns":5},{"damage":82,"enemies":"Time Eater","floor":50,"turns":6}],"seed_played":"-3556690603980650267","potions_obtained":[{"floor":1.0,"key":"Energy Potion"},{"floor":3.0,"key":"SpeedPotion"},{"floor":21.0,"key":"Regen Potion"},{"floor":28.0,"key":"GamblersBrew"},{"floor":29.0,"key":"Energy Potion"},{"floor":33,"key":"Explosive Potion"},{"floor":39,"key":"Weak Potion"},{"floor":42,"key":"LiquidBronze"},{"floor":46,"key":"PowerPotion"}],"is_trial":false,"path_per_floor":["M","M","M","?","T","E","R","E","T","E","R","?","R","$","R","B",null,"M","?","$","M","?","R","E","M","T","R","E","M","$","M","R","B",null,"M","$","?","M","M","R","R","M","T","R","E","M","M","?","R","B"],"character_chosen":"IRONCLAD","items_purchased":["Singing Bowl","Shockwave","Shrug It Off","Evolve","Bronze Scales"],"campfire_rested":6,"item_purchase_floors":[14,14,20,36,36],"current_hp_per_floor":[72,74,70,75,75,53,53,36,36,21,21,2,2,2,31,14,75,62,62,62,56,56,56,26,16,26,59,61,31,31,12,48,14,91,63,63,63,69,29,67,105,87,87,87,63,52,31,33,75,0],"gold":145,"neow_bonus":"TEN_PERCENT_HP_BONUS","is_prod":false,"is_daily":false,"chose_seed":false,"campfire_upgraded":5,"win_rate":0,"timestamp":1560275613,"path_taken":["M","M","M","?","?","E","R","E","T","E","R","?","R","$","R","BOSS","M","?","$","M","?","R","E","M","T","R","E","?","?","M","R","BOSS","M","$","?","M","M","R","R","M","T","R","E","M","M","?","R","BOSS"],"build_version":"2019-01-23","purchased_purges":0,"victory":false,"max_hp_per_floor":[88,88,88,93,93,93,93,93,93,93,93,93,93,93,95,95,95,97,97,97,99,99,99,101,103,113,113,113,115,115,115,117,117,117,119,119,119,119,121,123,125,127,127,127,129,131,133,135,137,137],"card_choices":[{"not_picked":["Disarm","Fire Breathing"],"picked":"Wild Strike","floor":1.0},{"not_picked":["Havoc","Thunderclap"],"picked":"True Grit","floor":2.0},{"not_picked":["Twin Strike","Infernal Blade"],"picked":"Metallicize","floor":3.0},{"not_picked":["Flex","Clothesline"],"picked":"Pommel Strike","floor":6.0},{"not_picked":["Carnage","Rage"],"picked":"Sword Boomerang","floor":8.0},{"not_picked":["Brutality","Sever Soul"],"picked":"Battle Trance","floor":10.0},{"not_picked":["Clash","Shockwave","Blood for Blood"],"picked":"Singing Bowl","floor":15.0},{"not_picked":["Brutality","Bludgeon"],"picked":"Demon Form","floor":16.0},{"not_picked":["Sword Boomerang","Anger","Clash"],"picked":"Singing Bowl","floor":18.0},{"not_picked":["Armaments","Flex","Cleave"],"picked":"Singing Bowl","floor":21.0},{"not_picked":["Sever Soul+1","Fiend Fire","Bludgeon"],"picked":"Singing Bowl","floor":24.0},{"not_picked":["Heavy Blade","Sentinel","Fire Breathing+1"],"picked":"Singing Bowl","floor":25.0},{"not_picked":["Heavy Blade","Warcry"],"picked":"Pummel","floor":27.0},{"not_picked":["Wild Strike","Pommel Strike"],"picked":"Inflame","floor":28.0},{"not_picked":["Headbutt","Sword Boomerang","Anger"],"picked":"Singing Bowl","floor":29.0},{"not_picked":["Rupture","Dark Embrace"],"picked":"Clothesline","floor":31.0},{"not_picked":["True Grit","Anger+1","Rampage"],"picked":"Singing Bowl","floor":32.0},{"not_picked":["Dark Embrace","Fiend Fire"],"picked":"Limit Break","floor":33},{"not_picked":["Perfected Strike"],"picked":"Singing Bowl","floor":35},{"not_picked":[],"picked":"Cleave+1","floor":38},{"not_picked":["True Grit"],"picked":"Singing Bowl","floor":39},{"not_picked":["Flex"],"picked":"Singing Bowl","floor":40},{"not_picked":["Dropkick+1"],"picked":"Singing Bowl","floor":41},{"not_picked":["Warcry"],"picked":"Singing Bowl","floor":42},{"not_picked":["Armaments"],"picked":"Singing Bowl","floor":45},{"not_picked":["Exhume"],"picked":"Singing Bowl","floor":46},{"not_picked":["Pommel Strike"],"picked":"Singing Bowl","floor":47},{"not_picked":["Madness"],"picked":"Singing Bowl","floor":48},{"not_picked":["Shrug It Off"],"picked":"Singing Bowl","floor":49}],"player_experience":202577,"relics_obtained":[{"floor":5.0,"key":"Gremlin Horn"},{"floor":6.0,"key":"Dream Catcher"},{"floor":8.0,"key":"Lantern"},{"floor":9.0,"key":"Bottled Flame"},{"floor":10.0,"key":"WingedGreaves"},{"floor":24.0,"key":"Matryoshka"},{"floor":26.0,"key":"Bag of Preparation"},{"floor":26.0,"key":"Pear"},{"floor":28.0,"key":"Whetstone"},{"floor":43,"key":"Darkstone Periapt"},{"floor":43,"key":"Happy Flower"},{"floor":45,"key":"The Courier"}],"event_choices":[{"damage_healed":0.0,"max_hp_gain":5.0,"max_hp_loss":0.0,"gold_gain":0.0,"event_name":"Big Fish","player_choice":"Donut","floor":4.0,"gold_loss":0.0,"damage_taken":0.0},{"damage_healed":0.0,"max_hp_gain":0.0,"max_hp_loss":0.0,"gold_gain":0.0,"event_name":"Shining Light","player_choice":"Entered Light","floor":12.0,"gold_loss":0.0,"damage_taken":19.0,"cards_upgraded":["Pommel Strike","Defend_R"]},{"damage_healed":0.0,"max_hp_gain":0.0,"max_hp_loss":0.0,"gold_gain":0.0,"event_name":"Addict","player_choice":"Obtained Relic","floor":19.0,"gold_loss":85.0,"damage_taken":0.0,"relics_obtained":["Art of War"]},{"damage_healed":0.0,"max_hp_gain":0.0,"max_hp_loss":0.0,"gold_gain":0.0,"event_name":"FaceTrader","player_choice":"Trade","floor":22.0,"gold_loss":0.0,"damage_taken":0.0,"relics_obtained":["CultistMask"]},{"damage_healed":0,"gold_gain":0,"player_choice":"Paid","damage_taken":0,"relics_obtained":["Red Mask"],"max_hp_gain":0,"max_hp_loss":0,"event_name":"Tomb of Lord Red Mask","floor":37,"gold_loss":14},{"damage_healed":0,"gold_gain":0,"player_choice":"Memory 1","damage_taken":0,"max_hp_gain":0,"max_hp_loss":0,"event_name":"SensoryStone","floor":48,"gold_loss":0}],"is_beta":false,"boss_relics":[{"not_picked":["Empty Cage","Runic Cube"],"picked":"Lizard Tail"},{"not_picked":["White Beast Statue","Astrolabe"],"picked":"Busted Crown"}],"items_purged_floors":[],"is_endless":false,"potions_floor_spawned":[1,3,21,28,29,33,39,42,46],"killed_by":"Time Eater","ascension_level":6}