{"gold_per_floor":[118,131,131,45,61,61,95,18,18,18,44,59,17,44,44,121,121,99,132,7,22,52,52,63,63],"floor_reached":25,"playtime":1582,"items_purged":["Strike_G"],"score":418,"play_id":"5599c772-3381-451e-83d8-900796fa3cbb","local_time":"20191025083716","is_ascension_mode":true,"campfire_choices":[{"data":"Neutralize","floor":6.0,"key":"SMITH"},{"data":"Neutralize","floor":10.0,"key":"SMITH"},{"floor":15.0,"key":"REST"},{"floor":23.0,"key":"REST"}],"neow_cost":"NONE","seed_source_timestamp":41152541576164,"circlet_count":0,"master_deck":["AscendersBane","Strike_G","Strike_G","Defend_G","Defend_G","Defend_G","Defend_G","Defend_G","Survivor","Neutralize+1","Dagger Spray","Slice","Heel Hook","Neutralize+1","Slice","Dagger Throw","Backflip","Dash","Backstab","Blur","Backflip","Well Laid Plans","Wraith Form v2","Deadly Poison+1","Noxious Fumes","PiercingWail"],"special_seed":0,"relics":["Empty Cage","Blue Candle","The Courier","Ninja Scroll","Odd Mushroom","Cursed Key","Red Mask","Tiny Chest"],"potions_floor_usage":[],"damage_taken":[{"damage":2.0,"enemies":"2 Louse","floor":1.0,"turns":6.0},{"damage":8.0,"enemies":"Cultist","floor":2.0,"turns":5.0},{"damage":1.0,"enemies":"Small Slimes","floor":5.0,"turns":4.0},{"damage":20.0,"enemies":"3 Sentries","floor":7.0,"turns":8.0},{"damage":20.0,"enemies":"Lagavulin","floor":11.0,"turns":9.0},{"damage":0.0,"enemies":"2 Fungi Beasts","floor":12.0,"turns":2.0},{"damage":12.0,"enemies":"The Mushroom Lair","floor":14.0,"turns":5.0},{"damage":7.0,"enemies":"The Guardian","floor":16.0,"turns":16.0},{"damage":12.0,"enemies":"2 Thieves","floor":18.0,"turns":4.0},{"damage":17.0,"enemies":"Masked Bandits","floor":19.0,"turns":7.0},{"damage":17.0,"enemies":"Spheric Guardian","floor":21.0,"turns":6.0},{"damage":25.0,"enemies":"3 Cultists","floor":24.0,"turns":8.0},{"damage":6,"enemies":"Sentry and Sphere","floor":25,"turns":2}],"seed_played":"1912573622678655174","potions_obtained":[{"floor":7.0,"key":"Dexterity Potion"},{"floor":11.0,"key":"Regen Potion"},{"floor":14.0,"key":"Dexterity Potion"},{"floor":21.0,"key":"PowerPotion"}],"is_trial":false,"path_per_floor":["M","M","?","$","M","R","E","$","T","R","E","M","$","?","R","B",null,"M","?","$","M","?","R","M","M"],"character_chosen":"THE_SILENT","items_purchased":["Dagger Throw","Backflip","Backstab","Dexterity Potion","Noxious Fumes"],"campfire_rested":2,"item_purchase_floors":[4,4,8,13,20],"current_hp_per_floor":[57,49,49,49,48,48,28,28,28,28,8,8,8,10,29,22,55,43,26,26,9,9,28,3,0],"gold":63,"neow_bonus":"BOSS_RELIC","is_prod":false,"is_daily":false,"chose_seed":false,"campfire_upgraded":2,"win_rate":0,"timestamp":1572010636,"path_taken":["M","M","?","$","M","R","E","$","T","R","E","M","?","?","R","BOSS","M","?","$","M","?","R","M","?"],"build_version":"2019-07-17","purchased_purges":1,"victory":false,"max_hp_per_floor":[66,66,66,66,66,66,66,66,66,66,66,66,66,66,66,66,66,66,66,66,66,66,66,66,66],"card_choices":[{"not_picked":["Dagger Throw","Expertise"],"picked":"Dagger Spray","floor":1.0},{"not_picked":["Dodge and Roll","Quick Slash"],"picked":"Slice","floor":2.0},{"not_picked":["Bane","Distraction","Reflex"],"picked":"SKIP","floor":5.0},{"not_picked":["Deflect","Reflex"],"picked":"Dash","floor":7.0},{"not_picked":["Skewer","Dagger Spray"],"picked":"Blur","floor":11.0},{"not_picked":["Accuracy","Expertise"],"picked":"Backflip","floor":12.0},{"not_picked":["Underhanded Strike","Envenom"],"picked":"Well Laid Plans","floor":14.0},{"not_picked":["Phantasmal Killer","Tools of the Trade"],"picked":"Wraith Form v2","floor":16.0},{"not_picked":["Well Laid Plans","Quick Slash","Sucker Punch"],"picked":"SKIP","floor":18.0},{"not_picked":["Flechettes","Phantasmal Killer"],"picked":"Deadly Poison+1","floor":19.0},{"not_picked":["Blade Dance+1","Deadly Poison"],"picked":"PiercingWail","floor":21.0},{"not_picked":["Poisoned Stab","Flechettes","Blade Dance"],"picked":"SKIP","floor":24.0}],"player_experience":350385,"relics_obtained":[{"floor":7.0,"key":"Blue Candle"},{"floor":9.0,"key":"The Courier"},{"floor":11.0,"key":"Ninja Scroll"},{"floor":14.0,"key":"Odd Mushroom"},{"floor":19.0,"key":"Red Mask"}],"event_choices":[{"damage_healed":0.0,"max_hp_gain":0.0,"max_hp_loss":0.0,"gold_gain":0.0,"event_name":"Match and Keep!","player_choice":"3 cards matched","floor":3.0,"gold_loss":0.0,"damage_taken":0.0,"cards_obtained":["Heel Hook","Neutralize","Slice"]},{"damage_healed":0.0,"max_hp_gain":0.0,"max_hp_loss":0.0,"gold_gain":0.0,"event_name":"Match and Keep!","player_choice":"3 cards matched","floor":3.0,"gold_loss":0.0,"damage_taken":0.0,"cards_obtained":["Heel Hook","Neutralize","Slice"]},{"damage_healed":0.0,"max_hp_gain":0.0,"max_hp_loss":0.0,"gold_gain":0.0,"event_name":"Mushrooms","player_choice":"Fought Mushrooms","floor":14.0,"gold_loss":0.0,"damage_taken":0.0},{"damage_healed":0.0,"max_hp_gain":0.0,"max_hp_loss":0.0,"gold_gain":0.0,"event_name":"Masked Bandits","player_choice":"Fought Bandits","floor":19.0,"gold_loss":0.0,"damage_taken":0.0},{"damage_healed":0.0,"max_hp_gain":0.0,"max_hp_loss":0.0,"gold_gain":0.0,"event_name":"WeMeetAgain","player_choice":"Gave Potion","floor":22.0,"gold_loss":0.0,"damage_taken":0.0,"relics_obtained":["Tiny Chest"]}],"is_beta":false,"boss_relics":[{"not_picked":["Orrery","Lizard Tail"],"picked":"Cursed Key"}],"items_purged_floors":[20],"is_endless":false,"potions_floor_spawned":[7,11,14,18,19,21],"killed_by":"Sentry and Sphere","ascension_level":20}