{"gold_per_floor":[113,133,150,150,169,169,204,214,262,187,199,225,245,261,261,332,332,344,244,264,264,275,306,306,371,371,371,390,405,405,434,434,509,509,529,35,135,68,88,88,115,133,133,133,148,0,29,45,45,45,45],"floor_reached":51,"playtime":3450,"items_purged":["Strike_B","Strike_B","Strike_B+1"],"score":1562,"play_id":"6e178c13-5587-48f6-a7bc-bacd15685acf","local_time":"20191007211819","is_ascension_mode":true,"campfire_choices":[{"data":"Darkness","floor":6.0,"key":"SMITH"},{"data":"Redo","floor":15.0,"key":"SMITH"},{"floor":24.0,"key":"REST"},{"floor":27.0,"key":"REST"},{"data":"Hologram","floor":30.0,"key":"SMITH"},{"data":"Conserve Battery","floor":32.0,"key":"SMITH"},{"data":"Multi-Cast","floor":40.0,"key":"SMITH"},{"data":"Reinforced Body","floor":44.0,"key":"SMITH"},{"floor":49,"key":"REST"}],"neow_cost":"NONE","seed_source_timestamp":216947937095800,"circlet_count":0,"master_deck":["AscendersBane","Strike_B+1","Defend_B+1","Defend_B+1","Defend_B+1","Defend_B+1","Zap","Dualcast","Darkness+1","Self Repair+1","Doom and Gloom","Leap","Lockon","Redo+1","Core Surge","Self Repair","Hologram+1","Multi-Cast+1","Steam+1","Redo","Leap","Leap","Undo","BootSequence","Conserve Battery+1","FTL+1","Reinforced Body+1","Impatience","Hologram+1"],"special_seed":0,"relics":["Cracked Core","Boot","Prayer Wheel","PreservedInsect","Pantograph","Cursed Key","Happy Flower","Tiny Chest","Orichalcum","Sozu","Singing Bowl","Unceasing Top","Letter Opener","Blood Vial","Red Mask","Mango"],"potions_floor_usage":[47,50],"damage_taken":[{"damage":2.0,"enemies":"Jaw Worm","floor":1.0,"turns":4.0},{"damage":1.0,"enemies":"Cultist","floor":2.0,"turns":3.0},{"damage":0.0,"enemies":"2 Louse","floor":3.0,"turns":2.0},{"damage":0.0,"enemies":"Exordium Wildlife","floor":5.0,"turns":2.0},{"damage":30.0,"enemies":"Lagavulin","floor":7.0,"turns":4.0},{"damage":11.0,"enemies":"Blue Slaver","floor":8.0,"turns":4.0},{"damage":7.0,"enemies":"Lots of Slimes","floor":11.0,"turns":3.0},{"damage":28.0,"enemies":"Gremlin Nob","floor":12.0,"turns":4.0},{"damage":7.0,"enemies":"Looter","floor":13.0,"turns":3.0},{"damage":15.0,"enemies":"Exordium Wildlife","floor":14.0,"turns":4.0},{"damage":41.0,"enemies":"The Guardian","floor":16.0,"turns":8.0},{"damage":24.0,"enemies":"Spheric Guardian","floor":18.0,"turns":5.0},{"damage":24.0,"enemies":"Chosen","floor":20.0,"turns":4.0},{"damage":38.0,"enemies":"Shelled Parasite and Fungi","floor":22.0,"turns":5.0},{"damage":17.0,"enemies":"Gremlin Leader","floor":23.0,"turns":5.0},{"damage":35.0,"enemies":"Book of Stabbing","floor":25.0,"turns":5.0},{"damage":3.0,"enemies":"Cultist and Chosen","floor":28.0,"turns":6.0},{"damage":4.0,"enemies":"Centurion and Healer","floor":29.0,"turns":5.0},{"damage":29.0,"enemies":"Slavers","floor":31.0,"turns":5.0},{"damage":33.0,"enemies":"Champ","floor":33.0,"turns":10.0},{"damage":38.0,"enemies":"3 Darklings","floor":35.0,"turns":4.0},{"damage":6.0,"enemies":"Mind Bloom Boss Battle","floor":37.0,"turns":9.0},{"damage":0.0,"enemies":"Orb Walker","floor":39.0,"turns":4.0},{"damage":0.0,"enemies":"Giant Head","floor":41.0,"turns":4.0},{"damage":43.0,"enemies":"Spire Growth","floor":42.0,"turns":6.0},{"damage":12.0,"enemies":"Jaw Worm Horde","floor":45.0,"turns":4.0},{"damage":69,"enemies":"Reptomancer","floor":47,"turns":8},{"damage":20,"enemies":"Transient","floor":48,"turns":6},{"damage":32,"enemies":"Awakened One","floor":50,"turns":13},{"damage":105,"enemies":"Time Eater","floor":51,"turns":10}],"seed_played":"4005689235259365866","potions_obtained":[{"floor":1.0,"key":"Poison Potion"},{"floor":2.0,"key":"Block Potion"},{"floor":13.0,"key":"EntropicBrew"},{"floor":14.0,"key":"FocusPotion"},{"floor":22.0,"key":"Strength Potion"},{"floor":25.0,"key":"Poison Potion"},{"floor":29.0,"key":"FearPotion"},{"floor":31.0,"key":"Regen Potion"},{"floor":33.0,"key":"Weak Potion"}],"is_trial":false,"path_per_floor":["M","M","M","?","M","R","E","M","T","$","M","E","M","M","R","B",null,"M","$","M","?","M","E","R","E","T","R","M","M","R","E","R","B",null,"M","$","?","?","M","R","E","M","T","R","M","?","E","M","R","B","B"],"character_chosen":"DEFECT","items_purchased":["Impatience","Singing Bowl"],"campfire_rested":3,"item_purchase_floors":[36,36],"current_hp_per_floor":[62,61,61,61,61,61,41,40,40,40,33,15,18,20,20,14,57,50,50,43,43,22,15,36,11,11,32,46,59,59,47,47,55,67,46,46,73,73,77,77,77,55,55,55,59,59,40,43,74,86,0],"gold":45,"neow_bonus":"RANDOM_COMMON_RELIC","is_prod":false,"is_daily":false,"chose_seed":false,"campfire_upgraded":6,"win_rate":0,"timestamp":1570450699,"path_taken":["M","M","M","?","M","R","E","M","T","$","M","E","M","?","R","BOSS","M","$","M","?","M","E","R","E","T","R","M","M","R","E","R","BOSS","M","$","?","?","M","R","E","M","T","R","?","?","E","M","R","BOSS","BOSS"],"build_version":"2019-07-17","purchased_purges":3,"victory":false,"max_hp_per_floor":[71,71,71,71,71,71,71,71,71,71,71,71,71,71,71,71,71,71,71,71,71,71,71,71,71,71,71,71,71,71,71,71,71,71,71,71,73,73,77,77,77,81,81,81,85,85,101,105,105,105,105],"card_choices":[{"not_picked":["Steam","Ball Lightning"],"picked":"Darkness","floor":1.0},{"not_picked":["Fusion","Ball Lightning","White Noise"],"picked":"SKIP","floor":2.0},{"not_picked":["Storm","BootSequence"],"picked":"Self Repair","floor":3.0},{"not_picked":["Blizzard","Consume"],"picked":"Doom and Gloom","floor":5.0},{"not_picked":["Glacier","Auto Shields"],"picked":"Leap","floor":7.0},{"not_picked":["Rebound","Compile Driver","Consume"],"picked":"SKIP","floor":8.0},{"not_picked":["Beam Cell","Streamline","Gash"],"picked":"SKIP","floor":8.0},{"not_picked":["Double Energy","Turbo"],"picked":"Lockon","floor":11.0},{"not_picked":["Ball Lightning","Conserve Battery"],"picked":"Redo","floor":11.0},{"not_picked":["Ball Lightning","Recycle"],"picked":"Core Surge","floor":12.0},{"not_picked":["Reprogram","Streamline"],"picked":"Self Repair","floor":13.0},{"not_picked":["Sweeping Beam","Streamline","Stack"],"picked":"SKIP","floor":13.0},{"not_picked":["Defragment","Static Discharge"],"picked":"Hologram","floor":14.0},{"not_picked":["Cold Snap","Chill","Hello World"],"picked":"SKIP","floor":14.0},{"not_picked":["All For One","Thunder Strike"],"picked":"Multi-Cast","floor":16.0},{"not_picked":["Beam Cell","Ball Lightning"],"picked":"Steam+1","floor":18.0},{"not_picked":["Sweeping Beam","Beam Cell"],"picked":"Redo","floor":18.0},{"not_picked":["Skim","Scrape","Coolheaded"],"picked":"SKIP","floor":20.0},{"not_picked":["Melter","Creative AI","Chaos"],"picked":"SKIP","floor":20.0},{"not_picked":["Storm+1","Darkness"],"picked":"Leap","floor":22.0},{"not_picked":["Hello World","Redo","Blizzard"],"picked":"SKIP","floor":22.0},{"not_picked":["Rip and Tear","Tempest"],"picked":"Leap","floor":23.0},{"not_picked":["Gash","Fission"],"picked":"Undo","floor":25.0},{"not_picked":["Double Energy","Coolheaded"],"picked":"BootSequence","floor":28.0},{"not_picked":["Gash","Cold Snap","Streamline"],"picked":"SKIP","floor":28.0},{"not_picked":["Force Field","Undo"],"picked":"Conserve Battery","floor":29.0},{"not_picked":["Barrage","Steam Power"],"picked":"FTL+1","floor":29.0},{"not_picked":["Ball Lightning","Compile Driver","Undo"],"picked":"SKIP","floor":31.0},{"not_picked":["Compile Driver+1","Beam Cell+1"],"picked":"Reinforced Body","floor":35.0},{"not_picked":["Sweeping Beam+1","Coolheaded","Compile Driver"],"picked":"SKIP","floor":35.0},{"not_picked":["Streamline","Rebound","Cold Snap"],"picked":"Singing Bowl","floor":37.0},{"not_picked":["Capacitor","Steam","Auto Shields+1"],"picked":"Singing Bowl","floor":39.0},{"not_picked":["Darkness","Leap","Compile Driver"],"picked":"Singing Bowl","floor":39.0},{"not_picked":["Lockon+1","Steam Power"],"picked":"Hologram+1","floor":41.0},{"not_picked":["Double Energy","Rebound+1","Coolheaded"],"picked":"Singing Bowl","floor":42.0},{"not_picked":["Aggregate","Leap+1","Rainbow"],"picked":"Singing Bowl","floor":42.0},{"not_picked":["Scrape","Compile Driver","Rebound"],"picked":"Singing Bowl","floor":45.0},{"not_picked":["Rebound","Steam","Gash"],"picked":"Singing Bowl","floor":45.0},{"not_picked":["Turbo","Barrage","Auto Shields+1"],"picked":"Singing Bowl","floor":47},{"not_picked":["Aggregate","Fusion","Hello World+1"],"picked":"Singing Bowl","floor":48},{"not_picked":["Coolheaded","Rainbow","Beam Cell"],"picked":"Singing Bowl","floor":48}],"player_experience":587354,"relics_obtained":[{"floor":7.0,"key":"Prayer Wheel"},{"floor":9.0,"key":"PreservedInsect"},{"floor":12.0,"key":"Pantograph"},{"floor":23.0,"key":"Happy Flower"},{"floor":25.0,"key":"Tiny Chest"},{"floor":31.0,"key":"Orichalcum"},{"floor":37.0,"key":"Unceasing Top"},{"floor":41.0,"key":"Blood Vial"},{"floor":47,"key":"Mango"}],"event_choices":[{"damage_healed":0.0,"max_hp_gain":0.0,"max_hp_loss":0.0,"gold_gain":0.0,"event_name":"Accursed Blacksmith","player_choice":"Forge","floor":4.0,"gold_loss":0.0,"damage_taken":0.0,"cards_upgraded":["Self Repair"]},{"damage_healed":0.0,"max_hp_gain":0.0,"max_hp_loss":0.0,"gold_gain":0.0,"event_name":"Back to Basics","player_choice":"Simplicity","floor":21.0,"gold_loss":0.0,"damage_taken":0.0,"cards_upgraded":["Strike_B","Strike_B","Defend_B","Defend_B","Defend_B","Defend_B"]},{"damage_healed":0.0,"max_hp_gain":0.0,"max_hp_loss":0.0,"gold_gain":0.0,"event_name":"MindBloom","player_choice":"Fight","floor":37.0,"gold_loss":0.0,"damage_taken":0.0},{"damage_healed":0.0,"max_hp_gain":0.0,"max_hp_loss":0.0,"gold_gain":0.0,"event_name":"WeMeetAgain","player_choice":"Paid Gold","floor":38.0,"gold_loss":67.0,"damage_taken":0.0,"relics_obtained":["Letter Opener"]},{"damage_healed":0.0,"max_hp_gain":0.0,"max_hp_loss":0.0,"gold_gain":0.0,"event_name":"Tomb of Lord Red Mask","player_choice":"Paid","floor":46.0,"gold_loss":148.0,"damage_taken":0.0,"relics_obtained":["Red Mask"]}],"is_beta":false,"boss_relics":[{"not_picked":["Coffee Dripper","Calling Bell"],"picked":"Cursed Key"},{"not_picked":["Pandora\u0027s Box","Philosopher\u0027s Stone"],"picked":"Sozu"}],"items_purged_floors":[10,19,36],"is_endless":false,"potions_floor_spawned":[1,2,5,13,14,22,25,29,31,33,39,45,47],"killed_by":"Time Eater","ascension_level":20}