{"gold_per_floor":[116,116,130,144,144,144,177,177,255,273,183,121,121,131,131,202,202,220,94,114,133,133],"floor_reached":22,"playtime":776,"items_purged":["Strike_B"],"score":372,"play_id":"d97eed52-232a-4a27-b6f1-032f8d97d101","local_time":"20191002234154","is_ascension_mode":true,"campfire_choices":[{"data":"Rip and Tear","floor":6,"key":"SMITH"},{"floor":13,"key":"REST"},{"floor":15,"key":"REST"}],"neow_cost":"NONE","seed_source_timestamp":886969643551600,"circlet_count":0,"master_deck":["AscendersBane","Strike_B","Strike_B","Strike_B","Defend_B","Defend_B","Defend_B","Defend_B","Zap","Dualcast","Cold Snap","Loop","Rip and Tear+1","Coolheaded","Go for the Eyes","Impatience","Steam","Echo Form","Rip and Tear+1","Ball Lightning","Sweeping Beam","Genetic Algorithm"],"relics":["Cracked Core","NeowsBlessing","Blood Vial","Juzu Bracelet","Sundial","Lizard Tail"],"potions_floor_usage":[10,16,16,18,21,22],"damage_taken":[{"damage":0,"enemies":"Small Slimes","floor":1,"turns":1},{"damage":0,"enemies":"Cultist","floor":3,"turns":1},{"damage":0,"enemies":"2 Louse","floor":4,"turns":1},{"damage":23,"enemies":"Lagavulin","floor":7,"turns":7},{"damage":48,"enemies":"Gremlin Gang","floor":10,"turns":5},{"damage":16,"enemies":"Large Slime","floor":14,"turns":6},{"damage":45,"enemies":"Hexaghost","floor":16,"turns":11},{"damage":16,"enemies":"Chosen","floor":18,"turns":6},{"damage":33,"enemies":"2 Thieves","floor":20,"turns":4},{"damage":30,"enemies":"Cultist and Chosen","floor":21,"turns":8},{"damage":25,"enemies":"Sentry and Sphere","floor":22,"turns":4}],"seed_played":"7337540680410692010","potions_obtained":[{"floor":4,"key":"SneckoOil"},{"floor":8,"key":"AttackPotion"},{"floor":10,"key":"Fire Potion"},{"floor":14,"key":"Regen Potion"},{"floor":16,"key":"Block Potion"},{"floor":20,"key":"Energy Potion"},{"floor":21,"key":"SkillPotion"}],"is_trial":false,"path_per_floor":["M","?","M","M","$","R","E","?","T","M","$","?","R","M","R","B",null,"M","$","M","M","M"],"character_chosen":"DEFECT","items_purchased":["Impatience","Ball Lightning"],"campfire_rested":2,"item_purchase_floors":[11,19],"current_hp_per_floor":[64,64,66,68,68,68,47,47,47,1,1,1,22,8,29,1,54,40,40,9,22,0],"gold":133,"neow_bonus":"THREE_ENEMY_KILL","is_prod":false,"is_daily":false,"chose_seed":false,"campfire_upgraded":1,"win_rate":0,"timestamp":1570027314,"path_taken":["M","?","M","M","$","R","E","?","T","M","$","?","R","M","R","BOSS","M","$","M","M","M"],"build_version":"2019-07-17","purchased_purges":1,"victory":false,"max_hp_per_floor":[71,71,71,71,71,71,71,71,71,71,71,71,71,71,71,71,71,71,71,71,71,71],"card_choices":[{"not_picked":["Go for the Eyes","Undo"],"picked":"Cold Snap","floor":1},{"not_picked":["Hello World","Chaos"],"picked":"Loop","floor":3},{"not_picked":["Rebound","BootSequence"],"picked":"Rip and Tear","floor":4},{"not_picked":["Tempest","Chill"],"picked":"Coolheaded","floor":7},{"not_picked":["Redo","Melter"],"picked":"Go for the Eyes","floor":10},{"not_picked":["Chill","Leap"],"picked":"Steam","floor":14},{"not_picked":["Hyperbeam","Reboot"],"picked":"Echo Form","floor":16},{"not_picked":["Scrape","Stack"],"picked":"Rip and Tear+1","floor":18},{"not_picked":["Undo","Chaos"],"picked":"Sweeping Beam","floor":20},{"not_picked":["Steam","Barrage"],"picked":"Genetic Algorithm","floor":21}],"player_experience":571285,"relics_obtained":[{"floor":2,"key":"Blood Vial"},{"floor":7,"key":"Juzu Bracelet"},{"floor":9,"key":"Sundial"}],"event_choices":[{"damage_healed":0,"gold_gain":0,"player_choice":"Relic","damage_taken":0,"max_hp_gain":0,"max_hp_loss":0,"event_name":"Wheel of Change","floor":2,"gold_loss":0},{"damage_healed":0,"gold_gain":0,"player_choice":"Got Potions","damage_taken":0,"max_hp_gain":0,"max_hp_loss":0,"event_name":"Lab","floor":8,"gold_loss":0},{"damage_healed":0,"gold_gain":0,"player_choice":"Left Gold","damage_taken":0,"max_hp_gain":0,"max_hp_loss":0,"event_name":"World of Goop","floor":12,"gold_loss":62}],"is_beta":false,"boss_relics":[{"not_picked":["Runic Dome","Ectoplasm"],"picked":"Lizard Tail"}],"items_purged_floors":[19],"is_endless":false,"potions_floor_spawned":[4,10,14,16,20,21],"killed_by":"Sentry and Sphere","ascension_level":20}