{"gold_per_floor":[212,224,224,237,162,194,194,213,237,237,257,257,275,275,275,380,430,447,37,36,46,60,60,60,60,60,77,77,77],"floor_reached":29,"playtime":697,"items_purged":["Strike_R"],"score":227,"play_id":"33f20a22-8c28-4781-bf0c-212adf22e57e","local_time":"20191013001913","is_ascension_mode":false,"campfire_choices":[{"data":"Searing Blow","floor":7,"key":"SMITH"},{"floor":10,"key":"REST"},{"floor":15,"key":"REST"},{"floor":23,"key":"REST"},{"floor":25,"key":"REST"},{"floor":28,"key":"REST"}],"neow_cost":"NONE","seed_source_timestamp":174120975725500,"circlet_count":0,"master_deck":["Strike_R+1","Strike_R","Strike_R","Strike_R+1","Defend_R","Defend_R+1","Defend_R+1","Defend_R+1","Bash","Searing Blow+1","Juggernaut","Whirlwind+1","Barricade","Clothesline+1"],"relics":["Burning Blood","War Paint","Boot","Tiny House","Toxic Egg 2","PreservedInsect","Eternal Feather"],"potions_floor_usage":[8,16,21],"damage_taken":[{"damage":11,"enemies":"Jaw Worm","floor":1,"turns":2},{"damage":13,"enemies":"2 Louse","floor":2,"turns":3},{"damage":0,"enemies":"Small Slimes","floor":4,"turns":3},{"damage":45,"enemies":"Lagavulin","floor":6,"turns":8},{"damage":9,"enemies":"Gremlin Gang","floor":8,"turns":5},{"damage":10,"enemies":"2 Fungi Beasts","floor":11,"turns":4},{"damage":21,"enemies":"Large Slime","floor":13,"turns":5},{"damage":44,"enemies":"The Guardian","floor":16,"turns":16},{"damage":10,"enemies":"Chosen","floor":18,"turns":6},{"damage":31,"enemies":"2 Thieves","floor":20,"turns":5},{"damage":35,"enemies":"Centurion and Healer","floor":21,"turns":8},{"damage":33,"enemies":"3 Cultists","floor":22,"turns":6},{"damage":49,"enemies":"Chosen and Byrds","floor":27,"turns":7},{"damage":40,"enemies":"Shelled Parasite and Fungi","floor":29,"turns":6}],"seed_played":"-4407458333621984934","potions_obtained":[{"floor":1,"key":"DuplicationPotion"},{"floor":4,"key":"Dexterity Potion"},{"floor":8,"key":"Swift Potion"},{"floor":11,"key":"Swift Potion"},{"floor":17,"key":"AttackPotion"},{"floor":18,"key":"Regen Potion"},{"floor":21,"key":"Dexterity Potion"}],"is_trial":false,"path_per_floor":["M","M","?","M","$","E","R","M","T","R","M","?","M","?","R","B",null,"M","$","M","M","M","R","$","R","T","M","R","M"],"character_chosen":"IRONCLAD","items_purchased":["Toxic Egg 2","PreservedInsect"],"campfire_rested":5,"item_purchase_floors":[19,19],"current_hp_per_floor":[75,68,52,58,58,19,19,16,16,40,36,36,21,21,45,7,85,81,81,56,42,15,40,40,65,65,22,53,13],"gold":77,"neow_bonus":"HUNDRED_GOLD","is_prod":false,"is_daily":false,"chose_seed":false,"campfire_upgraded":1,"win_rate":0,"timestamp":1570893553,"path_taken":["M","M","?","M","$","E","R","M","T","R","M","?","M","?","R","BOSS","M","$","M","M","?","R","$","R","T","M","R","M"],"build_version":"2019-10-11","purchased_purges":1,"victory":false,"max_hp_per_floor":[80,80,80,80,80,80,80,80,80,80,80,80,80,80,80,80,85,85,85,85,85,85,85,85,85,85,85,85,85],"card_choices":[{"not_picked":["Intimidate","Anger"],"picked":"Searing Blow","floor":1},{"not_picked":["Warcry","Combust","Hemokinesis"],"picked":"SKIP","floor":2},{"not_picked":["Clothesline","Dual Wield","Clash"],"picked":"SKIP","floor":4},{"not_picked":["Reckless Charge","Perfected Strike"],"picked":"Juggernaut","floor":6},{"not_picked":["Reckless Charge","Iron Wave","Fire Breathing"],"picked":"SKIP","floor":8},{"not_picked":["Iron Wave","Warcry","Infernal Blade"],"picked":"SKIP","floor":11},{"not_picked":["Hemokinesis","Second Wind"],"picked":"Whirlwind","floor":13},{"not_picked":["Dark Embrace","Brutality"],"picked":"Barricade","floor":16},{"not_picked":["Cleave","Warcry","Pommel Strike"],"picked":"SKIP","floor":18},{"not_picked":["Dual Wield+1","Feel No Pain+1"],"picked":"Clothesline+1","floor":20},{"not_picked":["Warcry+1","Sword Boomerang","Brutality"],"picked":"SKIP","floor":21},{"not_picked":["Sword Boomerang","Flex+1","Rage+1"],"picked":"SKIP","floor":22},{"not_picked":["Dual Wield+1","Rage+1","Pommel Strike"],"picked":"SKIP","floor":27}],"player_experience":674612,"relics_obtained":[{"floor":6,"key":"War Paint"},{"floor":9,"key":"Boot"},{"floor":26,"key":"Eternal Feather"}],"event_choices":[{"damage_healed":0,"gold_gain":0,"player_choice":"Entered Light","damage_taken":16,"max_hp_gain":0,"max_hp_loss":0,"event_name":"Shining Light","floor":3,"gold_loss":0,"cards_upgraded":["Strike_R","Defend_R"]},{"damage_healed":0,"gold_gain":0,"player_choice":"Ignored","damage_taken":0,"max_hp_gain":0,"max_hp_loss":0,"event_name":"Liars Game","floor":12,"gold_loss":0},{"damage_healed":0,"gold_gain":0,"player_choice":"Upgraded","damage_taken":0,"max_hp_gain":0,"max_hp_loss":0,"event_name":"Upgrade Shrine","floor":14,"gold_loss":0,"cards_upgraded":["Whirlwind"]}],"is_beta":true,"boss_relics":[{"not_picked":["Mark of Pain","Runic Cube"],"picked":"Tiny House"}],"items_purged_floors":[5],"is_endless":false,"potions_floor_spawned":[1,4,8,11,18,21,27],"killed_by":"Shelled Parasite and Fungi","ascension_level":0}