{"gold_per_floor":[109,126,136,23,39,68,68,101,127,127,127,141,141,141,141,141],"floor_reached":16,"playtime":650,"items_purged":["Strike_G"],"score":187,"play_id":"4b024d55-6021-4ab5-a8d0-5ff3ee5ce932","local_time":"20191022204442","is_ascension_mode":true,"campfire_choices":[{"floor":7,"key":"REST"},{"floor":13,"key":"REST"},{"floor":15,"key":"REST"}],"neow_cost":"PERCENT_DAMAGE","seed_source_timestamp":283303456905200,"circlet_count":0,"master_deck":["AscendersBane","Strike_G","Strike_G","Defend_G","Defend_G","Defend_G","Defend_G","Defend_G","Survivor","Neutralize+1","Accuracy","Expertise","Poisoned Stab","Dagger Spray","Cloak And Dagger","Infinite Blades","Dodge and Roll","Cloak And Dagger","Terror","Sucker Punch"],"relics":["Ring of the Snake","Mercury Hourglass","Bronze Scales","Snake Skull","Toy Ornithopter"],"potions_floor_usage":[6],"damage_taken":[{"damage":11,"enemies":"Cultist","floor":1,"turns":5},{"damage":2,"enemies":"Jaw Worm","floor":2,"turns":5},{"damage":0,"enemies":"Small Slimes","floor":3,"turns":3},{"damage":1,"enemies":"3 Louse","floor":5,"turns":4},{"damage":29,"enemies":"Gremlin Nob","floor":6,"turns":5},{"damage":6,"enemies":"Lagavulin","floor":8,"turns":8},{"damage":3,"enemies":"Large Slime","floor":12,"turns":6},{"damage":40,"enemies":"The Guardian","floor":16,"turns":9}],"seed_played":"486990556084701770","potions_obtained":[{"floor":1,"key":"DistilledChaos"},{"floor":12,"key":"FearPotion"}],"is_trial":false,"path_per_floor":["M","M","M","$","M","E","R","E","T","?","?","M","R","?","R","B"],"character_chosen":"THE_SILENT","items_purchased":["Infinite Blades"],"campfire_rested":3,"item_purchase_floors":[4],"current_hp_per_floor":[33,31,31,31,30,1,20,14,14,14,14,11,30,18,37,0],"gold":141,"neow_bonus":"TRANSFORM_TWO_CARDS","is_prod":false,"is_daily":false,"chose_seed":false,"campfire_upgraded":0,"win_rate":0,"timestamp":1571744682,"path_taken":["M","M","?","$","M","E","R","E","T","?","?","M","R","?","R","BOSS"],"build_version":"2019-10-21","purchased_purges":1,"victory":false,"max_hp_per_floor":[66,66,66,66,66,66,66,66,66,66,66,66,66,66,66,66],"card_choices":[{"not_picked":["Noxious Fumes","PiercingWail"],"picked":"Poisoned Stab","floor":1},{"not_picked":["Flying Knee","Outmaneuver"],"picked":"Dagger Spray","floor":2},{"not_picked":["Choke","Reflex"],"picked":"Cloak And Dagger","floor":3},{"not_picked":["Tactician","Acrobatics"],"picked":"Dodge and Roll","floor":5},{"not_picked":["Eviscerate","Outmaneuver"],"picked":"Cloak And Dagger","floor":6},{"not_picked":["Riddle With Holes","Backstab"],"picked":"Terror","floor":8},{"not_picked":["Acrobatics","PiercingWail"],"picked":"Sucker Punch","floor":12}],"player_experience":720780,"relics_obtained":[{"floor":6,"key":"Mercury Hourglass"},{"floor":8,"key":"Bronze Scales"},{"floor":9,"key":"Snake Skull"}],"event_choices":[{"damage_healed":0,"gold_gain":0,"player_choice":"Ignored","damage_taken":0,"max_hp_gain":0,"max_hp_loss":0,"event_name":"Liars Game","floor":10,"gold_loss":0},{"damage_healed":0,"gold_gain":0,"player_choice":"Grow","damage_taken":0,"max_hp_gain":0,"max_hp_loss":0,"event_name":"Living Wall","floor":11,"gold_loss":0,"cards_upgraded":["Neutralize"]},{"damage_healed":0,"gold_gain":0,"player_choice":"Success","damage_taken":12,"relics_obtained":["Toy Ornithopter"],"max_hp_gain":0,"max_hp_loss":0,"event_name":"Scrap Ooze","floor":14,"gold_loss":0}],"is_beta":true,"boss_relics":[],"items_purged_floors":[4],"is_endless":false,"potions_floor_spawned":[1,12],"killed_by":"The Guardian","ascension_level":14}