{"gold_per_floor":[117,42,42,117,132,161,161,194,269,286,286,296,325,338,338,414,414,428,442,454,454,454,454,470,470,470,470,470,482,497,509,509,585,585,603,603,630,197,212,49,0,31,31,31],"floor_reached":44,"playtime":2141,"items_purged":[],"score":822,"play_id":"8dc40c37-6d58-40ec-baff-d891381100c3","local_time":"20191020143243","is_ascension_mode":true,"campfire_choices":[{"data":"Neutralize","floor":7.0,"key":"SMITH"},{"data":"Cloak And Dagger","floor":11.0,"key":"SMITH"},{"floor":15.0,"key":"REST"},{"data":"Burst","floor":23,"key":"SMITH"},{"floor":25,"key":"REST"},{"data":"Cloak And Dagger","floor":27,"key":"SMITH"},{"floor":32,"key":"REST"}],"neow_cost":"NONE","seed_source_timestamp":85111109456400,"circlet_count":0,"master_deck":["AscendersBane","Survivor","Neutralize+1","Cloak And Dagger+1","Well Laid Plans","Flying Knee","Leg Sweep","Backstab","Bullet Time","Dagger Throw","Venomology","Underhanded Strike","Leg Sweep","Dagger Throw","Burst+1","A Thousand Cuts","Deadly Poison","Concentrate","All Out Attack","Cloak And Dagger+1","Caltrops+1","Ghostly","Ghostly","Ghostly","Ghostly","Ghostly","Poisoned Stab+1","Bouncing Flask","Choke+1","Backflip","Catalyst+1","Panache","Backflip"],"special_seed":0,"relics":["Ring of the Serpent","NeowsBlessing","Pen Nib","Whetstone","Matryoshka","Unceasing Top","Pandora\u0027s Box","Art of War","Bottled Lightning","Strawberry","PreservedInsect","Omamori","InkBottle","Red Mask","Bag of Marbles","Blue Candle"],"potions_floor_usage":[16,24,29,30,30,33,42,42],"damage_taken":[{"damage":0.0,"enemies":"Small Slimes","floor":1.0,"turns":1.0},{"damage":0.0,"enemies":"Cultist","floor":5.0,"turns":1.0},{"damage":0.0,"enemies":"3 Sentries","floor":6.0,"turns":1.0},{"damage":16.0,"enemies":"Gremlin Nob","floor":8.0,"turns":4.0},{"damage":3.0,"enemies":"Jaw Worm","floor":10.0,"turns":4.0},{"damage":2.0,"enemies":"Looter","floor":12.0,"turns":3.0},{"damage":23.0,"enemies":"Lagavulin","floor":13.0,"turns":9.0},{"damage":0.0,"enemies":"Red Slaver","floor":14.0,"turns":4.0},{"damage":18,"enemies":"Hexaghost","floor":16,"turns":9},{"damage":0,"enemies":"3 Byrds","floor":18,"turns":4},{"damage":7,"enemies":"Spheric Guardian","floor":19,"turns":5},{"damage":14,"enemies":"Snake Plant","floor":20,"turns":7},{"damage":16,"enemies":"Cultist and Chosen","floor":24,"turns":6},{"damage":2,"enemies":"Shelled Parasite and Fungi","floor":29,"turns":5},{"damage":2,"enemies":"Chosen and Byrds","floor":30,"turns":5},{"damage":4,"enemies":"3 Cultists","floor":31,"turns":6},{"damage":28,"enemies":"Automaton","floor":33,"turns":11},{"damage":4,"enemies":"3 Darklings","floor":35,"turns":7},{"damage":12,"enemies":"Orb Walker","floor":39,"turns":5},{"damage":18,"enemies":"Reptomancer","floor":42,"turns":7},{"damage":1,"enemies":"Transient","floor":44,"turns":1}],"seed_played":"2408827067198620003","potions_obtained":[{"floor":5.0,"key":"Poison Potion"},{"floor":6.0,"key":"Energy Potion"},{"floor":10.0,"key":"CultistPotion"},{"floor":19,"key":"Explosive Potion"},{"floor":31,"key":"Block Potion"}],"is_trial":false,"path_per_floor":["M","$","?","?","M","E","R","E","T","M","R","M","E","M","R","B",null,"M","M","M","?","?","R","M","R","T","R","?","M","M","M","R","B",null,"M","?","T","$","M","$","?","E","T","M"],"character_chosen":"THE_SILENT","items_purchased":["Well Laid Plans","Backflip","Omamori","InkBottle","Panache"],"campfire_rested":3,"item_purchase_floors":[2,38,38,38,40],"current_hp_per_floor":[63,63,68,61,61,61,61,45,45,42,42,40,17,17,39,21,62,62,55,41,37,31,31,15,26,26,26,26,24,22,18,29,1,28,24,24,31,31,19,19,19,1,1,0],"gold":31,"neow_bonus":"THREE_ENEMY_KILL","is_prod":false,"is_daily":false,"chose_seed":false,"campfire_upgraded":4,"win_rate":0,"timestamp":1571549563,"path_taken":["M","$","?","?","M","E","R","E","T","M","R","?","E","M","R","BOSS","M","M","M","?","?","R","?","R","T","R","?","M","M","M","R","BOSS","M","?","?","$","M","$","?","E","T","M"],"build_version":"2019-10-18","purchased_purges":0,"victory":false,"max_hp_per_floor":[70,70,75,75,75,75,75,75,75,75,75,75,75,75,75,75,75,75,75,75,37,37,37,37,37,37,37,37,37,37,37,37,37,37,37,37,44,44,44,44,44,44,44,44],"card_choices":[{"not_picked":["Deadly Poison","Acrobatics"],"picked":"Cloak And Dagger","floor":1.0},{"not_picked":["PiercingWail","Tactician"],"picked":"Flying Knee","floor":5.0},{"not_picked":["Underhanded Strike","Deflect","Bane"],"picked":"SKIP","floor":6.0},{"not_picked":["Skewer","Flechettes","Choke"],"picked":"SKIP","floor":8.0},{"not_picked":["Backflip","PiercingWail"],"picked":"Leg Sweep","floor":10.0},{"not_picked":["Bane","Underhanded Strike"],"picked":"Backstab","floor":12.0},{"not_picked":["Tactician","Dagger Throw"],"picked":"Bullet Time","floor":13.0},{"not_picked":["Distraction","Riddle With Holes"],"picked":"Dagger Throw","floor":14.0},{"not_picked":["Doppelganger","Phantasmal Killer"],"picked":"Venomology","floor":16},{"not_picked":["Dagger Throw","Cloak And Dagger","Acrobatics"],"picked":"SKIP","floor":18},{"not_picked":["Deflect","Eviscerate","Underhanded Strike"],"picked":"SKIP","floor":19},{"not_picked":["Prepared","Deadly Poison"],"picked":"Caltrops+1","floor":20},{"not_picked":["Dagger Throw","Endless Agony"],"picked":"Poisoned Stab+1","floor":24},{"not_picked":["Prepared","Underhanded Strike","Skewer+1"],"picked":"SKIP","floor":29},{"not_picked":["Dodge and Roll","Expertise","Outmaneuver"],"picked":"SKIP","floor":30},{"not_picked":["Flying Knee","Outmaneuver"],"picked":"Bouncing Flask","floor":31},{"not_picked":["PiercingWail","Cloak And Dagger"],"picked":"Choke+1","floor":35},{"not_picked":["Blade Dance","Quick Slash"],"picked":"Catalyst+1","floor":39},{"not_picked":["Dagger Throw","Bouncing Flask"],"picked":"Backflip","floor":42}],"player_experience":702538,"relics_obtained":[{"floor":6.0,"key":"Pen Nib"},{"floor":8.0,"key":"Whetstone"},{"floor":9.0,"key":"Matryoshka"},{"floor":13.0,"key":"Unceasing Top"},{"floor":26,"key":"Art of War"},{"floor":26,"key":"Bottled Lightning"},{"floor":37,"key":"Strawberry"},{"floor":37,"key":"PreservedInsect"},{"floor":42,"key":"Bag of Marbles"},{"floor":43,"key":"Blue Candle"}],"event_choices":[{"damage_healed":0.0,"max_hp_gain":5.0,"max_hp_loss":0.0,"gold_gain":0.0,"event_name":"Big Fish","player_choice":"Donut","floor":3.0,"gold_loss":0.0,"damage_taken":0.0},{"damage_healed":0.0,"max_hp_gain":0.0,"max_hp_loss":0.0,"gold_gain":75.0,"event_name":"FaceTrader","player_choice":"Touch","floor":4.0,"gold_loss":0.0,"damage_taken":7.0},{"damage_healed":0,"gold_gain":0,"player_choice":"Became a Ghost","damage_taken":0,"max_hp_gain":0,"max_hp_loss":38,"event_name":"Ghosts","floor":21,"gold_loss":0,"cards_obtained":["Ghostly","Ghostly","Ghostly","Ghostly","Ghostly"]},{"damage_healed":0,"gold_gain":0,"player_choice":"","damage_taken":6,"max_hp_gain":0,"max_hp_loss":0,"event_name":"Knowing Skull","floor":22,"potions_obtained":[],"gold_loss":0,"cards_obtained":[]},{"cards_removed":["Flechettes"],"damage_healed":0,"gold_gain":0,"player_choice":"Elegance","damage_taken":0,"max_hp_gain":0,"max_hp_loss":0,"event_name":"Back to Basics","floor":28,"gold_loss":0},{"damage_healed":0,"gold_gain":0,"player_choice":"Memory 1","damage_taken":0,"max_hp_gain":0,"max_hp_loss":0,"event_name":"SensoryStone","floor":36,"gold_loss":0},{"damage_healed":0,"gold_gain":0,"player_choice":"Paid","damage_taken":0,"relics_obtained":["Red Mask"],"max_hp_gain":0,"max_hp_loss":0,"event_name":"Tomb of Lord Red Mask","floor":41,"gold_loss":49}],"is_beta":true,"boss_relics":[{"not_picked":["Coffee Dripper","SlaversCollar"],"picked":"Pandora\u0027s Box"},{"not_picked":["Runic Pyramid","SacredBark"],"picked":"Ring of the Serpent"}],"items_purged_floors":[],"is_endless":false,"potions_floor_spawned":[5,6,10,14,19,29,31,33,35],"killed_by":"Transient","ascension_level":13}