{"gold_per_floor":[119,131,131,147,20,20,30,30,81,115,134,134,151,166,166,262,262,276,131,149,149],"floor_reached":21,"playtime":1460,"items_purged":["Strike_R","Strike_R"],"score":210,"play_id":"679b8887-44cd-4f58-88a8-c6573a4440fd","local_time":"20180803220239","is_ascension_mode":true,"campfire_choices":[{"data":"True Grit","floor":6,"key":"SMITH"},{"data":"Bash","floor":8,"key":"SMITH"},{"data":"Iron Wave","floor":12,"key":"SMITH"},{"data":"Sword Boomerang","floor":15,"key":"SMITH"}],"neow_cost":"NONE","seed_source_timestamp":34716689831043,"circlet_count":0,"master_deck":["Strike_R","Strike_R","Strike_R","Defend_R","Defend_R","Defend_R","Defend_R","Bash+1","Flex","Iron Wave+1","Iron Wave","Inflame","True Grit+1","Sword Boomerang+1","Heavy Blade","Double Tap","Spot Weakness","Demon Form","Shrug It Off"],"relics":["Black Blood","Bag of Preparation","Blood Vial"],"potions_floor_usage":[11,16],"damage_taken":[{"damage":5,"enemies":"Small Slimes","floor":1,"turns":3},{"damage":7,"enemies":"2 Louse","floor":2,"turns":2},{"damage":1,"enemies":"Cultist","floor":4,"turns":3},{"damage":9,"enemies":"Exordium Wildlife","floor":7,"turns":6},{"damage":19,"enemies":"Gremlin Nob","floor":10,"turns":4},{"damage":10,"enemies":"3 Louse","floor":11,"turns":4},{"damage":0,"enemies":"Looter","floor":13,"turns":2},{"damage":0,"enemies":"2 Fungi Beasts","floor":14,"turns":2},{"damage":42,"enemies":"The Guardian","floor":16,"turns":9},{"damage":26,"enemies":"Chosen","floor":18,"turns":5},{"damage":22,"enemies":"Spheric Guardian","floor":20,"turns":4},{"damage":16,"floor":21,"turns":3}],"seed_played":"1294281351080810851","potions_obtained":[{"floor":1,"key":"AttackPotion"},{"floor":4,"key":"Strength Potion"},{"floor":10,"key":"Swift Potion"},{"floor":14,"key":"Poison Potion"},{"floor":16,"key":"Swift Potion"},{"floor":18,"key":"Explosive Potion"}],"is_trial":false,"path_per_floor":["M","M","?","M","$","R","M","R","T","E","M","R","M","M","R","B",null,"M","$","M"],"character_chosen":"IRONCLAD","items_purchased":["True Grit","Shrug It Off"],"campfire_rested":0,"item_purchase_floors":[5,19],"current_hp_per_floor":[80,79,84,85,85,85,82,82,82,69,67,67,75,83,83,49,85,69,69,59,45],"gold":149,"neow_bonus":"THREE_CARDS","is_prod":false,"is_daily":false,"chose_seed":false,"campfire_upgraded":4,"win_rate":0,"timestamp":1533326559,"path_taken":["M","M","?","M","?","R","M","R","T","E","M","R","M","M","R","BOSS","M","$","M","?"],"build_version":"2018-08-02","purchased_purges":2,"victory":false,"max_hp_per_floor":[80,80,85,85,85,85,85,85,85,85,85,85,85,85,85,85,85,85,85,85,85],"card_choices":[{"not_picked":["Pommel Strike","Havoc"],"picked":"Flex","floor":0},{"not_picked":["Uppercut","Flex"],"picked":"Iron Wave","floor":1},{"not_picked":["Havoc","Body Slam"],"picked":"Iron Wave","floor":2},{"not_picked":["Cleave","Carnage"],"picked":"Inflame","floor":4},{"not_picked":["Thunderclap","Shrug It Off"],"picked":"Sword Boomerang","floor":7},{"not_picked":["Anger","Wild Strike"],"picked":"Heavy Blade","floor":10},{"not_picked":["Evolve","Flame Barrier","Warcry"],"picked":"SKIP","floor":11},{"not_picked":["Pommel Strike","Seeing Red"],"picked":"Double Tap","floor":13},{"not_picked":["Dropkick","Clothesline"],"picked":"Spot Weakness","floor":14},{"not_picked":["Exhume","Bludgeon"],"picked":"Demon Form","floor":16},{"not_picked":["Dual Wield","Havoc","Armaments"],"picked":"SKIP","floor":18},{"not_picked":["Reckless Charge+1","Pommel Strike","Spot Weakness"],"picked":"SKIP","floor":20}],"player_experience":74965,"relics_obtained":[{"floor":9,"key":"Bag of Preparation"},{"floor":10,"key":"Blood Vial"}],"event_choices":[{"event_name":"Big Fish","player_choice":"Donut","floor":3,"damage_taken":0},{"event_name":"Masked Bandits","player_choice":"Fought over 149 gold","floor":21,"damage_taken":0}],"is_beta":false,"boss_relics":[{"not_picked":["Ectoplasm","Runic Cube"],"picked":"Black Blood"}],"items_purged_floors":[5,19],"is_endless":false,"potions_floor_spawned":[1,4,10,14,16,18],"ascension_level":3}