{"gold_per_floor":[109,119,134,134,7,7,17,17,17,34,34,34,65,82,82,182,182,194,18,18,18,34,34,49,49,49,49,49,49,49,60,60,160,160,172,172,25,25,25,53,53,83,83,95,95],"floor_reached":45,"playtime":2358,"items_purged":["Strike_R"],"score":539,"play_id":"47699174-e90e-4a9f-9f65-70794f6340dc","local_time":"20180803213748","is_ascension_mode":true,"campfire_choices":[{"data":"Bash","floor":6.0,"key":"SMITH"},{"data":"True Grit","floor":8.0,"key":"SMITH"},{"data":"Twin Strike","floor":12.0,"key":"SMITH"},{"data":"Twin Strike","floor":15.0,"key":"SMITH"},{"data":"Apotheosis","floor":23.0,"key":"SMITH"},{"floor":25.0,"key":"REST"},{"data":"Flex","floor":28.0,"key":"SMITH"},{"data":"Pommel Strike","floor":32.0,"key":"SMITH"},{"floor":41,"key":"REST"}],"neow_cost":"TEN_PERCENT_HP_LOSS","seed_source_timestamp":32099713421146,"circlet_count":0,"master_deck":["Strike_R","Strike_R","Strike_R","Strike_R","Defend_R","Defend_R","Defend_R","Bash+1","Dropkick","True Grit+1","Twin Strike+1","Flex+1","Twin Strike+1","Heavy Blade","Twin Strike","Pommel Strike+1","Limit Break","Iron Wave+1","Apotheosis+1","Inflame+1","Sword Boomerang","Reaper","Shrug It Off","Flex","True Grit","Madness","Madness","Pommel Strike+1","Havoc+1","Decay","Intimidate+1"],"special_seed":0,"relics":["Burning Blood","Champion Belt","NlothsMask","Calipers","Sozu","Bag of Preparation","Cursed Key","Matryoshka","Red Skull","Bag of Marbles","Bottled Flame"],"potions_floor_usage":[40],"damage_taken":[{"damage":7.0,"enemies":"Small Slimes","floor":1.0,"turns":3.0},{"damage":4.0,"enemies":"Cultist","floor":2.0,"turns":3.0},{"damage":7.0,"enemies":"Jaw Worm","floor":3.0,"turns":4.0},{"damage":3.0,"enemies":"Exordium Thugs","floor":7.0,"turns":5.0},{"damage":12.0,"enemies":"Blue Slaver","floor":10.0,"turns":4.0},{"damage":16.0,"enemies":"Gremlin Nob","floor":13.0,"turns":3.0},{"damage":3.0,"enemies":"Looter","floor":14.0,"turns":2.0},{"damage":46.0,"enemies":"Hexaghost","floor":16.0,"turns":9.0},{"damage":23.0,"enemies":"Spheric Guardian","floor":18.0,"turns":4.0},{"damage":27.0,"enemies":"2 Thieves","floor":22.0,"turns":4.0},{"damage":23.0,"enemies":"Snecko","floor":24.0,"turns":4.0},{"damage":7.0,"enemies":"3 Cultists","floor":31.0,"turns":4.0},{"damage":39.0,"enemies":"Collector","floor":33.0,"turns":8.0},{"damage":0.0,"enemies":"Orb Walker","floor":35.0,"turns":2.0},{"damage":44,"enemies":"2 Orb Walkers","floor":40,"turns":5},{"damage":45,"enemies":"Nemesis","floor":42,"turns":5},{"damage":8,"enemies":"Flame Bruiser 1 Orb","floor":44,"turns":3},{"damage":16,"enemies":"3 Darklings","floor":45,"turns":2}],"seed_played":"-245451972036540308","potions_obtained":[{"floor":3.0,"key":"BloodPotion"},{"floor":7.0,"key":"Strength Potion"}],"is_trial":false,"path_per_floor":["M","M","M","?","$","R","M","R","T","M","?","R","E","M","R","B",null,"M","$","?","$","M","R","M","R","T","?","R","?","$","M","R","B",null,"M","?","$","?","?","E","R","E","T","M"],"character_chosen":"IRONCLAD","items_purchased":["Flex","Twin Strike","Strength Potion","Apotheosis","Flex","True Grit"],"campfire_rested":2,"item_purchase_floors":[5,5,5,19,37,37],"current_hp_per_floor":[71,72,71,71,71,71,72,72,72,66,66,66,56,59,59,19,72,55,55,72,72,51,51,34,55,55,55,55,55,55,54,54,21,72,72,72,72,63,63,32,53,14,14,12,0],"gold":95,"neow_bonus":"ONE_RARE_RELIC","is_prod":false,"is_daily":false,"chose_seed":false,"campfire_upgraded":7,"win_rate":0,"timestamp":1533325068,"path_taken":["M","M","M","?","?","R","?","R","T","M","?","R","E","M","R","BOSS","M","$","?","$","M","R","M","R","T","?","R","?","?","M","R","BOSS","M","?","$","?","?","E","R","E","T","?","M"],"build_version":"2018-08-02","purchased_purges":1,"victory":false,"max_hp_per_floor":[72,72,72,72,72,72,72,72,72,72,72,72,72,72,72,72,72,72,72,72,72,72,72,72,72,72,72,72,72,72,72,72,72,72,72,72,72,72,72,72,72,72,72,72,72],"card_choices":[{"not_picked":["Clothesline","Second Wind"],"picked":"Dropkick","floor":1.0},{"not_picked":["Evolve","Body Slam"],"picked":"True Grit","floor":2.0},{"not_picked":["Pommel Strike","Thunderclap"],"picked":"Twin Strike","floor":3.0},{"not_picked":["Havoc","Sever Soul"],"picked":"Heavy Blade","floor":7.0},{"not_picked":["Body Slam","Corruption"],"picked":"Twin Strike","floor":10.0},{"not_picked":["Perfected Strike","Berserk"],"picked":"Pommel Strike","floor":13.0},{"not_picked":["Body Slam","Intimidate","Heavy Blade"],"picked":"SKIP","floor":14.0},{"not_picked":["Feed","Reaper"],"picked":"Limit Break","floor":16.0},{"not_picked":["Headbutt","Shrug It Off"],"picked":"Iron Wave+1","floor":18.0},{"not_picked":["Thunderclap","Headbutt+1"],"picked":"Inflame+1","floor":22.0},{"not_picked":["Rupture","Clash+1","Evolve+1"],"picked":"SKIP","floor":24.0},{"not_picked":["Sever Soul","Uppercut"],"picked":"Sword Boomerang","floor":31.0},{"not_picked":["Berserk","Feed"],"picked":"Reaper","floor":33.0},{"not_picked":["Burning Pact","Twin Strike+1"],"picked":"Shrug It Off","floor":35.0},{"not_picked":["Anger+1","Power Through","Sever Soul"],"picked":"SKIP","floor":40},{"not_picked":["Armaments","Flex"],"picked":"Havoc+1","floor":42},{"not_picked":["Pommel Strike+1","Body Slam+1"],"picked":"Intimidate+1","floor":44}],"player_experience":72607,"relics_obtained":[{"floor":13.0,"key":"Calipers"},{"floor":26.0,"key":"Bag of Preparation"},{"floor":40,"key":"Matryoshka"},{"floor":42,"key":"Red Skull"},{"floor":43,"key":"Bag of Marbles"},{"floor":43,"key":"Bottled Flame"}],"event_choices":[{"event_name":"FaceTrader","player_choice":"Trade","floor":4.0,"damage_taken":0.0},{"event_name":"Liars Game","player_choice":"disagreed","floor":11.0,"damage_taken":0.0},{"event_name":"Wheel of Change","player_choice":"Full Heal","floor":20.0,"damage_taken":0.0},{"event_name":"Cursed Tome","player_choice":"Ignored","floor":27.0,"damage_taken":0.0},{"event_name":"Drug Dealer","player_choice":"Ignored","floor":29.0,"damage_taken":0.0},{"event_name":"Falling","player_choice":"Removed Skill","floor":36.0,"damage_taken":0.0},{"event_name":"Winding Halls","player_choice":"Embrace Madness","floor":38.0,"damage_taken":0.0},{"event_name":"Duplicator","player_choice":"One dupe","floor":39,"damage_taken":0}],"is_beta":false,"boss_relics":[{"not_picked":["Runic Cube","Lizard Tail"],"picked":"Sozu"},{"not_picked":["Mark of Pain","Runic Pyramid"],"picked":"Cursed Key"}],"items_purged_floors":[37],"is_endless":false,"potions_floor_spawned":[3,7,13,14,18,22,33,35],"killed_by":"3 Darklings","ascension_level":3}