{"path_per_floor":["M","M","?","M","M","R","E","M","T","M","$","M","?","M","R","B",null,"M","M","?","M","M","?","M","R","T","R","M","M","R","M","R"],"character_chosen":"IRONCLAD","items_purchased":[],"gold_per_floor":[112,131,131,150,160,160,187,201,201,215,140,155,230,250,250,353,353,364,380,380,396,413,328,339,339,366,366,383,402,402,417,417],"floor_reached":33,"campfire_rested":1,"playtime":1591,"current_hp_per_floor":[80,80,85,85,79,79,55,34,34,35,35,33,22,22,22,19,85,71,72,72,56,44,44,42,42,42,42,30,25,50,46,46],"items_purged":["Strike_R"],"gold":417,"play_id":"9a5a31d6-09d9-4f4a-a423-f632f2e0603b","is_prod":false,"is_daily":false,"campfire_rituals":0,"campfire_upgraded":5,"is_hardmode":false,"path_taken":["M","M","?","M","M","R","E","M","T","M","$","M","?","M","R","BOSS","M","M","?","M","M","?","M","R","T","R","M","M","R","M","R","BOSS"],"build_version":"2018-01-18-PROD4","purchased_purges":1,"victory":false,"master_deck":["Strike_R","Strike_R","Strike_R","Strike_R","Defend_R","Defend_R","Defend_R","Defend_R","Bash","Perfected Strike","Rampage","Headbutt","Cleave","Burning Pact","Battle Trance","Perfected Strike","Demon Form"],"max_hp_per_floor":[80,80,85,85,85,85,85,85,85,85,85,85,85,85,85,85,85,85,85,85,85,85,85,85,85,85,85,85,85,85,85,85],"relics":["Burning Blood","Bronze Scales","Gambling Chip","Velvet Choker","Pen Nib","Anchor"],"campfire_meditates":0,"card_choices":[{"not_picked":["Flex","Headbutt"],"picked":"Perfected Strike"},{"not_picked":["Pummel","Cleave"],"picked":"Rampage"},{"not_picked":["Sever Soul","Pommel Strike"],"picked":"Headbutt"},{"not_picked":["Shrug It Off","Flex"],"picked":"Cleave"},{"not_picked":["Reckless Charge","Anger"],"picked":"Burning Pact"},{"not_picked":["Hemokinesis","Headbutt"],"picked":"Battle Trance"},{"not_picked":["Shockwave","Spot Weakness"],"picked":"Perfected Strike"},{"not_picked":["Barricade","Dark Embrace"],"picked":"Demon Form"}],"player_experience":34028,"potions_floor_usage":[16,31,33],"damage_taken":[{"damage":4,"enemies":"Small Slimes","floor":1,"turns":4},{"damage":6,"enemies":"2 Louse","floor":2,"turns":3},{"damage":6,"enemies":"Jaw Worm","floor":4,"turns":2},{"damage":12,"enemies":"3 Louse","floor":5,"turns":3},{"damage":30,"enemies":"Gremlin Nob","floor":7,"turns":4},{"damage":27,"enemies":"Large Slime","floor":8,"turns":4},{"damage":5,"enemies":"Looter","floor":10,"turns":3},{"damage":8,"enemies":"Lots of Slimes","floor":12,"turns":2},{"damage":6,"enemies":"2 Fungi Beasts","floor":14,"turns":2},{"damage":9,"enemies":"Slime Boss","floor":16,"turns":7},{"damage":20,"enemies":"2 Thieves","floor":18,"turns":4},{"damage":5,"enemies":"Spheric Guardian","floor":19,"turns":3},{"damage":22,"enemies":"3 Cultists","floor":21,"turns":4},{"damage":18,"enemies":"Snake Plant","floor":22,"turns":4},{"damage":8,"enemies":"Centurion and Healer","floor":24,"turns":5},{"damage":18,"enemies":"Chosen and Byrds","floor":28,"turns":4},{"damage":11,"enemies":"Snake Plant","floor":29,"turns":2},{"damage":10,"enemies":"Centurion and Healer","floor":31,"turns":3},{"damage":30,"enemies":"Collector","floor":33,"turns":6}],"event_choices":[{"event_name":"Big Fish","player_choice":"Donut","floor":3,"damage_taken":0},{"event_name":"World of Goop","player_choice":"Gather Gold","floor":13,"damage_taken":0},{"event_name":"The Mausoleum","player_choice":"No","floor":20,"damage_taken":0},{"event_name":"Addict","player_choice":"Obtained Relic","floor":23,"damage_taken":0}],"boss_relics":[{"not_picked":["Lizard Tail","Philosopher\u0027s Stone"],"picked":"Velvet Choker"}],"potions_floor_spawned":[1,2,7,14,18,22],"seed_played":"-2995962873789467762","killed_by":"Collector","is_trial":false}