{"gold_per_floor":[109,123,123,134,134,134,161,173,173,186,216,216,166,200,200,297,297,309,234,244,256,102,102,127,137,164,164],"floor_reached":27,"playtime":1082,"items_purged":["Vigilance","Strike_P"],"score":484,"play_id":"933670a5-073f-41ca-81b3-fb10d77914e0","local_time":"20191015133734","is_ascension_mode":true,"campfire_choices":[{"data":"Eruption","floor":6,"key":"SMITH"},{"data":"CrushJoints","floor":12,"key":"SMITH"},{"data":"Tantrum","floor":15,"key":"SMITH"},{"data":"Protect","floor":23,"key":"SMITH"}],"neow_cost":"NONE","seed_source_timestamp":0,"circlet_count":0,"master_deck":["Strike_P","Strike_P","Defend_P","Defend_P","Defend_P","Defend_P","Eruption+1","ThirdEye","Tantrum+1","Sanctity","CrushJoints+1","FearNoEvil","Ragnarok","InnerPeace+1","ThirdEye+1","Evaluate","Protect+1"],"special_seed":0,"relics":["PureWater","Letter Opener","Mummified Hand","Pear","Lantern","SlaversCollar","Pen Nib","MealTicket"],"potions_floor_usage":[7,8,11,14,20,21,27],"damage_taken":[{"damage":14.0,"enemies":"Cultist","floor":1.0,"turns":6.0},{"damage":6.0,"enemies":"Jaw Worm","floor":2.0,"turns":7.0},{"damage":0,"enemies":"Small Slimes","floor":4,"turns":2},{"damage":32,"enemies":"Gremlin Nob","floor":7,"turns":3},{"damage":2,"enemies":"2 Fungi Beasts","floor":8,"turns":3},{"damage":0,"enemies":"Looter","floor":10,"turns":4},{"damage":2,"enemies":"Lagavulin","floor":11,"turns":4},{"damage":0,"enemies":"Gremlin Nob","floor":14,"turns":3},{"damage":0,"enemies":"Slime Boss","floor":16,"turns":5},{"damage":0,"enemies":"Spheric Guardian","floor":18,"turns":1},{"damage":16,"enemies":"2 Thieves","floor":20,"turns":3},{"damage":7,"enemies":"Centurion and Healer","floor":21,"turns":4},{"damage":31,"enemies":"Slavers","floor":24,"turns":5},{"damage":0,"enemies":"Cultist and Chosen","floor":25,"turns":4},{"damage":21,"enemies":"Shelled Parasite and Fungi","floor":27,"turns":6}],"seed_played":"-3548273408651183548","potions_obtained":[{"floor":2.0,"key":"Explosive Potion"},{"floor":4,"key":"Strength Potion"},{"floor":7,"key":"DistilledChaos"},{"floor":8,"key":"Block Potion"},{"floor":10,"key":"BottledMiracle"},{"floor":18,"key":"SkillPotion"},{"floor":25,"key":"DuplicationPotion"}],"is_trial":false,"path_per_floor":["M","M","$","M","?","R","E","M","T","M","E","R","?","E","R","B",null,"M","$","M","M","$","R","E","M","T","M"],"character_chosen":"WATCHER","items_purchased":["Protect"],"campfire_rested":0,"item_purchase_floors":[22],"current_hp_per_floor":[58,52,52,52,52,52,20,18,18,18,26,26,26,26,26,26,73,73,73,57,50,50,50,19,19,19,0],"gold":164,"neow_bonus":"TEN_PERCENT_HP_BONUS","is_prod":false,"is_daily":false,"chose_seed":false,"campfire_upgraded":4,"win_rate":0,"timestamp":1571139454,"path_taken":["M","M","?","M","?","R","E","M","T","M","E","R","?","E","R","BOSS","M","$","M","M","$","R","E","M","T","M"],"build_version":"2019-10-14","purchased_purges":2,"victory":false,"max_hp_per_floor":[79,79,79,79,79,79,79,79,79,79,89,89,89,89,89,89,89,89,89,89,89,89,89,89,89,89,89],"card_choices":[{"not_picked":["ClearTheMind","Study"],"picked":"ThirdEye","floor":1.0},{"not_picked":["Sanctity","Vengeance"],"picked":"Tantrum","floor":2.0},{"not_picked":["Collect","Nirvana"],"picked":"Sanctity","floor":4},{"not_picked":["JustLucky","Worship","Weave"],"picked":"SKIP","floor":7},{"not_picked":["EmptyBody","Sanctity","JustLucky"],"picked":"SKIP","floor":8},{"not_picked":["CutThroughFate","WaveOfTheHand"],"picked":"CrushJoints","floor":10},{"not_picked":["BowlingBash","Brilliance"],"picked":"FearNoEvil","floor":11},{"not_picked":["EmptyFist","JustLucky","CarveReality"],"picked":"SKIP","floor":14},{"not_picked":["ConjureBlade","Blasphemy"],"picked":"Ragnarok","floor":16},{"not_picked":["SashWhip","Protect"],"picked":"InnerPeace+1","floor":18},{"not_picked":["JustLucky","Prostrate"],"picked":"ThirdEye+1","floor":20},{"not_picked":["BowlingBash","Alpha"],"picked":"Evaluate","floor":21},{"not_picked":["FlurryOfBlows+1","ForeignInfluence","WaveOfTheHand"],"picked":"SKIP","floor":24},{"not_picked":["FearNoEvil","EmptyFist","Consecrate"],"picked":"SKIP","floor":25}],"player_experience":484815,"relics_obtained":[{"floor":7,"key":"Letter Opener"},{"floor":9,"key":"Mummified Hand"},{"floor":11,"key":"Pear"},{"floor":14,"key":"Lantern"},{"floor":24,"key":"Pen Nib"},{"floor":26,"key":"MealTicket"}],"event_choices":[{"damage_healed":0,"gold_gain":0,"player_choice":"Ignored","damage_taken":0,"max_hp_gain":0,"max_hp_loss":0,"event_name":"Liars Game","floor":5,"gold_loss":0},{"cards_removed":["Strike_P"],"damage_healed":0,"gold_gain":0,"player_choice":"Card Removal","damage_taken":0,"max_hp_gain":0,"max_hp_loss":0,"event_name":"The Cleric","floor":13,"gold_loss":50}],"is_beta":true,"boss_relics":[{"not_picked":["Astrolabe","Velvet Choker"],"picked":"SlaversCollar"}],"items_purged_floors":[19,22],"is_endless":false,"potions_floor_spawned":[2,4,7,8,10,18,25],"killed_by":"Shelled Parasite and Fungi","ascension_level":8}