{"gold_per_floor":[112,128,140,50,66,128,128,141,141,196,221,221,231,231,231,231],"floor_reached":16,"playtime":635,"items_purged":[],"score":133,"play_id":"d1a0fa8a-7215-4940-b4eb-80e90f4259cf","local_time":"20190928232428","is_ascension_mode":true,"campfire_choices":[{"data":"Sword Boomerang","floor":7,"key":"SMITH"},{"data":"Armaments","floor":15,"key":"SMITH"}],"neow_cost":"NONE","seed_source_timestamp":540468032817499,"circlet_count":0,"master_deck":["Strike_R","Strike_R","Strike_R","Strike_R","Strike_R","Defend_R","Defend_R","Defend_R","Defend_R","Bash","Reaper","Shrug It Off","Feel No Pain","Sword Boomerang+1","Trip","Thunderclap","Headbutt","Uppercut","Armaments+1","Feel No Pain","Pommel Strike"],"relics":["Burning Blood","Tiny Chest","Ornamental Fan","Juzu Bracelet","Odd Mushroom"],"potions_floor_usage":[11,16],"damage_taken":[{"damage":5,"enemies":"2 Louse","floor":1,"turns":5},{"damage":12,"enemies":"Small Slimes","floor":2,"turns":5},{"damage":9,"enemies":"Cultist","floor":3,"turns":5},{"damage":3,"enemies":"Exordium Wildlife","floor":5,"turns":4},{"damage":28,"enemies":"Gremlin Nob","floor":6,"turns":4},{"damage":7,"enemies":"Looter","floor":8,"turns":4},{"damage":52,"enemies":"Lagavulin Event","floor":10,"turns":8},{"damage":11,"enemies":"The Mushroom Lair","floor":11,"turns":3},{"damage":7,"enemies":"2 Fungi Beasts","floor":13,"turns":5},{"damage":53,"enemies":"The Guardian","floor":16,"turns":9}],"seed_played":"-1113144714077155045","potions_obtained":[{"floor":3,"key":"LiquidBronze"},{"floor":5,"key":"Swift Potion"},{"floor":10,"key":"BloodPotion"},{"floor":11,"key":"Fire Potion"}],"is_trial":false,"path_per_floor":["M","M","M","$","M","E","R","M","T","?","?","?","M","?","R","B"],"character_chosen":"IRONCLAD","items_purchased":["Trip"],"campfire_rested":0,"item_purchase_floors":[4],"current_hp_per_floor":[75,74,75,75,80,58,58,63,63,17,32,32,43,43,43,0],"gold":231,"neow_bonus":"ONE_RANDOM_RARE_CARD","is_prod":false,"is_daily":false,"chose_seed":false,"campfire_upgraded":2,"win_rate":0,"timestamp":1569680668,"path_taken":["M","M","M","$","M","E","R","M","T","?","?","?","M","?","R","BOSS"],"build_version":"2019-07-17","purchased_purges":0,"victory":false,"max_hp_per_floor":[80,80,80,80,80,80,80,80,80,80,80,80,80,80,80,80],"card_choices":[{"not_picked":["Wild Strike","Havoc"],"picked":"Shrug It Off","floor":1},{"not_picked":["Anger","Sever Soul"],"picked":"Feel No Pain","floor":2},{"not_picked":["Iron Wave","Clash"],"picked":"Sword Boomerang","floor":3},{"not_picked":["Perfected Strike","Wild Strike"],"picked":"Thunderclap","floor":5},{"not_picked":["Havoc","Rage"],"picked":"Headbutt","floor":6},{"not_picked":["Battle Trance","Shrug It Off"],"picked":"Uppercut","floor":8},{"not_picked":["Battle Trance","Bloodletting"],"picked":"Armaments","floor":10},{"not_picked":["Clash","Thunderclap"],"picked":"Feel No Pain","floor":11},{"not_picked":["Juggernaut","Warcry"],"picked":"Pommel Strike","floor":13}],"player_experience":520576,"relics_obtained":[{"floor":6,"key":"Tiny Chest"},{"floor":9,"key":"Ornamental Fan"},{"floor":10,"key":"Juzu Bracelet"},{"floor":11,"key":"Odd Mushroom"}],"event_choices":[{"damage_healed":0,"gold_gain":0,"player_choice":"Searched \u00271\u0027 times","damage_taken":0,"max_hp_gain":0,"max_hp_loss":0,"event_name":"Dead Adventurer","floor":10,"gold_loss":0},{"damage_healed":0,"gold_gain":0,"player_choice":"Fought Mushrooms","damage_taken":0,"max_hp_gain":0,"max_hp_loss":0,"event_name":"Mushrooms","floor":11,"gold_loss":0},{"damage_healed":0,"gold_gain":0,"player_choice":"Bought 0 Potions","damage_taken":0,"max_hp_gain":0,"max_hp_loss":0,"event_name":"The Woman in Blue","floor":12,"gold_loss":0},{"damage_healed":0,"gold_gain":0,"player_choice":"Ignored","damage_taken":0,"max_hp_gain":0,"max_hp_loss":0,"event_name":"Liars Game","floor":14,"gold_loss":0}],"is_beta":false,"boss_relics":[],"items_purged_floors":[],"is_endless":false,"potions_floor_spawned":[3,5,10,11],"killed_by":"The Guardian","ascension_level":6}