{"gold_per_floor":[113,123,140,29,45,72,72,72,72,72,98,98,98,111,111,215,215,227,167],"floor_reached":19,"playtime":777,"items_purged":["Strike_R"],"score":221,"play_id":"690741a8-d018-471d-94a6-f55296e4d66e","local_time":"20190610194243","is_ascension_mode":true,"campfire_choices":[{"data":"Bash","floor":8.0,"key":"SMITH"},{"floor":10.0,"key":"REST"},{"floor":15.0,"key":"RECALL"}],"neow_cost":"TEN_PERCENT_HP_LOSS","seed_source_timestamp":0,"circlet_count":0,"master_deck":["Strike_R","Strike_R","Strike_R","Defend_R","Defend_R","Defend_R","Defend_R","Bash+1","Inflame","Sword Boomerang","Metallicize","Pommel Strike","Corruption","Dark Embrace"],"special_seed":0,"relics":["Burning Blood","Incense Burner","Blood Vial","Bottled Flame","Gambling Chip","Mark of Pain"],"potions_floor_usage":[16,16,16,19],"damage_taken":[{"damage":1.0,"enemies":"Cultist","floor":1.0,"turns":3.0},{"damage":9.0,"enemies":"Jaw Worm","floor":2.0,"turns":4.0},{"damage":2.0,"enemies":"2 Louse","floor":3.0,"turns":3.0},{"damage":4.0,"enemies":"Exordium Wildlife","floor":5.0,"turns":3.0},{"damage":45.0,"enemies":"Lagavulin","floor":6.0,"turns":9.0},{"damage":21.0,"enemies":"Gremlin Nob","floor":11.0,"turns":4.0},{"damage":6.0,"enemies":"Large Slime","floor":14.0,"turns":4.0},{"damage":20,"enemies":"Slime Boss","floor":16,"turns":7},{"damage":39,"enemies":"Chosen","floor":18,"turns":5},{"damage":38,"enemies":"2 Thieves","floor":19,"turns":2}],"seed_played":"-6226730549624136502","potions_obtained":[{"floor":1.0,"key":"AttackPotion"},{"floor":5.0,"key":"SneckoOil"},{"floor":11.0,"key":"SteroidPotion"},{"floor":18,"key":"BloodPotion"}],"is_trial":false,"path_per_floor":["M","M","M","$","M","E","?","R","T","R","E","?","?","M","R","B",null,"M","M"],"character_chosen":"IRONCLAD","items_purchased":["Metallicize"],"campfire_rested":1,"item_purchase_floors":[4],"current_hp_per_floor":[72,69,72,72,72,33,33,33,33,54,41,41,29,31,31,19,59,28,0],"gold":167,"neow_bonus":"ONE_RARE_RELIC","is_prod":false,"is_daily":false,"chose_seed":false,"campfire_upgraded":1,"win_rate":0,"timestamp":1560188563,"path_taken":["M","M","M","$","?","E","?","R","T","R","E","?","?","M","R","BOSS","M","M"],"build_version":"2019-01-23","purchased_purges":1,"victory":false,"max_hp_per_floor":[72,72,72,72,72,72,72,72,72,72,72,72,72,72,72,72,72,72,72],"card_choices":[{"not_picked":["Searing Blow","Body Slam"],"picked":"Inflame","floor":1.0},{"not_picked":["Power Through","Carnage"],"picked":"Sword Boomerang","floor":2.0},{"not_picked":["Reckless Charge","Cleave","Pommel Strike"],"picked":"SKIP","floor":3.0},{"not_picked":["Twin Strike","Power Through","Seeing Red"],"picked":"SKIP","floor":5.0},{"not_picked":["Burning Pact","Barricade"],"picked":"Pommel Strike","floor":6.0},{"not_picked":["Ghostly Armor","Exhume"],"picked":"Corruption","floor":11.0},{"not_picked":["Carnage","Body Slam","Headbutt"],"picked":"SKIP","floor":14.0},{"not_picked":["Juggernaut","Immolate"],"picked":"Dark Embrace","floor":16},{"not_picked":["Searing Blow+1","Dual Wield","Clothesline"],"picked":"SKIP","floor":18}],"player_experience":191850,"relics_obtained":[{"floor":6.0,"key":"Blood Vial"},{"floor":11.0,"key":"Bottled Flame"}],"event_choices":[{"damage_healed":0.0,"max_hp_gain":0.0,"max_hp_loss":0.0,"gold_gain":0.0,"event_name":"Liars Game","player_choice":"Ignored","floor":7.0,"gold_loss":0.0,"damage_taken":0.0},{"cards_removed":["Strike_R"],"damage_healed":0.0,"max_hp_gain":0.0,"max_hp_loss":0.0,"gold_gain":0.0,"event_name":"Living Wall","player_choice":"Forget","floor":12.0,"gold_loss":0.0,"damage_taken":0.0},{"damage_healed":0.0,"max_hp_gain":0.0,"max_hp_loss":0.0,"gold_gain":0.0,"event_name":"Scrap Ooze","player_choice":"Success","floor":13.0,"gold_loss":0.0,"damage_taken":12.0,"relics_obtained":["Gambling Chip"]}],"is_beta":false,"boss_relics":[{"not_picked":["Black Star","Pandora\u0027s Box"],"picked":"Mark of Pain"}],"items_purged_floors":[4],"is_endless":false,"potions_floor_spawned":[1,5,11,14,18],"killed_by":"2 Thieves","ascension_level":5}