{"gold_per_floor":[111,122,137,147,158,158,176,213,213,213,239,239,276,19,19,129,129,151,151,151,151,168,168,189,51,51,51],"floor_reached":27,"playtime":1167,"items_purged":["Strike_G"],"score":338,"play_id":"7bdbdff2-0811-4afa-b6da-eb9d7541d1c8","local_time":"20191023225135","is_ascension_mode":true,"campfire_choices":[{"data":"Noxious Fumes","floor":6.0,"key":"SMITH"},{"floor":10,"key":"REST"},{"floor":15,"key":"REST"},{"floor":23,"key":"REST"}],"neow_cost":"NONE","seed_source_timestamp":3465329680670300,"circlet_count":0,"master_deck":["AscendersBane","Strike_G","Strike_G","Strike_G","Strike_G","Defend_G","Defend_G","Defend_G","Defend_G","Defend_G","Survivor","Neutralize","Cloak And Dagger","Masterful Stab","Escape Plan","Cloak And Dagger","Noxious Fumes+1","Dagger Spray","Blur","Caltrops","Skewer","A Thousand Cuts+1","Terror","Quick Slash+1","Noxious Fumes"],"special_seed":0,"relics":["Ring of the Snake","CeramicFish","Potion Belt","Bottled Tornado","Shuriken","Philosopher\u0027s Stone","CaptainsWheel"],"potions_floor_usage":[13,13,16,16,24],"damage_taken":[{"damage":9.0,"enemies":"Cultist","floor":1.0,"turns":5.0},{"damage":1.0,"enemies":"2 Louse","floor":2.0,"turns":5.0},{"damage":0.0,"enemies":"Jaw Worm","floor":3.0,"turns":4.0},{"damage":0.0,"enemies":"Looter","floor":4.0,"turns":3.0},{"damage":9.0,"enemies":"Red Slaver","floor":5.0,"turns":4.0},{"damage":10.0,"enemies":"3 Louse","floor":7.0,"turns":4.0},{"damage":26,"enemies":"Lagavulin","floor":8,"turns":8},{"damage":10,"enemies":"Large Slime","floor":11,"turns":7},{"damage":49,"enemies":"Gremlin Nob","floor":13,"turns":6},{"damage":1,"enemies":"Hexaghost","floor":16,"turns":9},{"damage":11,"enemies":"3 Byrds","floor":18,"turns":4},{"damage":33,"enemies":"Spheric Guardian","floor":22,"turns":6},{"damage":32,"enemies":"Snake Plant","floor":24,"turns":4},{"damage":33,"enemies":"3 Cultists","floor":27,"turns":5}],"seed_played":"-221252378296806732","potions_obtained":[{"floor":3.0,"key":"EssenceOfSteel"},{"floor":4.0,"key":"SpeedPotion"},{"floor":11,"key":"ColorlessPotion"},{"floor":13,"key":"Explosive Potion"},{"floor":22,"key":"DistilledChaos"}],"is_trial":false,"path_per_floor":["M","M","M","M","M","R","M","E","T","R","M","?","E","$","R","B",null,"M","?","?","?","M","R","M","$","T","M"],"character_chosen":"THE_SILENT","items_purchased":["Shuriken","Noxious Fumes"],"campfire_rested":3,"item_purchase_floors":[14,25],"current_hp_per_floor":[61,60,60,60,51,51,41,15,15,38,28,53,4,4,27,26,64,53,39,66,66,33,57,25,25,25,0],"gold":51,"neow_bonus":"TEN_PERCENT_HP_BONUS","is_prod":false,"is_daily":false,"chose_seed":false,"campfire_upgraded":1,"win_rate":0,"timestamp":1571863895,"path_taken":["M","?","M","M","M","R","M","E","T","R","M","?","E","$","R","BOSS","M","?","?","?","M","R","?","$","T","M"],"build_version":"2019-10-23","purchased_purges":1,"victory":false,"max_hp_per_floor":[77,77,77,77,77,77,77,77,77,77,77,77,77,77,77,77,77,77,82,82,82,82,82,82,82,82,82],"card_choices":[{"not_picked":["Flying Knee","Distraction"],"picked":"Cloak And Dagger","floor":1.0},{"not_picked":["PiercingWail","Deadly Poison"],"picked":"Masterful Stab","floor":2.0},{"not_picked":["Choke","Underhanded Strike"],"picked":"Escape Plan","floor":3.0},{"not_picked":["Backstab","Dagger Throw"],"picked":"Cloak And Dagger","floor":4.0},{"not_picked":["Outmaneuver","Accuracy"],"picked":"Noxious Fumes","floor":5.0},{"not_picked":["Poisoned Stab","Flying Knee"],"picked":"Dagger Spray","floor":7.0},{"not_picked":["Catalyst","Acrobatics"],"picked":"Blur","floor":8},{"not_picked":["Dagger Throw","Eviscerate"],"picked":"Caltrops","floor":11},{"not_picked":["Phantasmal Killer","Backflip"],"picked":"Skewer","floor":13},{"not_picked":["Night Terror","Tools of the Trade"],"picked":"A Thousand Cuts","floor":16},{"not_picked":["PiercingWail","Deflect"],"picked":"Terror","floor":18},{"not_picked":["Flying Knee","Slice","Dagger Spray"],"picked":"SKIP","floor":22},{"not_picked":["Deflect","Sucker Punch"],"picked":"Quick Slash+1","floor":24}],"player_experience":501274,"relics_obtained":[{"floor":8,"key":"CeramicFish"},{"floor":9,"key":"Potion Belt"},{"floor":13,"key":"Bottled Tornado"},{"floor":26,"key":"CaptainsWheel"}],"event_choices":[{"damage_healed":25,"gold_gain":0,"player_choice":"Banana","damage_taken":0,"max_hp_gain":0,"max_hp_loss":0,"event_name":"Big Fish","floor":12,"gold_loss":0},{"damage_healed":0,"gold_gain":0,"player_choice":"Shed Blood","damage_taken":19,"max_hp_gain":5,"max_hp_loss":0,"event_name":"Forgotten Altar","floor":19,"gold_loss":0},{"damage_healed":27,"gold_gain":0,"player_choice":"Heal","damage_taken":0,"max_hp_gain":0,"max_hp_loss":0,"event_name":"The Library","floor":20,"gold_loss":0},{"damage_healed":0,"gold_gain":0,"player_choice":"Forge","damage_taken":0,"max_hp_gain":0,"max_hp_loss":0,"event_name":"Accursed Blacksmith","floor":21,"gold_loss":0,"cards_upgraded":["A Thousand Cuts"]}],"is_beta":true,"boss_relics":[{"not_picked":["Ring of the Serpent","Coffee Dripper"],"picked":"Philosopher\u0027s Stone"}],"items_purged_floors":[25],"is_endless":false,"potions_floor_spawned":[3,4,11,13,22],"killed_by":"3 Cultists","ascension_level":10}