{"gold_per_floor":[119,139,139,189,206,206,233,233,256,12,22,37,37,62,62,134,134,144,86,86,104,19,19,33,33,33,33,49,66,66,86,86,86],"floor_reached":33,"playtime":1085,"items_purged":[],"score":463,"play_id":"bf0ad96f-eedf-47b6-9e1d-0b7f62d0f22e","local_time":"20191026014737","is_ascension_mode":true,"campfire_choices":[{"data":"Sever Soul","floor":6.0,"key":"SMITH"},{"data":"True Grit","floor":8.0,"key":"SMITH"},{"data":"Pommel Strike","floor":13.0,"key":"SMITH"},{"data":"Flame Barrier","floor":15.0,"key":"SMITH"},{"data":"Whirlwind","floor":23.0,"key":"SMITH"},{"data":"Shockwave","floor":25.0,"key":"SMITH"},{"floor":32,"key":"REST"}],"neow_cost":"NONE","seed_source_timestamp":114639249538100,"circlet_count":0,"master_deck":["AscendersBane","Strike_R","Strike_R","Strike_R","Strike_R","Defend_R","Defend_R","Defend_R","Defend_R","Bash+1","Flame Barrier+1","True Grit+1","Sever Soul+1","Flame Barrier+1","Pommel Strike+1","Shrug It Off","Shockwave+1","Whirlwind+1","Inflame","Evolve","Carnage"],"special_seed":0,"relics":["Burning Blood","Orichalcum","Vajra","Medical Kit","Bottled Lightning","Mark of Pain","Pear"],"potions_floor_usage":[31],"damage_taken":[{"damage":7.0,"enemies":"2 Louse","floor":1.0,"turns":3.0},{"damage":6.0,"enemies":"Small Slimes","floor":2.0,"turns":4.0},{"damage":0.0,"enemies":"Cultist","floor":5.0,"turns":4.0},{"damage":8.0,"enemies":"Gremlin Nob","floor":7.0,"turns":3.0},{"damage":4.0,"enemies":"Red Slaver","floor":11.0,"turns":4.0},{"damage":8.0,"enemies":"Blue Slaver","floor":12.0,"turns":5.0},{"damage":22.0,"enemies":"Lagavulin","floor":14.0,"turns":5.0},{"damage":49.0,"enemies":"Slime Boss","floor":16.0,"turns":13.0},{"damage":0.0,"enemies":"3 Byrds","floor":18.0,"turns":3.0},{"damage":12.0,"enemies":"Spheric Guardian","floor":21.0,"turns":5.0},{"damage":21.0,"enemies":"Cultist and Chosen","floor":24.0,"turns":8.0},{"damage":49.0,"enemies":"3 Cultists","floor":28.0,"turns":6.0},{"damage":8.0,"enemies":"Snecko","floor":29.0,"turns":6.0},{"damage":6,"enemies":"Chosen and Byrds","floor":31,"turns":4},{"damage":41,"enemies":"Champ","floor":33,"turns":10}],"seed_played":"2297262626381533948","potions_obtained":[{"floor":2.0,"key":"SkillPotion"},{"floor":5.0,"key":"FearPotion"},{"floor":14.0,"key":"AttackPotion"},{"floor":28.0,"key":"EntropicBrew"}],"is_trial":false,"path_per_floor":["M","M","?","?","M","R","E","R","T","$","M","M","R","E","R","B",null,"M","$","?","M","$","R","M","R","T","?","M","M","$","M","R","B"],"character_chosen":"IRONCLAD","items_purchased":["Medical Kit","Flame Barrier","Shrug It Off","Inflame"],"campfire_rested":1,"item_purchase_floors":[10,10,19,22],"current_hp_per_floor":[67,67,67,67,73,73,71,71,71,71,73,71,71,55,55,12,59,65,65,65,59,59,59,44,44,54,54,11,9,9,9,34,0],"gold":86,"neow_bonus":"UPGRADE_CARD","is_prod":false,"is_daily":false,"chose_seed":false,"campfire_upgraded":6,"win_rate":0,"timestamp":1572047257,"path_taken":["M","M","?","?","M","R","E","R","T","$","M","?","R","E","R","BOSS","M","$","?","M","$","R","M","R","T","?","M","M","$","?","R","BOSS"],"build_version":"2019-10-25-V3","purchased_purges":0,"victory":false,"max_hp_per_floor":[75,75,75,75,75,75,75,75,75,75,75,75,75,75,75,75,75,75,75,75,75,75,75,75,75,85,85,85,85,85,85,85,85],"card_choices":[{"not_picked":["Clash","Inflame"],"picked":"Flame Barrier","floor":1.0},{"not_picked":["Hemokinesis","Body Slam"],"picked":"True Grit","floor":2.0},{"not_picked":["Warcry","Havoc"],"picked":"Sever Soul","floor":5.0},{"not_picked":["Spot Weakness","Clothesline","Dropkick"],"picked":"SKIP","floor":7.0},{"not_picked":["Headbutt","Thunderclap"],"picked":"Pommel Strike","floor":11.0},{"not_picked":["Seeing Red","Dual Wield","Reaper"],"picked":"SKIP","floor":12.0},{"not_picked":["Heavy Blade","Burning Pact","Body Slam"],"picked":"SKIP","floor":14.0},{"not_picked":["Dark Embrace","Twin Strike","Armaments"],"picked":"SKIP","floor":18.0},{"not_picked":["Second Wind","Rupture"],"picked":"Whirlwind","floor":21.0},{"not_picked":["Armaments","Dropkick"],"picked":"Evolve","floor":24.0},{"not_picked":["Cleave","Metallicize"],"picked":"Carnage","floor":28.0},{"not_picked":["Clash","Twin Strike+1","Heavy Blade"],"picked":"SKIP","floor":29.0},{"not_picked":["True Grit+1","Sword Boomerang","Iron Wave"],"picked":"SKIP","floor":31}],"player_experience":532943,"relics_obtained":[{"floor":7.0,"key":"Orichalcum"},{"floor":9.0,"key":"Vajra"},{"floor":14.0,"key":"Bottled Lightning"},{"floor":26.0,"key":"Pear"}],"event_choices":[{"damage_healed":0.0,"max_hp_gain":0.0,"max_hp_loss":0.0,"gold_gain":0.0,"event_name":"Living Wall","player_choice":"Grow","floor":3.0,"gold_loss":0.0,"damage_taken":0.0,"cards_upgraded":["Flame Barrier"]},{"damage_healed":0.0,"max_hp_gain":0.0,"max_hp_loss":0.0,"gold_gain":50.0,"event_name":"Golden Shrine","player_choice":"Pray","floor":4.0,"gold_loss":0.0,"damage_taken":0.0},{"damage_healed":0.0,"max_hp_gain":0.0,"max_hp_loss":0.0,"gold_gain":0.0,"event_name":"The Library","player_choice":"Read","floor":20.0,"gold_loss":0.0,"damage_taken":0.0,"cards_obtained":["Shockwave"]},{"cards_removed":["Strike_R"],"damage_healed":0.0,"max_hp_gain":0.0,"max_hp_loss":0.0,"gold_gain":0.0,"event_name":"Bonfire Elementals","player_choice":"Offered Basic","floor":27.0,"gold_loss":0.0,"damage_taken":0.0}],"is_beta":true,"boss_relics":[{"not_picked":["Runic Dome","Busted Crown"],"picked":"Mark of Pain"}],"items_purged_floors":[],"is_endless":false,"potions_floor_spawned":[2,5,14,28],"killed_by":"Champ","ascension_level":16}