{"gold_per_floor":[115,135,135,154,174,207,207,220,274,274,286,296,296,318,318,318],"floor_reached":16,"playtime":614,"items_purged":[],"score":208,"play_id":"c07b6fbc-e56a-49db-a679-560590d5b7d6","local_time":"20191002201126","is_ascension_mode":true,"campfire_choices":[{"data":"Sunder","floor":7,"key":"SMITH"},{"floor":10,"key":"REST"},{"data":"Zap","floor":13,"key":"SMITH"},{"floor":15,"key":"REST"}],"neow_cost":"TEN_PERCENT_HP_LOSS","seed_source_timestamp":874512925481800,"circlet_count":0,"master_deck":["AscendersBane","Strike_B","Strike_B","Defend_B","Defend_B","Defend_B","Defend_B","Zap+1","Dualcast","Compile Driver","Undo","Barrage","Loop","Beam Cell","Coolheaded","Sunder+1","Self Repair","Gash","Cold Snap","Conserve Battery"],"relics":["Cracked Core","FossilizedHelix","Blood Vial","Odd Mushroom"],"potions_floor_usage":[],"damage_taken":[{"damage":7,"enemies":"Small Slimes","floor":1,"turns":3},{"damage":1,"enemies":"Cultist","floor":2,"turns":3},{"damage":2,"enemies":"Jaw Worm","floor":4,"turns":4},{"damage":12,"enemies":"2 Fungi Beasts","floor":5,"turns":5},{"damage":23,"enemies":"Gremlin Nob","floor":6,"turns":4},{"damage":12,"enemies":"Gremlin Gang","floor":8,"turns":4},{"damage":0,"enemies":"3 Louse","floor":11,"turns":5},{"damage":9,"enemies":"Large Slime","floor":12,"turns":4},{"damage":20,"enemies":"The Mushroom Lair","floor":14,"turns":4},{"damage":33,"enemies":"Hexaghost","floor":16,"turns":11}],"seed_played":"-1197414058579419397","potions_obtained":[{"floor":2,"key":"GamblersBrew"},{"floor":6,"key":"Ancient Potion"},{"floor":11,"key":"SteroidPotion"}],"is_trial":false,"path_per_floor":["M","M","?","M","M","E","R","M","T","R","M","M","R","?","R","B"],"character_chosen":"DEFECT","items_purchased":[],"campfire_rested":2,"item_purchase_floors":[],"current_hp_per_floor":[57,56,56,54,42,19,19,7,7,26,28,28,28,10,29,0],"gold":318,"neow_bonus":"TRANSFORM_TWO_CARDS","is_prod":false,"is_daily":false,"chose_seed":false,"campfire_upgraded":2,"win_rate":0,"timestamp":1570014686,"path_taken":["M","M","?","M","M","E","R","?","T","R","M","M","R","?","R","BOSS"],"build_version":"2019-07-17","purchased_purges":0,"victory":false,"max_hp_per_floor":[64,64,64,64,64,64,64,64,64,64,64,64,64,64,64,64],"card_choices":[{"not_picked":["Streamline","Static Discharge"],"picked":"Barrage","floor":1},{"not_picked":["Go for the Eyes","Ball Lightning"],"picked":"Loop","floor":2},{"not_picked":["Stack","Aggregate"],"picked":"Beam Cell","floor":4},{"not_picked":["Gash","Barrage"],"picked":"Coolheaded","floor":5},{"not_picked":["Hello World","Go for the Eyes"],"picked":"Sunder","floor":6},{"not_picked":["Coolheaded","Skim"],"picked":"Self Repair","floor":8},{"not_picked":["Meteor Strike","Tempest"],"picked":"Gash","floor":11},{"not_picked":["Redo","Coolheaded"],"picked":"Cold Snap","floor":12},{"not_picked":["Hologram","Steam"],"picked":"Conserve Battery","floor":14}],"player_experience":569811,"relics_obtained":[{"floor":6,"key":"FossilizedHelix"},{"floor":9,"key":"Blood Vial"},{"floor":14,"key":"Odd Mushroom"}],"event_choices":[{"damage_healed":0,"gold_gain":0,"player_choice":"0 cards matched","damage_taken":0,"max_hp_gain":0,"max_hp_loss":0,"event_name":"Match and Keep!","floor":3,"gold_loss":0,"cards_obtained":[]},{"damage_healed":0,"gold_gain":0,"player_choice":"Fought Mushrooms","damage_taken":0,"max_hp_gain":0,"max_hp_loss":0,"event_name":"Mushrooms","floor":14,"gold_loss":0}],"is_beta":false,"boss_relics":[],"items_purged_floors":[],"is_endless":false,"potions_floor_spawned":[2,6,11,12],"killed_by":"Hexaghost","ascension_level":20}