{"gold_per_floor":[113,113,129,143,143,143,161,181,181,201,126,126,26,40,40,138,138,152,168,179,278,278,278,153,153,153,178,28,28,44,58,58,162,212,222,47,47,47,58,58,70,70,70,82,92,0,0,14,14,14],"floor_reached":51,"playtime":1397,"items_purged":["Strike_R","Strike_R","Defend_R+1","Metallicize+1","Reckless Charge+1"],"score":786,"play_id":"312f4ef1-2502-4956-ba6a-4d8462cde933","local_time":"20191022230344","is_ascension_mode":false,"campfire_choices":[{"data":"Rampage","floor":6.0,"key":"SMITH"},{"data":"Defend_R","floor":12.0,"key":"SMITH"},{"data":"Bash","floor":15.0,"key":"SMITH"},{"data":"Offering","floor":23.0,"key":"SMITH"},{"floor":29.0,"key":"REST"},{"floor":32.0,"key":"REST"},{"floor":40,"key":"REST"},{"floor":42,"key":"REST"},{"floor":49,"key":"REST"}],"neow_cost":"PERCENT_DAMAGE","seed_source_timestamp":290781114398300,"circlet_count":0,"master_deck":["Bash+1","Rampage+1","Pommel Strike+1","Double Tap+1","Flex+1"],"special_seed":0,"relics":["Burning Blood","InkBottle","Astrolabe","MutagenicStrength","Toxic Egg 2","Mercury Hourglass","Tiny House","Red Mask","Gremlin Horn"],"potions_floor_usage":[50],"damage_taken":[{"damage":1.0,"enemies":"Jaw Worm","floor":1.0,"turns":5.0},{"damage":1.0,"enemies":"Cultist","floor":3.0,"turns":3.0},{"damage":8.0,"enemies":"2 Louse","floor":4.0,"turns":2.0},{"damage":12.0,"enemies":"Exordium Wildlife","floor":7.0,"turns":5.0},{"damage":18.0,"enemies":"Lots of Slimes","floor":8.0,"turns":4.0},{"damage":18.0,"enemies":"3 Louse","floor":10.0,"turns":4.0},{"damage":0.0,"enemies":"2 Fungi Beasts","floor":14.0,"turns":3.0},{"damage":13.0,"enemies":"Slime Boss","floor":16.0,"turns":8.0},{"damage":11.0,"enemies":"3 Byrds","floor":18.0,"turns":3.0},{"damage":28.0,"enemies":"2 Thieves","floor":19.0,"turns":3.0},{"damage":8.0,"enemies":"3 Cultists","floor":20.0,"turns":3.0},{"damage":35.0,"enemies":"Book of Stabbing","floor":27.0,"turns":3.0},{"damage":12.0,"enemies":"Shelled Parasite and Fungi","floor":30.0,"turns":2.0},{"damage":27.0,"enemies":"Snake Plant","floor":31.0,"turns":2.0},{"damage":38,"enemies":"Collector","floor":33,"turns":3},{"damage":12,"enemies":"3 Shapes","floor":35,"turns":1},{"damage":15,"enemies":"Orb Walker","floor":39,"turns":2},{"damage":9,"enemies":"3 Darklings","floor":41,"turns":3},{"damage":6,"enemies":"Sphere and 2 Shapes","floor":44,"turns":3},{"damage":21,"enemies":"4 Shapes","floor":45,"turns":3},{"damage":0,"enemies":"Spire Growth","floor":48,"turns":2},{"damage":72,"enemies":"Donu and Deca","floor":50,"turns":5}],"seed_played":"-8293487989200123622","potions_obtained":[{"floor":1.0,"key":"ElixirPotion"},{"floor":14.0,"key":"SneckoOil"},{"floor":18.0,"key":"SpeedPotion"},{"floor":33,"key":"Regen Potion"},{"floor":34,"key":"Ancient Potion"},{"floor":45,"key":"SkillPotion"}],"is_trial":false,"path_per_floor":["M","?","M","M","?","R","M","M","T","M","$","R","$","M","R","B",null,"M","M","M","?","?","R","$","?","T","E","$","R","M","M","R","B",null,"M","$","?","?","M","R","M","R","T","M","M","?","T","M","R","B",null],"character_chosen":"IRONCLAD","items_purchased":[],"campfire_rested":5,"item_purchase_floors":[],"current_hp_per_floor":[61,61,66,64,64,64,58,46,46,34,34,34,34,40,40,33,80,75,53,51,51,51,51,51,51,51,22,22,46,40,19,43,11,85,79,79,79,79,70,81,78,81,81,81,66,66,66,72,81,27],"gold":14,"neow_bonus":"REMOVE_TWO","is_prod":false,"is_daily":false,"chose_seed":false,"campfire_upgraded":4,"win_rate":0,"timestamp":1571753024,"path_taken":["M","?","?","M","?","R","M","M","T","M","$","R","?","?","R","BOSS","M","?","M","?","?","R","$","?","T","E","$","R","M","M","R","BOSS","M","$","?","?","M","R","M","R","T","M","M","?","?","M","R","BOSS"],"build_version":"2019-10-21","purchased_purges":5,"victory":true,"max_hp_per_floor":[80,80,80,80,80,80,80,80,80,80,80,80,80,80,80,80,80,80,80,80,80,80,80,80,80,80,80,80,80,80,80,80,80,85,85,85,85,81,81,81,81,81,81,81,81,81,81,81,81,81],"card_choices":[{"not_picked":["Flame Barrier","Anger"],"picked":"Rampage","floor":1.0},{"not_picked":["Thunderclap","Havoc","Warcry"],"picked":"SKIP","floor":3.0},{"not_picked":["Havoc","Combust","Iron Wave"],"picked":"SKIP","floor":4.0},{"not_picked":["Havoc","Rampage","Sword Boomerang"],"picked":"SKIP","floor":7.0},{"not_picked":["Seeing Red","Clash","Body Slam"],"picked":"SKIP","floor":8.0},{"not_picked":["Rampage","Reckless Charge","Heavy Blade"],"picked":"SKIP","floor":10.0},{"not_picked":["True Grit","Dual Wield","Havoc"],"picked":"SKIP","floor":14.0},{"not_picked":["Double Tap","Feed"],"picked":"Offering","floor":16.0},{"not_picked":["Feel No Pain+1","Clash","Burning Pact+1"],"picked":"SKIP","floor":18.0},{"not_picked":["Clothesline","Perfected Strike","Impervious"],"picked":"SKIP","floor":19.0},{"not_picked":["Anger","Flex+1","Evolve"],"picked":"SKIP","floor":20.0},{"not_picked":["Shrug It Off+1","Blood for Blood+1","Inflame"],"picked":"SKIP","floor":27.0},{"not_picked":["Body Slam","Feel No Pain","Sentinel+1"],"picked":"SKIP","floor":30.0},{"not_picked":["Iron Wave","Immolate","Twin Strike+1"],"picked":"SKIP","floor":31.0},{"not_picked":["Brutality","Limit Break+1"],"picked":"Double Tap+1","floor":33},{"not_picked":["Body Slam","Uppercut","Entrench+1"],"picked":"SKIP","floor":35},{"not_picked":["Pommel Strike","Clothesline+1"],"picked":"Flex+1","floor":39},{"not_picked":["Battle Trance+1","Sever Soul","Clothesline"],"picked":"SKIP","floor":41},{"not_picked":["Perfected Strike","Brutality","Battle Trance+1"],"picked":"SKIP","floor":44},{"not_picked":["Clash","Twin Strike","Heavy Blade+1"],"picked":"SKIP","floor":45},{"not_picked":["Intimidate+1","Dual Wield+1","Flex+1"],"picked":"SKIP","floor":48}],"player_experience":727745,"relics_obtained":[{"floor":9.0,"key":"InkBottle"},{"floor":26.0,"key":"Toxic Egg 2"},{"floor":27.0,"key":"Mercury Hourglass"},{"floor":47,"key":"Gremlin Horn"}],"event_choices":[{"cards_removed":["Strike_R"],"damage_healed":0.0,"max_hp_gain":0.0,"max_hp_loss":0.0,"gold_gain":0.0,"event_name":"Bonfire Elementals","player_choice":"Offered Basic","floor":2.0,"gold_loss":0.0,"damage_taken":0.0},{"damage_healed":0.0,"max_hp_gain":0.0,"max_hp_loss":0.0,"gold_gain":0.0,"event_name":"Liars Game","player_choice":"Ignored","floor":5.0,"gold_loss":0.0,"damage_taken":0.0},{"damage_healed":0.0,"max_hp_gain":0.0,"max_hp_loss":0.0,"gold_gain":99.0,"event_name":"Nest","player_choice":"Stole From Cult","floor":21.0,"gold_loss":0.0,"damage_taken":0.0},{"damage_healed":0.0,"max_hp_gain":0.0,"max_hp_loss":0.0,"gold_gain":0.0,"event_name":"Drug Dealer","player_choice":"Inject Mutagens","floor":22.0,"gold_loss":0.0,"damage_taken":0.0,"relics_obtained":["MutagenicStrength"]},{"damage_healed":0.0,"max_hp_gain":0.0,"max_hp_loss":0.0,"gold_gain":0.0,"event_name":"Vampires","player_choice":"Ignored","floor":25.0,"gold_loss":0.0,"damage_taken":0.0},{"cards_removed":["Offering"],"damage_healed":0,"gold_gain":0,"player_choice":"Removed Skill","damage_taken":0,"max_hp_gain":0,"max_hp_loss":0,"event_name":"Falling","floor":37,"gold_loss":0},{"damage_healed":0,"gold_gain":0,"player_choice":"Max HP","damage_taken":0,"max_hp_gain":0,"max_hp_loss":4,"event_name":"Winding Halls","floor":38,"gold_loss":0},{"damage_healed":0,"gold_gain":0,"player_choice":"Paid","damage_taken":0,"relics_obtained":["Red Mask"],"max_hp_gain":0,"max_hp_loss":0,"event_name":"Tomb of Lord Red Mask","floor":46,"gold_loss":92}],"is_beta":true,"boss_relics":[{"not_picked":["Snecko Eye","Ectoplasm"],"picked":"Astrolabe"},{"not_picked":["Calling Bell","Runic Dome"],"picked":"Tiny House"}],"items_purged_floors":[11,13,24,28,36],"is_endless":false,"potions_floor_spawned":[1,14,18,30,33,41,45],"ascension_level":0}