{"gold_per_floor":[118,131,131,146,146,180,190,190,190,219,239,259,274,299,299,394,394,412,33,33,44,56,56,75,109,136,136,155,155,169,8,8,8],"floor_reached":33,"playtime":4015,"items_purged":["Strike_R"],"score":325,"play_id":"61ab0166-136c-454b-ae50-4ad11b870a84","local_time":"20190603102924","is_ascension_mode":true,"campfire_choices":[{"data":"Shockwave","floor":8.0,"key":"SMITH"},{"floor":15.0,"key":"REST"},{"data":"Fiend Fire","floor":23.0,"key":"SMITH"},{"data":"Offering","floor":27,"key":"SMITH"},{"data":"True Grit","floor":29,"key":"SMITH"},{"floor":32,"key":"REST"}],"neow_cost":"NONE","seed_source_timestamp":0,"circlet_count":0,"master_deck":["Strike_R","Strike_R","Strike_R","Defend_R","Defend_R","Defend_R","Defend_R","Bash","Iron Wave","Heavy Blade","Shockwave+1","True Grit+1","Offering+1","Flex","Inflame","Wild Strike","Fiend Fire+1","Twin Strike","Shrug It Off+1","Shrug It Off+1","Pommel Strike","Infernal Blade","Limit Break"],"special_seed":0,"relics":["Burning Blood","Bronze Scales","Centennial Puzzle","Odd Mushroom","Busted Crown","Gremlin Horn","Nloth\u0027s Gift","Frozen Egg 2","Happy Flower"],"potions_floor_usage":[],"damage_taken":[{"damage":8.0,"enemies":"Jaw Worm","floor":1.0,"turns":4.0},{"damage":0.0,"enemies":"Small Slimes","floor":2.0,"turns":3.0},{"damage":8.0,"enemies":"2 Louse","floor":4.0,"turns":3.0},{"damage":55.0,"enemies":"3 Sentries","floor":6.0,"turns":9.0},{"damage":5.0,"enemies":"Red Slaver","floor":7.0,"turns":4.0},{"damage":13.0,"enemies":"The Mushroom Lair","floor":10.0,"turns":4.0},{"damage":16.0,"enemies":"Exordium Thugs","floor":11.0,"turns":4.0},{"damage":4.0,"enemies":"Blue Slaver","floor":12.0,"turns":5.0},{"damage":1.0,"enemies":"Large Slime","floor":13.0,"turns":6.0},{"damage":29.0,"enemies":"Hexaghost","floor":16.0,"turns":8.0},{"damage":15.0,"enemies":"Shell Parasite","floor":18.0,"turns":3.0},{"damage":0.0,"enemies":"3 Byrds","floor":21.0,"turns":2.0},{"damage":7.0,"enemies":"Sentry and Sphere","floor":22.0,"turns":3.0},{"damage":13.0,"enemies":"Snake Plant","floor":24.0,"turns":3.0},{"damage":16,"enemies":"Slavers","floor":25,"turns":5},{"damage":14,"enemies":"Cultist and Chosen","floor":28,"turns":3},{"damage":24,"enemies":"Snecko","floor":30,"turns":3},{"damage":73,"enemies":"Champ","floor":33,"turns":7}],"seed_played":"3459619321502078282","potions_obtained":[{"floor":1.0,"key":"FearPotion"},{"floor":4.0,"key":"SkillPotion"},{"floor":10.0,"key":"Weak Potion"},{"floor":11.0,"key":"Fire Potion"},{"floor":16.0,"key":"SteroidPotion"},{"floor":18.0,"key":"Block Potion"},{"floor":21.0,"key":"Regen Potion"},{"floor":28,"key":"Strength Potion"}],"is_trial":false,"path_per_floor":["M","M","?","M","?","E","M","R","T","?","M","M","M","T","R","B",null,"M","$","?","M","M","R","M","E","T","R","M","R","M","$","R","B"],"character_chosen":"IRONCLAD","items_purchased":["Gremlin Horn","Twin Strike","Limit Break"],"campfire_rested":2,"item_purchase_floors":[19,19,31],"current_hp_per_floor":[86,88,81,79,79,30,31,31,31,24,14,16,21,21,47,24,88,79,79,79,85,84,84,77,67,67,67,59,59,41,41,67,0],"gold":8,"neow_bonus":"TEN_PERCENT_HP_BONUS","is_prod":false,"is_daily":false,"chose_seed":false,"campfire_upgraded":4,"win_rate":0,"timestamp":1559550564,"path_taken":["M","M","?","M","?","E","M","R","T","?","M","M","M","?","R","BOSS","M","$","?","M","M","R","M","E","T","R","M","R","M","?","R","BOSS"],"build_version":"2019-01-23","purchased_purges":1,"victory":false,"max_hp_per_floor":[88,88,88,88,88,88,88,88,88,88,88,88,88,88,88,88,88,88,88,88,88,88,88,88,88,88,88,88,88,88,88,88,88],"card_choices":[{"not_picked":["Rampage","Thunderclap"],"picked":"Iron Wave","floor":1.0},{"not_picked":["Seeing Red","Ghostly Armor"],"picked":"Heavy Blade","floor":2.0},{"not_picked":["Blood for Blood","Havoc"],"picked":"Shockwave","floor":4.0},{"not_picked":["Corruption","Perfected Strike"],"picked":"True Grit","floor":6.0},{"not_picked":["Body Slam","Power Through"],"picked":"Offering","floor":7.0},{"not_picked":["Reckless Charge","Twin Strike"],"picked":"Flex","floor":10.0},{"not_picked":["Perfected Strike","Armaments"],"picked":"Inflame","floor":11.0},{"not_picked":["Corruption","Inflame","Thunderclap"],"picked":"SKIP","floor":12.0},{"not_picked":["Thunderclap","Uppercut"],"picked":"Wild Strike","floor":13.0},{"not_picked":["Immolate","Juggernaut"],"picked":"Fiend Fire","floor":16.0},{"not_picked":["Perfected Strike"],"picked":"SKIP","floor":18.0},{"not_picked":[],"picked":"Shrug It Off+1","floor":21.0},{"not_picked":[],"picked":"Shrug It Off+1","floor":22.0},{"not_picked":[],"picked":"Pommel Strike","floor":24.0},{"not_picked":["Anger"],"picked":"SKIP","floor":25},{"not_picked":["Iron Wave+1"],"picked":"SKIP","floor":28},{"not_picked":[],"picked":"Infernal Blade","floor":30}],"player_experience":113439,"relics_obtained":[{"floor":6.0,"key":"Bronze Scales"},{"floor":9.0,"key":"Centennial Puzzle"},{"floor":10.0,"key":"Odd Mushroom"},{"floor":14.0,"key":"Omamori"},{"floor":25,"key":"Frozen Egg 2"},{"floor":26,"key":"Happy Flower"}],"event_choices":[{"cards_removed":["Strike_R"],"damage_healed":0.0,"max_hp_gain":0.0,"max_hp_loss":0.0,"gold_gain":0.0,"event_name":"Golden Wing","player_choice":"Card Removal","floor":3.0,"gold_loss":0.0,"damage_taken":7.0},{"damage_healed":0.0,"max_hp_gain":0.0,"max_hp_loss":0.0,"gold_gain":0.0,"event_name":"Liars Game","player_choice":"Ignored","floor":5.0,"gold_loss":0.0,"damage_taken":0.0},{"damage_healed":0.0,"max_hp_gain":0.0,"max_hp_loss":0.0,"gold_gain":0.0,"event_name":"Mushrooms","player_choice":"Fought Mushrooms","floor":10.0,"gold_loss":0.0,"damage_taken":0.0},{"damage_healed":0.0,"max_hp_gain":0.0,"max_hp_loss":0.0,"gold_gain":0.0,"event_name":"N\u0027loth","player_choice":"Traded Relic","floor":20.0,"relics_lost":["Omamori"],"gold_loss":0.0,"damage_taken":0.0,"relics_obtained":["Nloth\u0027s Gift"]}],"is_beta":false,"boss_relics":[{"not_picked":["Mark of Pain","Astrolabe"],"picked":"Busted Crown"}],"items_purged_floors":[19],"is_endless":false,"potions_floor_spawned":[1,4,10,11,16,18,21,28],"killed_by":"Champ","ascension_level":4}