{"gold_per_floor":[117,132,145,165,180,215,215,248,248,267,267,217,257,278,278,407,407,426,155,178,193,206,240,240,240,240,264,87,87,112,146,146,267,267,282,296,629,697,717,746,763,813,813,829,856,876,887,904,904,904],"floor_reached":51,"playtime":5615,"items_purged":["Strike_R","Strike_R"],"score":965,"play_id":"e1452d82-009e-4d76-8b6d-56336c40d2e9","local_time":"20190928170827","is_ascension_mode":true,"campfire_choices":[{"data":"Armaments","floor":7.0,"key":"SMITH"},{"floor":15.0,"key":"REST"},{"floor":25.0,"key":"REST"},{"data":"Berserk","floor":29.0,"key":"SMITH"},{"data":"Battle Trance","floor":32.0,"key":"SMITH"},{"floor":49,"key":"REST"}],"neow_cost":"NONE","seed_source_timestamp":505724848148200,"circlet_count":0,"master_deck":["Strike_R+1","Strike_R+1","Defend_R","Defend_R","Defend_R","Defend_R","Bash","Twin Strike","Clothesline","Iron Wave","Armaments+1","Shrug It Off","Twin Strike","Berserk+1","Iron Wave+1","Thunderclap+1","Body Slam+1","Bludgeon+1","True Grit+1","Shrug It Off","Uppercut+1","Iron Wave+1","Battle Trance+1","True Grit+1","Cleave+1","Whirlwind+1","Inflame","Fiend Fire+1","Body Slam+1","Evolve+1","Body Slam+1","Spot Weakness+1","Flex","Body Slam+1","Intimidate","Flame Barrier","Warcry+1","Blood for Blood+1","Demon Form+1","True Grit+1","Shrug It Off+1","Shrug It Off+1","Seeing Red","Armaments+1","Battle Trance"],"special_seed":0,"relics":["Burning Blood","NeowsBlessing","Letter Opener","Whetstone","Molten Egg 2","Meat on the Bone","Black Star","Sling","Ornamental Fan","Art of War","Red Skull","Prayer Wheel","Pantograph","Question Card","Runic Pyramid","Frozen Egg 2","Bottled Lightning","Blood Vial","Girya","Potion Belt","Dream Catcher","Paper Frog"],"potions_floor_usage":[50],"damage_taken":[{"damage":0.0,"enemies":"Small Slimes","floor":1.0,"turns":1.0},{"damage":0.0,"enemies":"Jaw Worm","floor":2.0,"turns":1.0},{"damage":0.0,"enemies":"2 Louse","floor":3.0,"turns":1.0},{"damage":7.0,"enemies":"Exordium Wildlife","floor":4.0,"turns":4.0},{"damage":5.0,"enemies":"Blue Slaver","floor":5.0,"turns":4.0},{"damage":27.0,"enemies":"Lagavulin","floor":6.0,"turns":9.0},{"damage":15.0,"enemies":"3 Sentries","floor":8.0,"turns":7.0},{"damage":4.0,"enemies":"Looter","floor":10.0,"turns":3.0},{"damage":12.0,"enemies":"Gremlin Nob","floor":13.0,"turns":5.0},{"damage":7.0,"enemies":"Red Slaver","floor":14.0,"turns":4.0},{"damage":46.0,"enemies":"Slime Boss","floor":16.0,"turns":9.0},{"damage":33.0,"enemies":"Shell Parasite","floor":18.0,"turns":7.0},{"damage":30.0,"enemies":"2 Thieves","floor":20.0,"turns":4.0},{"damage":15.0,"enemies":"Chosen and Byrds","floor":21.0,"turns":5.0},{"damage":8.0,"enemies":"Centurion and Healer","floor":22.0,"turns":6.0},{"damage":47.0,"enemies":"Slavers","floor":23.0,"turns":5.0},{"damage":12.0,"enemies":"Shelled Parasite and Fungi","floor":27.0,"turns":3.0},{"damage":22.0,"enemies":"Snecko","floor":30.0,"turns":3.0},{"damage":15.0,"enemies":"Book of Stabbing","floor":31.0,"turns":4.0},{"damage":64.0,"enemies":"Automaton","floor":33.0,"turns":11.0},{"damage":33.0,"enemies":"3 Shapes","floor":35.0,"turns":3.0},{"damage":20.0,"enemies":"Orb Walker","floor":36.0,"turns":3.0},{"damage":27.0,"enemies":"Writhing Mass","floor":39.0,"turns":4.0},{"damage":24.0,"enemies":"Reptomancer","floor":40.0,"turns":4.0},{"damage":0.0,"enemies":"3 Darklings","floor":41.0,"turns":4.0},{"damage":32.0,"enemies":"2 Orb Walkers","floor":42.0,"turns":4.0},{"damage":20.0,"enemies":"4 Shapes","floor":44.0,"turns":7.0},{"damage":15.0,"enemies":"Giant Head","floor":45.0,"turns":6.0},{"damage":40.0,"enemies":"Transient","floor":46.0,"turns":5.0},{"damage":17,"enemies":"Jaw Worm Horde","floor":47,"turns":4},{"damage":21,"enemies":"3 Darklings","floor":48,"turns":3},{"damage":65,"enemies":"Time Eater","floor":50,"turns":11}],"seed_played":"2646831906690117238","potions_obtained":[{"floor":1.0,"key":"Ancient Potion"},{"floor":2.0,"key":"Explosive Potion"},{"floor":3.0,"key":"SkillPotion"},{"floor":14.0,"key":"SteroidPotion"},{"floor":16.0,"key":"LiquidBronze"},{"floor":23.0,"key":"AttackPotion"},{"floor":27.0,"key":"Poison Potion"},{"floor":31.0,"key":"SpeedPotion"},{"floor":44.0,"key":"AttackPotion"},{"floor":47,"key":"PowerPotion"}],"is_trial":false,"path_per_floor":["M","M","M","M","M","E","R","E","T","M","?","?","E","M","R","B",null,"M","$","M","M","M","E","?","R","T","M","$","R","M","E","R","B",null,"M","M","?","T","M","E","M","?","T","M","E","M","M","M","R","B",null],"character_chosen":"IRONCLAD","items_purchased":["Sling","Whirlwind+1"],"campfire_rested":3,"item_purchase_floors":[19,28],"current_hp_per_floor":[80,80,80,79,80,59,59,50,50,52,52,52,46,45,67,39,74,47,47,35,38,48,19,19,41,41,47,47,47,43,46,46,25,74,47,45,45,45,36,30,50,38,38,38,43,23,26,25,47,27],"gold":904,"neow_bonus":"THREE_ENEMY_KILL","is_prod":false,"is_daily":false,"chose_seed":false,"campfire_upgraded":3,"win_rate":0,"timestamp":1569658107,"path_taken":["M","M","M","M","M","E","R","E","T","M","?","?","E","M","R","BOSS","M","$","M","M","M","E","?","R","T","M","$","R","M","E","R","BOSS","M","M","?","?","M","E","M","?","T","M","E","M","M","M","R","BOSS"],"build_version":"2019-07-17","purchased_purges":2,"victory":true,"max_hp_per_floor":[80,80,80,80,80,80,80,80,80,80,74,74,74,74,74,74,74,74,74,74,74,74,74,74,74,74,74,74,74,74,74,74,74,74,74,74,74,74,74,74,74,74,74,74,74,74,74,74,74,74],"card_choices":[{"not_picked":["Feel No Pain","Flame Barrier"],"picked":"Twin Strike","floor":1.0},{"not_picked":["Uppercut","Clash"],"picked":"Clothesline","floor":2.0},{"not_picked":["Heavy Blade","Feel No Pain"],"picked":"Iron Wave","floor":3.0},{"not_picked":["Feel No Pain","Flex"],"picked":"Armaments","floor":4.0},{"not_picked":["Headbutt","Thunderclap"],"picked":"Shrug It Off","floor":5.0},{"not_picked":["Havoc","Rupture"],"picked":"Twin Strike","floor":6.0},{"not_picked":["Entrench","Power Through"],"picked":"Berserk","floor":8.0},{"not_picked":["Warcry","Perfected Strike+1"],"picked":"Iron Wave+1","floor":10.0},{"not_picked":["Clothesline+1","Dual Wield"],"picked":"Thunderclap+1","floor":13.0},{"not_picked":["Sentinel","Clash+1"],"picked":"Body Slam+1","floor":14.0},{"not_picked":["Juggernaut","Impervious"],"picked":"Bludgeon+1","floor":16.0},{"not_picked":["Anger+1","Headbutt+1"],"picked":"True Grit+1","floor":18.0},{"not_picked":["Reckless Charge+1","Carnage+1"],"picked":"Shrug It Off","floor":20.0},{"not_picked":["Reckless Charge+1","True Grit"],"picked":"Uppercut+1","floor":21.0},{"not_picked":["Wild Strike+1","Havoc"],"picked":"Iron Wave+1","floor":22.0},{"not_picked":["Dark Embrace","Sever Soul+1"],"picked":"Battle Trance","floor":23.0},{"not_picked":["Perfected Strike+1","Bloodletting"],"picked":"True Grit+1","floor":27.0},{"not_picked":["Perfected Strike+1","Corruption"],"picked":"Cleave+1","floor":27.0},{"not_picked":["Clothesline+1","Heavy Blade+1"],"picked":"Inflame","floor":30.0},{"not_picked":["Thunderclap+1","Spot Weakness","Perfected Strike+1"],"picked":"SKIP","floor":30.0},{"not_picked":["Clash+1","Clothesline+1","True Grit"],"picked":"SKIP","floor":31.0},{"not_picked":["Juggernaut","Immolate+1","Exhume"],"picked":"Fiend Fire+1","floor":33.0},{"not_picked":["Disarm","Carnage+1","Cleave+1"],"picked":"Body Slam+1","floor":35.0},{"not_picked":["Perfected Strike+1","Sentinel+1","Inflame+1"],"picked":"Evolve+1","floor":35.0},{"not_picked":["Anger+1","Sword Boomerang+1","Disarm"],"picked":"Body Slam+1","floor":36.0},{"not_picked":["Rage+1","Seeing Red","Headbutt+1"],"picked":"Spot Weakness+1","floor":36.0},{"not_picked":["Headbutt+1","Juggernaut+1","Whirlwind+1"],"picked":"Flex","floor":39.0},{"not_picked":["Evolve+1","Cleave+1","Disarm","Armaments+1"],"picked":"SKIP","floor":39.0},{"not_picked":["True Grit","Twin Strike+1","Searing Blow+1"],"picked":"Body Slam+1","floor":40.0},{"not_picked":["Pommel Strike+1","Dual Wield+1","Impervious"],"picked":"Intimidate","floor":41.0},{"not_picked":["Flex+1","Headbutt+1","Warcry+1"],"picked":"Flame Barrier","floor":41.0},{"not_picked":["Wild Strike+1","Bloodletting+1","Headbutt+1"],"picked":"Warcry+1","floor":42.0},{"not_picked":["Perfected Strike+1","Pommel Strike+1","Rampage+1"],"picked":"Blood for Blood+1","floor":44.0},{"not_picked":["Twin Strike+1","Cleave+1","Evolve+1","Wild Strike+1"],"picked":"SKIP","floor":44.0},{"not_picked":["Sentinel","Rupture+1","Brutality+1"],"picked":"Demon Form+1","floor":45.0},{"not_picked":["Twin Strike+1","Disarm+1","Body Slam+1"],"picked":"True Grit+1","floor":46.0},{"not_picked":["Clothesline+1","Heavy Blade+1","Wild Strike+1","Clash+1"],"picked":"SKIP","floor":46.0},{"not_picked":["Combust+1","Pommel Strike+1","Wild Strike+1"],"picked":"Shrug It Off+1","floor":47},{"not_picked":["Double Tap","Infernal Blade+1","Clothesline+1"],"picked":"Shrug It Off+1","floor":47},{"not_picked":["Heavy Blade+1","Infernal Blade+1","Rupture+1"],"picked":"Seeing Red","floor":48},{"not_picked":["Sword Boomerang+1","Rampage+1","Flex"],"picked":"Armaments+1","floor":48},{"not_picked":["Clash+1","Burning Pact","Havoc+1"],"picked":"Battle Trance","floor":49}],"player_experience":500539,"relics_obtained":[{"floor":6.0,"key":"Letter Opener"},{"floor":8.0,"key":"Whetstone"},{"floor":9.0,"key":"Molten Egg 2"},{"floor":13.0,"key":"Meat on the Bone"},{"floor":23.0,"key":"Ornamental Fan"},{"floor":23.0,"key":"Art of War"},{"floor":26.0,"key":"Prayer Wheel"},{"floor":31.0,"key":"Pantograph"},{"floor":31.0,"key":"Question Card"},{"floor":38.0,"key":"Frozen Egg 2"},{"floor":40.0,"key":"Bottled Lightning"},{"floor":40.0,"key":"Blood Vial"},{"floor":42.0,"key":"Girya"},{"floor":43.0,"key":"Potion Belt"},{"floor":45.0,"key":"Dream Catcher"},{"floor":45.0,"key":"Paper Frog"}],"event_choices":[{"damage_healed":0.0,"max_hp_gain":0.0,"max_hp_loss":6.0,"gold_gain":0.0,"event_name":"Golden Idol","player_choice":"Lose Max HP","floor":11.0,"gold_loss":0.0,"damage_taken":0.0,"relics_obtained":["Golden Idol"]},{"cards_removed":["Strike_R"],"damage_healed":0.0,"max_hp_gain":0.0,"max_hp_loss":0.0,"gold_gain":0.0,"event_name":"The Cleric","player_choice":"Card Removal","floor":12.0,"gold_loss":50.0,"damage_taken":0.0},{"damage_healed":0.0,"max_hp_gain":0.0,"max_hp_loss":0.0,"gold_gain":0.0,"event_name":"The Mausoleum","player_choice":"Opened","floor":24.0,"gold_loss":0.0,"damage_taken":0.0,"relics_obtained":["Red Skull"]},{"damage_healed":0.0,"max_hp_gain":0.0,"max_hp_loss":0.0,"gold_gain":333.0,"event_name":"The Moai Head","player_choice":"Gave Idol","floor":37.0,"relics_lost":["Golden Idol"],"gold_loss":0.0,"damage_taken":0.0},{"damage_healed":0.0,"max_hp_gain":0.0,"max_hp_loss":0.0,"gold_gain":0.0,"event_name":"Mysterious Sphere","player_choice":"Fight","floor":42.0,"gold_loss":0.0,"damage_taken":0.0}],"is_beta":false,"boss_relics":[{"not_picked":["Empty Cage","Lizard Tail"],"picked":"Black Star"},{"not_picked":["Coffee Dripper","Cursed Key"],"picked":"Runic Pyramid"}],"items_purged_floors":[19,28],"is_endless":false,"potions_floor_spawned":[1,2,3,6,14,16,20,23,27,31,36,41,44,47],"ascension_level":3}