{"gold_per_floor":[142,160,177,194,194,194,194,194,194,222,222,222,240,128,128,205,205,218,218,243,255,284,296,324,336],"floor_reached":25,"playtime":1428,"items_purged":[],"score":392,"play_id":"8de6bc09-b144-4936-807e-35ef128a8298","local_time":"20190926094949","is_ascension_mode":true,"campfire_choices":[{"data":"Defragment","floor":6.0,"key":"SMITH"},{"floor":8.0,"key":"REST"},{"data":"Barrage","floor":11.0,"key":"SMITH"},{"data":"Ball Lightning","floor":15.0,"key":"SMITH"},{"data":"Leap","floor":23,"key":"SMITH"}],"neow_cost":"NONE","seed_source_timestamp":1510888960037519,"circlet_count":0,"master_deck":["AscendersBane","Strike_B","Strike_B","Strike_B","Defend_B+1","Defend_B","Defend_B","Zap","Dualcast","Undo+1","Ball Lightning+1","Defragment+1","Barrage+1","Core Surge","Stack+1","Leap+1"],"special_seed":0,"relics":["Cracked Core","Tiny Chest","Meat on the Bone","Juzu Bracelet","Pear","Lantern","Inserter","MawBank"],"potions_floor_usage":[22,24],"damage_taken":[{"damage":0.0,"enemies":"Cultist","floor":1.0,"turns":3.0},{"damage":0.0,"enemies":"Jaw Worm","floor":2.0,"turns":5.0},{"damage":13.0,"enemies":"2 Louse","floor":3.0,"turns":2.0},{"damage":5.0,"enemies":"2 Fungi Beasts","floor":4.0,"turns":3.0},{"damage":2.0,"enemies":"Lagavulin","floor":10.0,"turns":6.0},{"damage":6.0,"enemies":"3 Louse","floor":13.0,"turns":2.0},{"damage":32.0,"enemies":"Slime Boss","floor":16.0,"turns":7.0},{"damage":24,"enemies":"Spheric Guardian","floor":18,"turns":5},{"damage":13,"enemies":"3 Byrds","floor":22,"turns":4},{"damage":24,"enemies":"Snake Plant","floor":24,"turns":5},{"damage":37,"enemies":"Gremlin Leader","floor":25,"turns":2}],"seed_played":"5199611041321968971","potions_obtained":[{"floor":1.0,"key":"EssenceOfSteel"},{"floor":4.0,"key":"Dexterity Potion"},{"floor":18,"key":"Energy Potion"},{"floor":19,"key":"FearPotion"}],"is_trial":false,"path_per_floor":["M","M","M","M","T","R","?","R","T","E","R","?","M","?","R","B",null,"M","?","T","?","M","R","M","E"],"character_chosen":"DEFECT","items_purchased":[],"campfire_rested":1,"item_purchase_floors":[],"current_hp_per_floor":[64,64,51,46,46,46,25,46,46,54,54,47,41,41,41,21,66,42,42,42,42,41,41,29,0],"gold":336,"neow_bonus":"RANDOM_COMMON_RELIC","is_prod":false,"is_daily":false,"chose_seed":false,"campfire_upgraded":4,"win_rate":0,"timestamp":1569505789,"path_taken":["M","M","M","?","?","R","?","R","T","E","R","?","M","?","R","BOSS","M","?","?","?","M","R","M","E"],"build_version":"2019-07-17","purchased_purges":0,"victory":false,"max_hp_per_floor":[71,71,71,71,71,71,71,71,71,81,81,81,81,81,81,81,81,81,81,81,81,81,81,81,81],"card_choices":[{"not_picked":["Darkness","Beam Cell"],"picked":"Undo","floor":1.0},{"not_picked":["Rip and Tear","Rebound"],"picked":"Ball Lightning","floor":2.0},{"not_picked":["Undo","Consume","Gash"],"picked":"SKIP","floor":3.0},{"not_picked":["Double Energy","Gash"],"picked":"Defragment","floor":4.0},{"not_picked":["Compile Driver","Stack"],"picked":"Barrage","floor":10.0},{"not_picked":["Stack","Turbo","Sweeping Beam"],"picked":"SKIP","floor":13.0},{"not_picked":["All For One","Reboot"],"picked":"Core Surge","floor":16.0},{"not_picked":["Hello World","Barrage"],"picked":"Stack+1","floor":18},{"not_picked":["Compile Driver","Turbo"],"picked":"Leap","floor":22},{"not_picked":["Hello World","Beam Cell","Streamline"],"picked":"SKIP","floor":24}],"player_experience":446003,"relics_obtained":[{"floor":5.0,"key":"Meat on the Bone"},{"floor":9.0,"key":"Juzu Bracelet"},{"floor":10.0,"key":"Pear"},{"floor":20,"key":"MawBank"}],"event_choices":[{"damage_healed":0.0,"max_hp_gain":0.0,"max_hp_loss":0.0,"gold_gain":0.0,"event_name":"Shining Light","player_choice":"Entered Light","floor":7.0,"gold_loss":0.0,"damage_taken":21.0,"cards_upgraded":["Undo","Defend_B"]},{"cards_removed":["Strike_B"],"damage_healed":0.0,"max_hp_gain":0.0,"max_hp_loss":0.0,"gold_gain":0.0,"event_name":"Golden Wing","player_choice":"Card Removal","floor":12.0,"gold_loss":0.0,"damage_taken":7.0},{"damage_healed":0.0,"max_hp_gain":0.0,"max_hp_loss":0.0,"gold_gain":0.0,"event_name":"WeMeetAgain","player_choice":"Paid Gold","floor":14.0,"gold_loss":112.0,"damage_taken":0.0,"relics_obtained":["Lantern"]},{"damage_healed":0,"gold_gain":0,"player_choice":"Got Potions","damage_taken":0,"max_hp_gain":0,"max_hp_loss":0,"event_name":"Lab","floor":19,"gold_loss":0},{"cards_removed":["Defend_B"],"damage_healed":0,"gold_gain":0,"player_choice":"Card Removal","damage_taken":0,"max_hp_gain":0,"max_hp_loss":0,"event_name":"Wheel of Change","floor":21,"gold_loss":0}],"is_beta":false,"boss_relics":[{"not_picked":["Runic Pyramid","Runic Dome"],"picked":"Inserter"}],"items_purged_floors":[],"is_endless":false,"potions_floor_spawned":[1,4,18],"killed_by":"Gremlin Leader","ascension_level":19}