{"gold_per_floor":[109,119,138,155,155,155,155,183,255,267,285,285],"floor_reached":12,"playtime":914,"items_purged":[],"score":90,"play_id":"fc878b47-8015-4cf1-ad9e-f8aa5965bd69","local_time":"20190916194927","is_ascension_mode":true,"campfire_choices":[{"data":"Zap","floor":7,"key":"SMITH"}],"neow_cost":"NONE","seed_source_timestamp":215729344181815,"circlet_count":0,"master_deck":["Strike_B","Strike_B","Strike_B","Defend_B","Defend_B","Defend_B","Defend_B","Zap+1","Dualcast","Sweeping Beam","Coolheaded","Loop","Amplify+1","Genetic Algorithm+1"],"relics":["Cracked Core","CaptainsWheel","InkBottle","Toxic Egg 2"],"potions_floor_usage":[8,12],"damage_taken":[{"damage":0,"enemies":"Small Slimes","floor":1,"turns":3},{"damage":2,"enemies":"Jaw Worm","floor":2,"turns":3},{"damage":5,"enemies":"2 Louse","floor":3,"turns":3},{"damage":9,"enemies":"Red Slaver","floor":4,"turns":3},{"damage":11,"enemies":"3 Sentries","floor":8,"turns":7},{"damage":9,"enemies":"Looter","floor":10,"turns":3},{"damage":13,"enemies":"3 Louse","floor":11,"turns":3},{"damage":25,"enemies":"Lagavulin","floor":12,"turns":7}],"seed_played":"-7243757254854636683","potions_obtained":[{"floor":1,"key":"FearPotion"},{"floor":4,"key":"PowerPotion"}],"is_trial":false,"path_per_floor":["M","M","M","M","?","?","R","E","T","M","M","E"],"character_chosen":"DEFECT","items_purchased":[],"campfire_rested":0,"item_purchase_floors":[],"current_hp_per_floor":[75,73,68,59,64,52,52,41,41,32,19,0],"gold":285,"neow_bonus":"REMOVE_CARD","is_prod":false,"is_daily":false,"chose_seed":false,"campfire_upgraded":1,"win_rate":0,"timestamp":1568681367,"path_taken":["M","M","M","M","?","?","R","E","T","M","M","E"],"build_version":"2019-09-16","purchased_purges":0,"victory":false,"max_hp_per_floor":[75,75,75,75,80,80,80,80,80,80,80,80],"card_choices":[{"not_picked":["Steam Power","Turbo"],"picked":"Sweeping Beam","floor":1},{"not_picked":["Rebound","Stack","Blizzard"],"picked":"SKIP","floor":2},{"not_picked":["Force Field","Stack"],"picked":"Coolheaded","floor":3},{"not_picked":["Double Energy","Redo","Beam Cell"],"picked":"SKIP","floor":4},{"not_picked":["Turbo","Hello World"],"picked":"Loop","floor":8},{"not_picked":["Gash","Sweeping Beam"],"picked":"Amplify+1","floor":10},{"not_picked":["Conserve Battery+1","Capacitor"],"picked":"Genetic Algorithm+1","floor":11}],"player_experience":294014,"relics_obtained":[{"floor":8,"key":"InkBottle"},{"floor":9,"key":"Toxic Egg 2"}],"event_choices":[{"damage_healed":0,"gold_gain":0,"player_choice":"Donut","damage_taken":0,"max_hp_gain":5,"max_hp_loss":0,"event_name":"Big Fish","floor":5,"gold_loss":0},{"damage_healed":0,"gold_gain":0,"player_choice":"Success","damage_taken":12,"relics_obtained":["CaptainsWheel"],"max_hp_gain":0,"max_hp_loss":0,"event_name":"Scrap Ooze","floor":6,"gold_loss":0}],"is_beta":true,"boss_relics":[],"items_purged_floors":[],"is_endless":false,"potions_floor_spawned":[1,4],"killed_by":"Lagavulin","ascension_level":2}