{"gold_per_floor":[369,369,381,456,475,475,491,501,575,600,600,600,147,147,147,245,245,245,245],"floor_reached":19,"playtime":1025,"items_purged":["Strike_P"],"score":167,"play_id":"1475c0eb-c4a7-4eb4-9ff9-488cc93406c4","local_time":"20190926232615","is_ascension_mode":false,"campfire_choices":[{"data":"Devotion","floor":6.0,"key":"SMITH"},{"floor":12.0,"key":"REST"},{"floor":15.0,"key":"REST"}],"neow_cost":"TEN_PERCENT_HP_LOSS","seed_source_timestamp":203744139461847,"circlet_count":0,"master_deck":["Strike_P","Strike_P+1","Strike_P","Defend_P","Defend_P","Defend_P","Defend_P","Eruption","Vigilance+1","Protect","Devotion+1","MentalFortress","ForeignInfluence","DevaForm","Consecrate"],"special_seed":0,"relics":["PureWater","Bottled Tornado","Shovel","Happy Flower","Bag of Preparation","Ectoplasm"],"potions_floor_usage":[16],"damage_taken":[{"damage":0.0,"enemies":"2 Louse","floor":1.0,"turns":3.0},{"damage":0.0,"enemies":"Small Slimes","floor":3.0,"turns":3.0},{"damage":1.0,"enemies":"Jaw Worm","floor":5.0,"turns":5.0},{"damage":7.0,"enemies":"Blue Slaver","floor":7.0,"turns":5.0},{"damage":8.0,"enemies":"Gremlin Gang","floor":8.0,"turns":5.0},{"damage":19.0,"enemies":"3 Sentries","floor":10.0,"turns":12.0},{"damage":5,"enemies":"The Guardian","floor":16,"turns":13},{"damage":50,"enemies":"3 Byrds","floor":18,"turns":7},{"damage":16,"enemies":"Chosen","floor":19,"turns":6}],"seed_played":"-1704259053349902763","potions_obtained":[{"floor":1.0,"key":"GamblersBrew"},{"floor":5.0,"key":"PowerPotion"},{"floor":7.0,"key":"DuplicationPotion"},{"floor":16,"key":"FearPotion"}],"is_trial":false,"path_per_floor":["M","?","M","?","M","R","M","M","T","E","?","R","$","?","R","B",null,"M","M"],"character_chosen":"WATCHER","items_purchased":["Happy Flower","Bag of Preparation","ForeignInfluence"],"campfire_rested":2,"item_purchase_floors":[13,13,13],"current_hp_per_floor":[59,47,47,36,35,35,28,20,20,1,1,18,18,18,35,30,59,9,0],"gold":245,"neow_bonus":"TWO_FIFTY_GOLD","is_prod":false,"is_daily":false,"chose_seed":false,"campfire_upgraded":1,"win_rate":0.0,"timestamp":1569533175,"path_taken":["M","?","M","?","M","R","M","M","T","E","?","R","$","?","R","BOSS","M","M"],"build_version":"2019-09-25","purchased_purges":1,"victory":false,"max_hp_per_floor":[59,59,59,59,59,59,59,59,59,59,59,59,59,59,59,59,59,59,59],"card_choices":[{"not_picked":["FlowState","Collect"],"picked":"Protect","floor":1.0},{"not_picked":["InnerPeace","WreathOfFlame"],"picked":"Devotion","floor":3.0},{"not_picked":["CutThroughFate","ThirdEye"],"picked":"MentalFortress","floor":5.0},{"not_picked":["InnerPeace","BowlingBash","EmptyFist"],"picked":"SKIP","floor":7.0},{"not_picked":["BowlingBash","EmptyBody","SashWhip"],"picked":"SKIP","floor":8.0},{"not_picked":["FollowUp","SashWhip","EmptyBody"],"picked":"SKIP","floor":10.0},{"not_picked":["SignatureMove","Blasphemy"],"picked":"DevaForm","floor":16},{"not_picked":["EmptyBody","InnerPeace"],"picked":"Consecrate","floor":18}],"player_experience":235762,"relics_obtained":[{"floor":9.0,"key":"Bottled Tornado"},{"floor":10.0,"key":"Shovel"}],"event_choices":[{"damage_healed":0.0,"max_hp_gain":0.0,"max_hp_loss":0.0,"gold_gain":0.0,"event_name":"Shining Light","player_choice":"Entered Light","floor":2.0,"gold_loss":0.0,"damage_taken":12.0,"cards_upgraded":["Strike_P","Vigilance"]},{"damage_healed":0.0,"max_hp_gain":0.0,"max_hp_loss":0.0,"gold_gain":75.0,"event_name":"World of Goop","player_choice":"Gather Gold","floor":4.0,"gold_loss":0.0,"damage_taken":11.0},{"damage_healed":0.0,"max_hp_gain":0.0,"max_hp_loss":0.0,"gold_gain":0.0,"event_name":"Golden Idol","player_choice":"Ignored","floor":11.0,"gold_loss":0.0,"damage_taken":0.0},{"damage_healed":0.0,"max_hp_gain":0.0,"max_hp_loss":0.0,"gold_gain":0.0,"event_name":"Liars Game","player_choice":"Ignored","floor":14.0,"gold_loss":0.0,"damage_taken":0.0}],"is_beta":true,"boss_relics":[{"not_picked":["Calling Bell","VioletLotus"],"picked":"Ectoplasm"}],"items_purged_floors":[13],"is_endless":false,"potions_floor_spawned":[1,5,7,16],"killed_by":"Chosen","ascension_level":0}