{"gold_per_floor":[19,31,47,62,62,89,104,104,104,119,194,234,250,263,263,388,388,408,34,55,4,4,47,61,61,108,58,74,74,74,135,135,135],"floor_reached":33,"playtime":1432,"items_purged":["Strike_P","Strike_P"],"score":391,"play_id":"7854f144-5105-4d9d-ac70-2e4611ff00dd","local_time":"20190927145331","is_ascension_mode":true,"campfire_choices":[{"data":"Eruption","floor":15.0,"key":"SMITH"},{"data":"1","floor":25.0,"key":"LIFT"},{"data":"2","floor":29.0,"key":"LIFT"},{"data":"3","floor":32.0,"key":"LIFT"}],"neow_cost":"NO_GOLD","seed_source_timestamp":258943460344177,"circlet_count":0,"master_deck":["Defend_P","Defend_P","Defend_P","Eruption+1","Vigilance+1","LessonLearned+1","Weave+1","BattleHymn","Vault","Protect","Crescendo","CutThroughFate","SashWhip","Consecrate","Ragnarok","Brilliance+1","Crescendo+1","Crescendo+1","Conclude","Dramatic Entrance","Weave+1","Halt+1","ClearTheMind+1","Bite","Bite","Bite","Bite","Bite","ClearTheMind+1"],"special_seed":0,"relics":["PureWater","FossilizedHelix","Golden Idol","Bottled Lightning","Pen Nib","Astrolabe","Membership Card","TungstenRod","Du-Vu Doll","Girya","Juzu Bracelet","Tiny Chest"],"potions_floor_usage":[],"damage_taken":[{"damage":0.0,"enemies":"Cultist","floor":1.0,"turns":3.0},{"damage":1.0,"enemies":"Jaw Worm","floor":2.0,"turns":5.0},{"damage":5.0,"enemies":"Small Slimes","floor":3.0,"turns":3.0},{"damage":0.0,"enemies":"Looter","floor":4.0,"turns":3.0},{"damage":18.0,"enemies":"3 Sentries","floor":6.0,"turns":6.0},{"damage":1.0,"enemies":"Exordium Thugs","floor":7.0,"turns":4.0},{"damage":0.0,"enemies":"3 Louse","floor":10.0,"turns":2.0},{"damage":0.0,"enemies":"Gremlin Nob","floor":12.0,"turns":3.0},{"damage":0.0,"enemies":"Looter","floor":13.0,"turns":3.0},{"damage":0.0,"enemies":"2 Fungi Beasts","floor":14.0,"turns":3.0},{"damage":20.0,"enemies":"Hexaghost","floor":16.0,"turns":7.0},{"damage":3.0,"enemies":"2 Thieves","floor":18.0,"turns":4.0},{"damage":38.0,"enemies":"Spheric Guardian","floor":20.0,"turns":4.0},{"damage":0.0,"enemies":"Book of Stabbing","floor":23.0,"turns":3.0},{"damage":0.0,"enemies":"Snake Plant","floor":24.0,"turns":4.0},{"damage":0.0,"enemies":"Cultist and Chosen","floor":28.0,"turns":3.0},{"damage":35.0,"enemies":"Slavers","floor":31.0,"turns":3.0},{"damage":41,"enemies":"Automaton","floor":33,"turns":4}],"seed_played":"-3213979061603600075","potions_obtained":[{"floor":4.0,"key":"StancePotion"},{"floor":6.0,"key":"Ancient Potion"},{"floor":10.0,"key":"PowerPotion"},{"floor":12.0,"key":"SkillPotion"},{"floor":16.0,"key":"DuplicationPotion"},{"floor":23.0,"key":"GamblersBrew"},{"floor":28.0,"key":"Fire Potion"},{"floor":31.0,"key":"Explosive Potion"}],"is_trial":false,"path_per_floor":["M","M","M","M","?","E","M","?","T","M","?","E","M","M","R","B",null,"M","$","M","?","$","E","M","R","T","$","M","R","?","E","R","B"],"character_chosen":"WATCHER","items_purchased":["Membership Card","TungstenRod","Dramatic Entrance"],"campfire_rested":0,"item_purchase_floors":[19,19,19],"current_hp_per_floor":[72,71,66,66,66,48,47,47,47,47,36,36,36,36,36,16,67,64,64,26,26,26,26,38,38,38,38,38,38,38,25,25,0],"gold":135,"neow_bonus":"THREE_RARE_CARDS","is_prod":false,"is_daily":false,"chose_seed":false,"campfire_upgraded":1,"win_rate":0,"timestamp":1569588811,"path_taken":["M","M","M","M","?","E","M","?","T","M","?","E","M","M","R","BOSS","M","$","M","?","$","E","M","R","T","?","M","R","?","E","R","BOSS"],"build_version":"2019-09-26","purchased_purges":2,"victory":false,"max_hp_per_floor":[72,72,72,72,72,72,72,67,67,67,67,67,67,67,67,67,67,67,67,67,67,67,67,67,67,67,67,67,67,46,46,46,46],"card_choices":[{"not_picked":["Brilliance","SignatureMove"],"picked":"LessonLearned","floor":0.0},{"not_picked":["Sanctity","BowlingBash"],"picked":"Weave","floor":1.0},{"not_picked":["CarveReality","CutThroughFate"],"picked":"BattleHymn","floor":2.0},{"not_picked":["Evaluate","FollowUp"],"picked":"Vault","floor":3.0},{"not_picked":["Halt","CrushJoints","BowlingBash"],"picked":"SKIP","floor":4.0},{"not_picked":["Wallop","Perseverance"],"picked":"Protect","floor":6.0},{"not_picked":["InnerPeace","Sanctity"],"picked":"Crescendo","floor":7.0},{"not_picked":["CleanseEvil","CarveReality"],"picked":"CutThroughFate","floor":10.0},{"not_picked":["Sanctity","TalkToTheHand"],"picked":"SashWhip","floor":12.0},{"not_picked":["EmptyFist","Alpha","CrushJoints"],"picked":"SKIP","floor":13.0},{"not_picked":["SandsOfTime","EmptyMind"],"picked":"Consecrate","floor":14.0},{"not_picked":["Pray","SignatureMove"],"picked":"Ragnarok","floor":16.0},{"not_picked":["Devotion+1","Collect"],"picked":"Conclude","floor":18.0},{"not_picked":["FearNoEvil","EmptyBody","Prostrate"],"picked":"SKIP","floor":20.0},{"not_picked":["EmptyFist","Prostrate"],"picked":"Weave+1","floor":23.0},{"not_picked":["FlurryOfBlows","Evaluate+1"],"picked":"Halt+1","floor":24.0},{"not_picked":["Devotion+1","JustLucky"],"picked":"ClearTheMind+1","floor":28.0},{"not_picked":["Halt","EmptyFist+1"],"picked":"ClearTheMind+1","floor":31.0}],"player_experience":256040,"relics_obtained":[{"floor":6.0,"key":"FossilizedHelix"},{"floor":9.0,"key":"Bottled Lightning"},{"floor":12.0,"key":"Pen Nib"},{"floor":23.0,"key":"Girya"},{"floor":26.0,"key":"Juzu Bracelet"},{"floor":31.0,"key":"Tiny Chest"}],"event_choices":[{"damage_healed":0.0,"max_hp_gain":0.0,"max_hp_loss":0.0,"gold_gain":0.0,"event_name":"Liars Game","player_choice":"Ignored","floor":5.0,"gold_loss":0.0,"damage_taken":0.0},{"damage_healed":0.0,"max_hp_gain":0.0,"max_hp_loss":5.0,"gold_gain":0.0,"event_name":"Golden Idol","player_choice":"Lose Max HP","floor":8.0,"gold_loss":0.0,"damage_taken":0.0,"relics_obtained":["Golden Idol"]},{"damage_healed":0.0,"max_hp_gain":0.0,"max_hp_loss":0.0,"gold_gain":75.0,"event_name":"World of Goop","player_choice":"Gather Gold","floor":11.0,"gold_loss":0.0,"damage_taken":11.0},{"damage_healed":0.0,"max_hp_gain":0.0,"max_hp_loss":0.0,"gold_gain":0.0,"event_name":"WeMeetAgain","player_choice":"Paid Gold","floor":21.0,"gold_loss":51.0,"damage_taken":0.0,"relics_obtained":["Du-Vu Doll"]},{"damage_healed":0.0,"max_hp_gain":0.0,"max_hp_loss":21.0,"gold_gain":0.0,"event_name":"Vampires","player_choice":"Became a vampire","floor":30.0,"gold_loss":0.0,"damage_taken":0.0,"cards_obtained":["Bite","Bite","Bite","Bite","Bite"]}],"is_beta":true,"boss_relics":[{"not_picked":["Coffee Dripper","Runic Dome"],"picked":"Astrolabe"}],"items_purged_floors":[19,27],"is_endless":false,"potions_floor_spawned":[4,6,10,12,14,16,20,23,28,31],"killed_by":"Automaton","ascension_level":1}