{"gold_per_floor":[109,284,234,5,23,51,51,76,76,76,93,118,118,137,137,237,287,298,313,328,29,44,75,75,85,85,85],"floor_reached":27,"playtime":936,"items_purged":["Doubt","Strike_R"],"score":389,"play_id":"59b744e5-eb70-4aa5-8fc1-520decb94b00","local_time":"20190904170521","is_ascension_mode":true,"campfire_choices":[{"data":"Rampage","floor":7.0,"key":"SMITH"},{"data":"Bash","floor":10.0,"key":"SMITH"},{"data":"Heavy Blade","floor":13.0,"key":"SMITH"},{"data":"Anger","floor":15.0,"key":"SMITH"},{"floor":24,"key":"REST"}],"neow_cost":"NONE","seed_source_timestamp":264875987737560,"circlet_count":0,"master_deck":["Strike_R","Strike_R+1","Strike_R","Defend_R+1","Defend_R","Defend_R+1","Defend_R","Bash+1","Heavy Blade+1","Anger+1","Rampage+1","Carnage","Warcry+1","Flex+1","Shrug It Off+1","Impervious+1","Sword Boomerang","Body Slam+1","Armaments+1","Impervious+1","Body Slam+1"],"special_seed":0,"relics":["Burning Blood","NeowsBlessing","Membership Card","Toxic Egg 2","Bird Faced Urn","Gremlin Horn","War Paint","Tiny House","Shuriken","HandDrill","Unceasing Top","Ginger"],"potions_floor_usage":[23,23,25],"damage_taken":[{"damage":0.0,"enemies":"2 Louse","floor":1.0,"turns":1.0},{"damage":0.0,"enemies":"Jaw Worm","floor":5.0,"turns":1.0},{"damage":0.0,"enemies":"Lagavulin","floor":6.0,"turns":1.0},{"damage":40.0,"enemies":"3 Sentries","floor":8.0,"turns":8.0},{"damage":6.0,"enemies":"Cultist","floor":11.0,"turns":3.0},{"damage":16.0,"enemies":"Gremlin Nob","floor":12.0,"turns":3.0},{"damage":0.0,"enemies":"Exordium Wildlife","floor":14.0,"turns":1.0},{"damage":27.0,"enemies":"Hexaghost","floor":16.0,"turns":8.0},{"damage":6.0,"enemies":"3 Byrds","floor":18.0,"turns":4.0},{"damage":12.0,"enemies":"Chosen","floor":19.0,"turns":3.0},{"damage":13.0,"enemies":"3 Cultists","floor":20.0,"turns":6.0},{"damage":29.0,"enemies":"Snecko","floor":22.0,"turns":7.0},{"damage":44,"enemies":"Book of Stabbing","floor":23,"turns":7},{"damage":28,"enemies":"Centurion and Healer","floor":25,"turns":8},{"damage":29,"enemies":"Slavers","floor":27,"turns":1}],"seed_played":"8833268529410872817","potions_obtained":[{"floor":5.0,"key":"Strength Potion"},{"floor":8.0,"key":"Strength Potion"},{"floor":11.0,"key":"Explosive Potion"},{"floor":14.0,"key":"SteroidPotion"},{"floor":16.0,"key":"BloodPotion"},{"floor":17.0,"key":"LiquidBronze"},{"floor":18.0,"key":"EssenceOfSteel"},{"floor":23,"key":"Explosive Potion"},{"floor":25,"key":"BloodPotion"}],"is_trial":false,"path_per_floor":["M","?","?","$","M","E","R","E","T","R","M","E","R","M","R","B",null,"M","M","M","$","M","E","R","M","T","E"],"character_chosen":"IRONCLAD","items_purchased":["Membership Card","Shuriken","Armaments+1","HandDrill"],"campfire_rested":1,"item_purchase_floors":[4,21,21,21],"current_hp_per_floor":[78,78,78,78,80,80,80,46,46,46,46,36,36,42,42,21,70,70,64,57,57,34,17,42,20,20,0],"gold":85,"neow_bonus":"THREE_ENEMY_KILL","is_prod":false,"is_daily":false,"chose_seed":false,"campfire_upgraded":4,"win_rate":0,"timestamp":1567634721,"path_taken":["M","?","?","$","M","E","R","E","T","R","M","E","R","M","R","BOSS","M","M","M","$","M","E","R","M","T","E"],"build_version":"2019-07-17","purchased_purges":2,"victory":false,"max_hp_per_floor":[80,80,80,80,80,80,80,80,80,80,80,80,80,80,80,80,85,85,85,85,85,85,85,85,85,85,85],"card_choices":[{"not_picked":["Clash","True Grit"],"picked":"Heavy Blade","floor":1.0},{"not_picked":["Whirlwind","Blood for Blood"],"picked":"Anger","floor":5.0},{"not_picked":["Dropkick","Clothesline"],"picked":"Rampage","floor":6.0},{"not_picked":["Exhume+1","Feel No Pain"],"picked":"Carnage","floor":8.0},{"not_picked":["Anger","Bloodletting+1"],"picked":"Warcry+1","floor":11.0},{"not_picked":["Perfected Strike","Sword Boomerang"],"picked":"Flex+1","floor":12.0},{"not_picked":["Reckless Charge","Sword Boomerang"],"picked":"Shrug It Off+1","floor":14.0},{"not_picked":["Dark Embrace","Bludgeon"],"picked":"Impervious+1","floor":16.0},{"not_picked":["Wild Strike","Carnage"],"picked":"Sword Boomerang","floor":17.0},{"not_picked":["Metallicize+1","Iron Wave+1"],"picked":"Body Slam+1","floor":18.0},{"not_picked":["Clash","Brutality","Wild Strike"],"picked":"SKIP","floor":19.0},{"not_picked":["Clash","Warcry+1","Dual Wield+1"],"picked":"SKIP","floor":20.0},{"not_picked":["Fire Breathing","Wild Strike+1"],"picked":"Impervious+1","floor":22.0},{"not_picked":["Havoc+1","Carnage+1","Rage+1"],"picked":"SKIP","floor":23},{"not_picked":["Flex+1","Heavy Blade"],"picked":"Body Slam+1","floor":25}],"player_experience":240090,"relics_obtained":[{"floor":6.0,"key":"Toxic Egg 2"},{"floor":8.0,"key":"Bird Faced Urn"},{"floor":9.0,"key":"Gremlin Horn"},{"floor":12.0,"key":"War Paint"},{"floor":23,"key":"Unceasing Top"},{"floor":26,"key":"Ginger"}],"event_choices":[{"damage_healed":0.0,"max_hp_gain":0.0,"max_hp_loss":0.0,"gold_gain":175.0,"event_name":"Liars Game","player_choice":"AGREE","floor":2.0,"gold_loss":0.0,"damage_taken":0.0,"cards_obtained":["Doubt"]},{"cards_removed":["Strike_R"],"damage_healed":0.0,"max_hp_gain":0.0,"max_hp_loss":0.0,"gold_gain":0.0,"event_name":"The Cleric","player_choice":"Card Removal","floor":3.0,"gold_loss":50.0,"damage_taken":0.0}],"is_beta":false,"boss_relics":[{"not_picked":["Mark of Pain","Sozu"],"picked":"Tiny House"}],"items_purged_floors":[4,21],"is_endless":false,"potions_floor_spawned":[5,8,11,14,16,18,19,23,25],"killed_by":"Slavers","ascension_level":8}