{"gold_per_floor":[115,135,148,148,158,158,172,201,201,201,217,61,90,109,109,213,213,226,11,15,290,290,317,38,38,38,38],"floor_reached":27,"playtime":1221,"items_purged":["Strike_R"],"score":375,"play_id":"d3d8cb80-662b-4990-9a56-26c4d26428e2","local_time":"20190911205545","is_ascension_mode":true,"campfire_choices":[{"data":"Armaments","floor":6,"key":"SMITH"},{"data":"Shrug It Off","floor":10,"key":"SMITH"},{"data":"Shockwave","floor":15,"key":"SMITH"},{"data":"Combust","floor":25,"key":"SMITH"}],"neow_cost":"NONE","seed_source_timestamp":86900995394833,"circlet_count":0,"master_deck":["Strike_R","Defend_R","Defend_R","Defend_R","Defend_R","Bash","Infernal Blade","Shockwave+1","Armaments+1","Thunderclap","Shrug It Off+1","Battle Trance","Pommel Strike","Exhume","Bludgeon","Brutality+1","Sword Boomerang+1","Iron Wave+1","Combust+1"],"relics":["Burning Blood","Juzu Bracelet","Sundial","Omamori","Meat on the Bone","Astrolabe","Oddly Smooth Stone","Matryoshka","TheAbacus","Happy Flower"],"potions_floor_usage":[8,13,16,20,23,23,27],"damage_taken":[{"damage":2,"enemies":"2 Louse","floor":1,"turns":4},{"damage":1,"enemies":"Cultist","floor":2,"turns":3},{"damage":5,"enemies":"Small Slimes","floor":3,"turns":3},{"damage":6,"enemies":"3 Louse","floor":5,"turns":6},{"damage":13,"enemies":"Exordium Wildlife","floor":7,"turns":4},{"damage":0,"enemies":"Lagavulin","floor":8,"turns":9},{"damage":3,"enemies":"2 Fungi Beasts","floor":11,"turns":3},{"damage":11,"enemies":"3 Sentries","floor":13,"turns":8},{"damage":9,"enemies":"Red Slaver","floor":14,"turns":2},{"damage":38,"enemies":"Slime Boss","floor":16,"turns":15},{"damage":8,"enemies":"3 Byrds","floor":18,"turns":5},{"damage":20,"enemies":"2 Thieves","floor":20,"turns":4},{"damage":47,"enemies":"Gremlin Leader","floor":23,"turns":6},{"damage":41,"enemies":"Slavers","floor":27,"turns":3}],"seed_played":"7556343732135097402","potions_obtained":[{"floor":2,"key":"PowerPotion"},{"floor":3,"key":"Dexterity Potion"},{"floor":5,"key":"Explosive Potion"},{"floor":13,"key":"FearPotion"},{"floor":14,"key":"PowerPotion"},{"floor":16,"key":"Dexterity Potion"}],"is_trial":false,"path_per_floor":["M","M","M","?","M","R","M","E","T","R","M","$","E","M","R","B",null,"M","$","M","?","?","E","$","R","T","E"],"character_chosen":"IRONCLAD","items_purchased":["Omamori","Combust","Oddly Smooth Stone","TheAbacus","PowerPotion"],"campfire_rested":0,"item_purchase_floors":[12,19,19,24,24],"current_hp_per_floor":[84,88,88,88,88,88,81,87,87,87,88,88,83,80,80,60,81,79,79,65,65,65,36,36,36,36,0],"gold":38,"neow_bonus":"TEN_PERCENT_HP_BONUS","is_prod":false,"is_daily":false,"chose_seed":false,"campfire_upgraded":4,"win_rate":0,"timestamp":1568253345,"path_taken":["M","M","M","?","M","R","M","E","T","R","M","$","E","M","R","BOSS","M","$","M","?","?","E","$","R","T","E"],"build_version":"2019-09-10","purchased_purges":1,"victory":false,"max_hp_per_floor":[88,88,88,88,88,88,88,88,88,88,88,88,88,88,88,88,88,88,88,88,88,88,88,88,88,88,88],"card_choices":[{"not_picked":["Flex","Seeing Red"],"picked":"Infernal Blade","floor":1},{"not_picked":["Feel No Pain","Infernal Blade"],"picked":"Shockwave","floor":2},{"not_picked":["Flex","Cleave"],"picked":"Armaments","floor":3},{"not_picked":["Carnage","Sword Boomerang"],"picked":"Thunderclap","floor":5},{"not_picked":["Power Through","Bloodletting"],"picked":"Shrug It Off","floor":7},{"not_picked":["Sever Soul","Corruption"],"picked":"Battle Trance","floor":8},{"not_picked":["Bloodletting","Shockwave","Battle Trance"],"picked":"SKIP","floor":11},{"not_picked":["Heavy Blade","Sword Boomerang"],"picked":"Pommel Strike","floor":13},{"not_picked":["Havoc","Cleave"],"picked":"Exhume","floor":14},{"not_picked":["Exhume","Double Tap"],"picked":"Bludgeon","floor":16},{"not_picked":["Perfected Strike","Shrug It Off","Iron Wave"],"picked":"SKIP","floor":18},{"not_picked":["Sword Boomerang","Warcry","Body Slam+1"],"picked":"SKIP","floor":20},{"not_picked":["Thunderclap+1","Armaments+1","Dark Embrace"],"picked":"SKIP","floor":23}],"player_experience":266804,"relics_obtained":[{"floor":8,"key":"Juzu Bracelet"},{"floor":9,"key":"Sundial"},{"floor":13,"key":"Meat on the Bone"},{"floor":23,"key":"Matryoshka"},{"floor":26,"key":"Happy Flower"}],"event_choices":[{"damage_healed":0,"gold_gain":0,"player_choice":"Bought 0 Potions","damage_taken":0,"max_hp_gain":0,"max_hp_loss":0,"event_name":"The Woman in Blue","floor":4,"gold_loss":0},{"damage_healed":0,"gold_gain":275,"player_choice":"Desecrate","damage_taken":0,"max_hp_gain":0,"max_hp_loss":0,"event_name":"Golden Shrine","floor":21,"gold_loss":0,"cards_obtained":["Regret"]},{"damage_healed":0,"gold_gain":0,"player_choice":"Ignored","damage_taken":0,"max_hp_gain":0,"max_hp_loss":0,"event_name":"Ghosts","floor":22,"gold_loss":0}],"is_beta":true,"boss_relics":[{"not_picked":["Coffee Dripper","Ectoplasm"],"picked":"Astrolabe"}],"items_purged_floors":[24],"is_endless":false,"potions_floor_spawned":[2,3,5,13,14,16,18],"killed_by":"Slavers","ascension_level":8}