{"gold_per_floor":[109,119,119,131,142,142,172,172,196,196,471,505,522,538,538,538],"floor_reached":16,"playtime":672,"items_purged":[],"score":134,"play_id":"043f7b65-d906-4370-a06e-29c058b26a1c","local_time":"20190812185803","is_ascension_mode":true,"campfire_choices":[{"data":"Evolve","floor":6,"key":"SMITH"},{"data":"Perfected Strike","floor":10,"key":"SMITH"},{"data":"Shockwave","floor":15,"key":"SMITH"}],"neow_cost":"NONE","seed_source_timestamp":39060522966047,"circlet_count":0,"master_deck":["Strike_R","Strike_R","Strike_R","Strike_R","Strike_R+1","Defend_R+1","Defend_R","Defend_R","Defend_R+1","Bash","Evolve+1","Cleave+1","Pommel Strike+1","Perfected Strike+1","Spot Weakness","Regret","Shockwave+1","Headbutt","Pommel Strike"],"relics":["Burning Blood","Bag of Marbles","War Paint"],"potions_floor_usage":[5,12,12,16,16],"damage_taken":[{"damage":6,"enemies":"2 Louse","floor":1,"turns":3},{"damage":6,"enemies":"Cultist","floor":2,"turns":4},{"damage":7,"enemies":"Small Slimes","floor":4,"turns":4},{"damage":12,"enemies":"Exordium Thugs","floor":5,"turns":3},{"damage":20,"enemies":"Gremlin Nob","floor":7,"turns":4},{"damage":24,"enemies":"Lagavulin","floor":12,"turns":3},{"damage":7,"enemies":"2 Fungi Beasts","floor":13,"turns":3},{"damage":0,"enemies":"3 Louse","floor":14,"turns":1},{"damage":37,"enemies":"The Guardian","floor":16,"turns":8}],"seed_played":"-4486824760821279728","potions_obtained":[{"floor":1,"key":"Explosive Potion"},{"floor":2,"key":"FearPotion"},{"floor":4,"key":"LiquidBronze"},{"floor":13,"key":"Ancient Potion"},{"floor":14,"key":"FearPotion"}],"is_trial":false,"path_per_floor":["M","M","?","M","M","R","E","?","T","R","?","E","M","M","R","B"],"character_chosen":"IRONCLAD","items_purchased":[],"campfire_rested":0,"item_purchase_floors":[],"current_hp_per_floor":[88,88,88,87,81,81,67,49,49,49,49,31,30,36,36,0],"gold":538,"neow_bonus":"TEN_PERCENT_HP_BONUS","is_prod":false,"is_daily":false,"chose_seed":false,"campfire_upgraded":3,"win_rate":0,"timestamp":1565654283,"path_taken":["M","M","?","M","M","R","E","?","T","R","?","E","M","?","R","BOSS"],"build_version":"2019-07-17","purchased_purges":0,"victory":false,"max_hp_per_floor":[88,88,88,88,88,88,88,88,88,88,88,88,88,88,88,88],"card_choices":[{"not_picked":["Disarm","Battle Trance"],"picked":"Evolve","floor":1},{"not_picked":["Twin Strike","Shrug It Off"],"picked":"Cleave","floor":2},{"not_picked":["Evolve","Body Slam"],"picked":"Pommel Strike","floor":4},{"not_picked":["Pommel Strike","Burning Pact"],"picked":"Perfected Strike","floor":5},{"not_picked":["Metallicize","Cleave"],"picked":"Spot Weakness","floor":7},{"not_picked":["Feel No Pain","Thunderclap"],"picked":"Shockwave","floor":12},{"not_picked":["Havoc","Warcry"],"picked":"Headbutt","floor":13},{"not_picked":["Sever Soul","Warcry"],"picked":"Pommel Strike","floor":14}],"player_experience":136778,"relics_obtained":[{"floor":7,"key":"Bag of Marbles"},{"floor":12,"key":"War Paint"}],"event_choices":[{"damage_healed":0,"gold_gain":0,"player_choice":"Grow","damage_taken":0,"max_hp_gain":0,"max_hp_loss":0,"event_name":"Living Wall","floor":3,"gold_loss":0,"cards_upgraded":["Cleave"]},{"damage_healed":0,"gold_gain":0,"player_choice":"Entered Light","damage_taken":18,"max_hp_gain":0,"max_hp_loss":0,"event_name":"Shining Light","floor":8,"gold_loss":0,"cards_upgraded":["Pommel Strike","Strike_R"]},{"damage_healed":0,"gold_gain":275,"player_choice":"Desecrate","damage_taken":0,"max_hp_gain":0,"max_hp_loss":0,"event_name":"Golden Shrine","floor":11,"gold_loss":0,"cards_obtained":["Regret"]}],"is_beta":false,"boss_relics":[],"items_purged_floors":[],"is_endless":false,"potions_floor_spawned":[1,2,4,13,14],"killed_by":"The Guardian","ascension_level":4}