{"gold_per_floor":[111,130,145,155,170,170,180,195,195,270,285,42,42,54,54,153,153,165,80,93,105,116,116,134,146,146,164,89,106,125,125,125,225,225,235,246,246,257,257],"floor_reached":39,"playtime":2930,"items_purged":[],"score":387,"play_id":"742dabf9-12d5-419f-b2af-ec02efbd3537","local_time":"20190718203903","is_ascension_mode":false,"campfire_choices":[{"data":"Flex","floor":6,"key":"SMITH"},{"data":"Anger","floor":13,"key":"SMITH"},{"data":"Anger","floor":15,"key":"SMITH"},{"data":"Demon Form","floor":23,"key":"SMITH"},{"floor":32,"key":"REST"}],"neow_cost":"","seed_source_timestamp":636317473485095,"circlet_count":0,"master_deck":["Strike_R","Strike_R","Strike_R","Defend_R","Bash","Metallicize","Anger+1","Twin Strike","Anger+1","Flex+1","Rupture","Armaments+1","Reckless Charge","Flame Barrier+1","Demon Form+1","Infernal Blade+1","Bludgeon+1","Barricade+1","Iron Wave","Clothesline+1","Shockwave+1","Inflame+1","Carnage+1","Pummel+1","Flex","Intimidate","True Grit","Dark Embrace","Sever Soul+1","True Grit+1","Bash","Pommel Strike+1"],"relics":["Burning Blood","Charon\u0027s Ashes","Ornamental Fan","Astrolabe","War Paint","Shuriken","Black Star"],"potions_floor_usage":[11,16,21,25,25,30,30,33,38,39,39,39,39],"damage_taken":[{"damage":1,"enemies":"Jaw Worm","floor":1,"turns":3},{"damage":11,"enemies":"Small Slimes","floor":2,"turns":4},{"damage":10,"enemies":"2 Louse","floor":3,"turns":2},{"damage":11,"enemies":"Exordium Wildlife","floor":4,"turns":3},{"damage":6,"enemies":"Gremlin Gang","floor":5,"turns":5},{"damage":5,"enemies":"Looter","floor":7,"turns":2},{"damage":3,"enemies":"3 Louse","floor":8,"turns":2},{"damage":11,"enemies":"Red Slaver","floor":11,"turns":3},{"damage":6,"enemies":"Looter","floor":14,"turns":3},{"damage":42,"enemies":"The Guardian","floor":16,"turns":10},{"damage":3,"enemies":"3 Byrds","floor":18,"turns":2},{"damage":21,"enemies":"2 Thieves","floor":20,"turns":4},{"damage":20,"enemies":"3 Cultists","floor":21,"turns":4},{"damage":3,"enemies":"Cultist and Chosen","floor":22,"turns":5},{"damage":32,"enemies":"Sentry and Sphere","floor":24,"turns":4},{"damage":6,"enemies":"3 Cultists","floor":25,"turns":5},{"damage":20,"enemies":"Centurion and Healer","floor":27,"turns":4},{"damage":6,"enemies":"Snake Plant","floor":29,"turns":3},{"damage":13,"enemies":"3 Cultists","floor":30,"turns":5},{"damage":24,"enemies":"Champ","floor":33,"turns":11},{"damage":36,"enemies":"3 Darklings","floor":35,"turns":5},{"damage":24,"enemies":"3 Shapes","floor":36,"turns":5},{"damage":26,"enemies":"Spire Growth","floor":38,"turns":4},{"damage":12,"enemies":"Jaw Worm Horde","floor":39,"turns":2}],"seed_played":"6092379593342518567","potions_obtained":[{"floor":1,"key":"Weak Potion"},{"floor":2,"key":"Weak Potion"},{"floor":7,"key":"FearPotion"},{"floor":8,"key":"BloodPotion"},{"floor":14,"key":"Explosive Potion"},{"floor":21,"key":"LiquidBronze"},{"floor":22,"key":"SteroidPotion"},{"floor":24,"key":"Block Potion"},{"floor":29,"key":"Weak Potion"},{"floor":30,"key":"Swift Potion"},{"floor":36,"key":"PowerPotion"},{"floor":38,"key":"EntropicBrew"}],"is_trial":false,"path_per_floor":["M","M","M","M","M","R","M","M","T","?","M","$","R","M","R","B",null,"M","?","M","M","M","R","M","M","T","M","?","M","M","?","R","B",null,"M","M","?","M","M"],"character_chosen":"IRONCLAD","items_purchased":["Ornamental Fan"],"campfire_rested":1,"item_purchase_floors":[12],"current_hp_per_floor":[80,75,71,66,66,66,67,70,70,59,74,74,74,74,74,38,80,80,80,65,51,54,54,28,28,28,14,14,14,7,7,31,13,80,50,32,32,12,0],"gold":257,"neow_bonus":"","is_prod":false,"is_daily":false,"chose_seed":false,"campfire_upgraded":4,"win_rate":0.0,"timestamp":1563500343,"path_taken":["M","M","M","M","M","R","M","M","T","?","M","$","R","M","R","BOSS","M","?","M","M","M","R","M","M","T","M","?","M","M","?","R","BOSS","M","M","?","?","M"],"build_version":"2019-07-17","purchased_purges":0,"victory":false,"max_hp_per_floor":[80,80,80,80,80,80,80,80,80,80,80,80,80,80,80,80,80,80,80,80,80,80,80,80,80,80,80,80,80,80,80,80,80,80,80,80,80,80,80],"card_choices":[{"not_picked":["Pummel","Headbutt"],"picked":"Metallicize","floor":1},{"not_picked":["Dual Wield","Iron Wave"],"picked":"Anger","floor":2},{"not_picked":["Body Slam","Battle Trance"],"picked":"Twin Strike","floor":3},{"not_picked":["Pommel Strike","Headbutt"],"picked":"Anger","floor":4},{"not_picked":["Iron Wave","Clash"],"picked":"Flex","floor":5},{"not_picked":["Shrug It Off","Reaper"],"picked":"Rupture","floor":7},{"not_picked":["Pommel Strike","Ghostly Armor"],"picked":"Armaments","floor":8},{"not_picked":["Headbutt","Shrug It Off"],"picked":"Reckless Charge","floor":11},{"not_picked":["Dropkick","Sword Boomerang"],"picked":"Flame Barrier","floor":14},{"not_picked":["Barricade","Dark Embrace"],"picked":"Demon Form","floor":16},{"not_picked":["Power Through+1","Warcry"],"picked":"Iron Wave","floor":18},{"not_picked":["Metallicize","Anger+1"],"picked":"Clothesline+1","floor":20},{"not_picked":["Armaments","Perfected Strike+1"],"picked":"Shockwave+1","floor":21},{"not_picked":["Infernal Blade","Sword Boomerang"],"picked":"Inflame+1","floor":22},{"not_picked":["Clash","Dropkick"],"picked":"Carnage+1","floor":24},{"not_picked":["Armaments","Shrug It Off"],"picked":"Pummel+1","floor":25},{"not_picked":["Thunderclap","Whirlwind"],"picked":"Flex","floor":27},{"not_picked":["Battle Trance+1","Warcry"],"picked":"Intimidate","floor":29},{"not_picked":["Pommel Strike","Perfected Strike"],"picked":"True Grit","floor":30},{"not_picked":["Impervious","Feed"],"picked":"Dark Embrace","floor":33},{"not_picked":["Shrug It Off+1","Headbutt+1"],"picked":"Sever Soul+1","floor":35},{"not_picked":["Armaments+1","Dropkick"],"picked":"True Grit+1","floor":36},{"not_picked":["Anger","Ghostly Armor"],"picked":"Pommel Strike+1","floor":38}],"player_experience":0,"relics_obtained":[{"floor":9,"key":"Charon\u0027s Ashes"},{"floor":26,"key":"Shuriken"}],"event_choices":[{"damage_healed":0,"gold_gain":75,"player_choice":"Gather Gold","damage_taken":11,"max_hp_gain":0,"max_hp_loss":0,"event_name":"World of Goop","floor":10,"gold_loss":0},{"damage_healed":0,"gold_gain":0,"player_choice":"Obtained Relic","damage_taken":0,"relics_obtained":["War Paint"],"max_hp_gain":0,"max_hp_loss":0,"event_name":"Addict","floor":19,"gold_loss":85},{"cards_removed":["Strike_R"],"damage_healed":0,"gold_gain":0,"player_choice":"Gave Gold","damage_taken":0,"max_hp_gain":0,"max_hp_loss":0,"event_name":"Beggar","floor":28,"gold_loss":75},{"cards_removed":["Strike_R"],"damage_healed":0,"gold_gain":0,"player_choice":"Elegance","damage_taken":0,"max_hp_gain":0,"max_hp_loss":0,"event_name":"Back to Basics","floor":31,"gold_loss":0},{"damage_healed":0,"gold_gain":0,"player_choice":"1 cards matched","damage_taken":0,"max_hp_gain":0,"max_hp_loss":0,"event_name":"Match and Keep!","floor":37,"gold_loss":0,"cards_obtained":["Bash"]}],"is_beta":false,"boss_relics":[{"not_picked":["Busted Crown","Eternal Feather"],"picked":"Astrolabe"},{"not_picked":["Runic Cube","Runic Pyramid"],"picked":"Black Star"}],"items_purged_floors":[],"is_endless":false,"potions_floor_spawned":[1,2,7,8,14,21,22,24,29,30,36,38],"killed_by":"Jaw Worm Horde","ascension_level":0}