{"gold_per_floor":[113,113,130,130,26,26,54,54,105,115,135,148,60,79,79,79],"floor_reached":16,"playtime":887,"items_purged":["Defend_B"],"score":199,"play_id":"6d5af4cb-2d30-4a53-8b94-08853c35e2de","local_time":"20190926154328","is_ascension_mode":true,"campfire_choices":[{"data":"Leap","floor":6.0,"key":"SMITH"},{"data":"Reinforced Body","floor":8.0,"key":"SMITH"},{"floor":15,"key":"REST"}],"neow_cost":"NONE","seed_source_timestamp":1533112356521685,"circlet_count":0,"master_deck":["AscendersBane","Strike_B","Strike_B","Strike_B","Defend_B","Defend_B","Defend_B","Zap","Dualcast","Reinforced Body+1","Leap+1","Chill","Ball Lightning","FTL","Biased Cognition","Self Repair"],"special_seed":0,"relics":["Cracked Core","Strawberry","Bronze Scales"],"potions_floor_usage":[14],"damage_taken":[{"damage":4.0,"enemies":"Jaw Worm","floor":1.0,"turns":3.0},{"damage":6.0,"enemies":"Small Slimes","floor":3.0,"turns":4.0},{"damage":31.0,"enemies":"Lagavulin","floor":7.0,"turns":8.0},{"damage":0.0,"enemies":"2 Louse","floor":10.0,"turns":2.0},{"damage":11.0,"enemies":"Looter","floor":11.0,"turns":2.0},{"damage":0.0,"enemies":"3 Louse","floor":12.0,"turns":3.0},{"damage":0,"enemies":"Exordium Thugs","floor":14,"turns":4},{"damage":45,"enemies":"Hexaghost","floor":16,"turns":9}],"seed_played":"1496108346809517466","potions_obtained":[{"floor":1.0,"key":"Weak Potion"},{"floor":3.0,"key":"Block Potion"},{"floor":11.0,"key":"AttackPotion"}],"is_trial":false,"path_per_floor":["M","?","M","?","$","R","E","R","T","M","M","M","$","M","R","B"],"character_chosen":"DEFECT","items_purchased":["Leap","Biased Cognition"],"campfire_rested":1,"item_purchase_floors":[5,13],"current_hp_per_floor":[67,67,61,54,54,54,30,30,30,30,19,19,19,19,44,0],"gold":79,"neow_bonus":"TEN_PERCENT_HP_BONUS","is_prod":false,"is_daily":false,"chose_seed":false,"campfire_upgraded":2,"win_rate":0,"timestamp":1569527008,"path_taken":["M","?","M","?","$","R","E","R","T","M","M","M","?","M","R","BOSS"],"build_version":"2019-07-17","purchased_purges":1,"victory":false,"max_hp_per_floor":[78,78,78,78,78,78,85,85,85,85,85,85,85,85,85,85],"card_choices":[{"not_picked":["Storm","Darkness","Chaos"],"picked":"SKIP","floor":1.0},{"not_picked":["Go for the Eyes","Rebound"],"picked":"Reinforced Body","floor":3.0},{"not_picked":["Loop","Sweeping Beam"],"picked":"Chill","floor":7.0},{"not_picked":["Hologram","Rebound"],"picked":"Ball Lightning","floor":10.0},{"not_picked":["Gash","Reinforced Body"],"picked":"FTL","floor":11.0},{"not_picked":["Gash","Sweeping Beam","Coolheaded"],"picked":"SKIP","floor":12.0},{"not_picked":["Consume","Doom and Gloom"],"picked":"Self Repair","floor":14}],"player_experience":458733,"relics_obtained":[{"floor":7.0,"key":"Strawberry"},{"floor":9.0,"key":"Bronze Scales"}],"event_choices":[{"damage_healed":0.0,"max_hp_gain":0.0,"max_hp_loss":0.0,"gold_gain":0.0,"event_name":"Scrap Ooze","player_choice":"Fled","floor":2.0,"gold_loss":0.0,"damage_taken":0.0},{"cards_removed":["Strike_B"],"damage_healed":0.0,"max_hp_gain":0.0,"max_hp_loss":0.0,"gold_gain":0.0,"event_name":"Golden Wing","player_choice":"Card Removal","floor":4.0,"gold_loss":0.0,"damage_taken":7.0}],"is_beta":false,"boss_relics":[],"items_purged_floors":[5],"is_endless":false,"potions_floor_spawned":[1,3,11],"killed_by":"Hexaghost","ascension_level":19}