{"gold_per_floor":[113,131,12,28,41,41,70,245,268,293,306,306,316,350,350,449,449,464,481,46,61,73,73,84,112,138,150],"floor_reached":27,"playtime":1419,"items_purged":[],"score":310,"play_id":"c0cc5bfd-30d3-46d5-a71d-c2d46ba9372e","local_time":"20190824165401","is_ascension_mode":true,"campfire_choices":[{"data":"Doom and Gloom","floor":6.0,"key":"SMITH"},{"data":"Darkness","floor":15.0,"key":"SMITH"},{"data":"Self Repair","floor":23.0,"key":"SMITH"}],"neow_cost":"NONE","seed_source_timestamp":382854809982548,"circlet_count":0,"master_deck":["Strike_B","Strike_B","Strike_B","Strike_B","Defend_B","Defend_B","Defend_B","Defend_B","Zap","Dualcast","Sweeping Beam","Ball Lightning","Doom and Gloom+1","Hologram","Leap","Self Repair+1","FTL","Cold Snap","Auto Shields","Darkness+1","Reboot","Cold Snap+1","Go for the Eyes","Self Repair+1","Redo+1"],"special_seed":0,"relics":["Cracked Core","Orichalcum","Boot","Lantern","Nunchaku","Inserter","Thread and Needle","Bag of Preparation","Omamori","MawBank"],"potions_floor_usage":[25,27],"damage_taken":[{"damage":1.0,"enemies":"Cultist","floor":1.0,"turns":3.0},{"damage":7.0,"enemies":"Jaw Worm","floor":2.0,"turns":3.0},{"damage":1.0,"enemies":"2 Louse","floor":4.0,"turns":3.0},{"damage":1.0,"enemies":"Looter","floor":5.0,"turns":3.0},{"damage":0.0,"enemies":"3 Sentries","floor":7.0,"turns":4.0},{"damage":13.0,"enemies":"Lagavulin","floor":10.0,"turns":5.0},{"damage":9.0,"enemies":"Exordium Thugs","floor":11.0,"turns":4.0},{"damage":0.0,"enemies":"Gremlin Gang","floor":13.0,"turns":3.0},{"damage":12.0,"enemies":"3 Sentries","floor":14.0,"turns":5.0},{"damage":48.0,"enemies":"The Guardian","floor":16.0,"turns":8.0},{"damage":30.0,"enemies":"Spheric Guardian","floor":18.0,"turns":6.0},{"damage":5.0,"enemies":"Chosen","floor":19.0,"turns":4.0},{"damage":23.0,"enemies":"Centurion and Healer","floor":21.0,"turns":8.0},{"damage":37.0,"enemies":"Snake Plant","floor":22.0,"turns":6.0},{"damage":14.0,"enemies":"Snecko","floor":24.0,"turns":5.0},{"damage":3,"enemies":"Slavers","floor":25,"turns":4},{"damage":48,"enemies":"Gremlin Leader","floor":27,"turns":6}],"seed_played":"7930583875094218927","potions_obtained":[{"floor":1.0,"key":"Energy Potion"},{"floor":2.0,"key":"EntropicBrew"},{"floor":11.0,"key":"SkillPotion"},{"floor":14.0,"key":"FocusPotion"},{"floor":21.0,"key":"AttackPotion"},{"floor":22.0,"key":"Regen Potion"}],"is_trial":false,"path_per_floor":["M","M","$","M","M","R","E","?","T","E","M","?","M","E","R","B",null,"M","M","$","M","M","R","M","E","T","E"],"character_chosen":"DEFECT","items_purchased":["Doom and Gloom","Fire Potion","Thread and Needle","Bag of Preparation"],"campfire_rested":0,"item_purchase_floors":[3,3,20,20],"current_hp_per_floor":[81,74,74,73,72,72,72,72,72,66,64,64,71,66,66,25,82,59,61,61,45,25,25,31,48,48,0],"gold":150,"neow_bonus":"TEN_PERCENT_HP_BONUS","is_prod":false,"is_daily":false,"chose_seed":false,"campfire_upgraded":3,"win_rate":0,"timestamp":1566683641,"path_taken":["M","M","$","M","M","R","E","?","T","E","M","?","M","E","R","BOSS","M","?","$","M","M","R","M","E","T","E"],"build_version":"2019-07-17","purchased_purges":0,"victory":false,"max_hp_per_floor":[82,82,82,82,82,82,82,82,82,82,82,82,82,82,82,82,82,82,82,82,82,82,82,82,82,82,82],"card_choices":[{"not_picked":["BootSequence","Gash"],"picked":"Sweeping Beam","floor":1.0},{"not_picked":["Streamline","FTL"],"picked":"Ball Lightning","floor":2.0},{"not_picked":["Scrape","Ball Lightning"],"picked":"Hologram","floor":4.0},{"not_picked":["Sweeping Beam","Steam"],"picked":"Leap","floor":5.0},{"not_picked":["Streamline","Coolheaded"],"picked":"Self Repair","floor":7.0},{"not_picked":["Force Field","Seek"],"picked":"FTL","floor":10.0},{"not_picked":["Hologram","Blizzard"],"picked":"Cold Snap","floor":11.0},{"not_picked":["Rip and Tear","Stack"],"picked":"Auto Shields","floor":13.0},{"not_picked":["Beam Cell","Rip and Tear"],"picked":"Darkness","floor":14.0},{"not_picked":["Thunder Strike","Meteor Strike"],"picked":"Reboot","floor":16.0},{"not_picked":["Leap+1","Stack"],"picked":"Cold Snap+1","floor":18.0},{"not_picked":["Darkness","Blizzard"],"picked":"Go for the Eyes","floor":19.0},{"not_picked":["Conserve Battery","BootSequence"],"picked":"Self Repair+1","floor":21.0},{"not_picked":["Loop","Heatsinks"],"picked":"Redo+1","floor":22.0},{"not_picked":["Streamline+1","Conserve Battery","Double Energy"],"picked":"SKIP","floor":24.0},{"not_picked":["Self Repair+1","Redo+1","Compile Driver"],"picked":"SKIP","floor":25}],"player_experience":206764,"relics_obtained":[{"floor":7.0,"key":"Orichalcum"},{"floor":9.0,"key":"Boot"},{"floor":10.0,"key":"Lantern"},{"floor":14.0,"key":"Nunchaku"},{"floor":25,"key":"Omamori"},{"floor":26,"key":"MawBank"}],"event_choices":[{"damage_healed":0.0,"max_hp_gain":0.0,"max_hp_loss":0.0,"gold_gain":175.0,"event_name":"Liars Game","player_choice":"AGREE","floor":8.0,"gold_loss":0.0,"damage_taken":0.0,"cards_obtained":["Doubt"]},{"cards_removed":["Doubt"],"damage_healed":0.0,"max_hp_gain":0.0,"max_hp_loss":0.0,"gold_gain":0.0,"event_name":"Fountain of Cleansing","player_choice":"Removed Curses","floor":12.0,"gold_loss":0.0,"damage_taken":0.0}],"is_beta":false,"boss_relics":[{"not_picked":["Coffee Dripper","Velvet Choker"],"picked":"Inserter"}],"items_purged_floors":[],"is_endless":false,"potions_floor_spawned":[1,2,11,14,21,22,24],"killed_by":"Gremlin Leader","ascension_level":2}