{"gold_per_floor":[112,62,62,72,86,115,115,149,149,149,149,0,0,20,20,119,119,129,129,129,5,17,17,17],"floor_reached":24,"playtime":1088,"items_purged":[],"score":222,"play_id":"82a24865-aaf8-49d0-bc50-0f3d37ec52d1","local_time":"20190724150447","is_ascension_mode":true,"campfire_choices":[{"data":"Uppercut","floor":7,"key":"SMITH"},{"data":"Perfected Strike","floor":11,"key":"SMITH"},{"data":"Armaments","floor":15,"key":"SMITH"},{"floor":23,"key":"REST"}],"neow_cost":"NONE","seed_source_timestamp":93177012166407,"circlet_count":0,"master_deck":["Strike_R","Strike_R","Strike_R","Strike_R","Strike_R","Bash","Uppercut+1","Iron Wave","Perfected Strike+1","Cleave","Demon Form","Parasite","Corruption","Havoc","Sword Boomerang+1","Armaments+1","Offering","Havoc+1","RitualDagger+1","Shockwave","Cleave+1","Searing Blow+1"],"relics":["Burning Blood","NeowsBlessing","Oddly Smooth Stone","Molten Egg 2","Bag of Preparation","Empty Cage"],"potions_floor_usage":[8,8,22,24,24],"damage_taken":[{"damage":0,"enemies":"Small Slimes","floor":1,"turns":1},{"damage":0,"enemies":"2 Louse","floor":4,"turns":1},{"damage":0,"enemies":"Jaw Worm","floor":5,"turns":1},{"damage":40,"enemies":"Lagavulin","floor":6,"turns":6},{"damage":21,"enemies":"3 Sentries","floor":8,"turns":5},{"damage":18,"enemies":"Exordium Wildlife","floor":14,"turns":4},{"damage":14,"enemies":"Slime Boss","floor":16,"turns":5},{"damage":58,"enemies":"2 Thieves","floor":18,"turns":4},{"damage":6,"enemies":"Spheric Guardian","floor":22,"turns":3},{"damage":47,"enemies":"Book of Stabbing","floor":24,"turns":4}],"seed_played":"-3746618355231368850","potions_obtained":[{"floor":4,"key":"SteroidPotion"},{"floor":6,"key":"EssenceOfSteel"},{"floor":8,"key":"LiquidBronze"},{"floor":20,"key":"Poison Potion"},{"floor":20,"key":"GamblersBrew"},{"floor":22,"key":"Ancient Potion"}],"is_trial":false,"path_per_floor":["M","?","?","M","M","E","R","E","T","?","R","$","T","M","R","B",null,"M","?","?","$","M","R","E"],"character_chosen":"IRONCLAD","items_purchased":["Corruption","Havoc","Sword Boomerang+1","Shockwave","Cleave+1"],"campfire_rested":1,"item_purchase_floors":[12,12,12,21,21],"current_hp_per_floor":[80,80,73,79,80,46,46,31,31,51,51,51,51,39,39,31,80,28,22,22,22,22,46,0],"gold":17,"neow_bonus":"THREE_ENEMY_KILL","is_prod":false,"is_daily":false,"chose_seed":false,"campfire_upgraded":3,"win_rate":0,"timestamp":1563998687,"path_taken":["M","?","?","M","M","E","R","E","T","?","R","$","?","?","R","BOSS","M","?","?","$","M","R","E"],"build_version":"2019-07-17","purchased_purges":0,"victory":false,"max_hp_per_floor":[80,80,80,80,80,80,80,80,80,80,80,80,80,80,80,80,80,80,80,80,80,80,80,80],"card_choices":[{"not_picked":["Headbutt","Cleave"],"picked":"Uppercut","floor":1},{"not_picked":["Spot Weakness","Headbutt"],"picked":"Iron Wave","floor":4},{"not_picked":["Iron Wave","Cleave"],"picked":"Perfected Strike","floor":5},{"not_picked":["Brutality","Bloodletting"],"picked":"Cleave","floor":6},{"not_picked":["Cleave","Thunderclap"],"picked":"Demon Form","floor":8},{"not_picked":["Rage","Combust"],"picked":"Armaments","floor":14},{"not_picked":["Limit Break","Juggernaut"],"picked":"Offering","floor":16},{"not_picked":["Armaments","Body Slam+1"],"picked":"Havoc+1","floor":18},{"not_picked":["Anger+1","Battle Trance"],"picked":"Searing Blow+1","floor":22}],"player_experience":86290,"relics_obtained":[{"floor":6,"key":"Oddly Smooth Stone"},{"floor":8,"key":"Molten Egg 2"},{"floor":13,"key":"Bag of Preparation"}],"event_choices":[{"cards_removed":["Defend_R"],"damage_healed":0,"gold_gain":0,"player_choice":"Card Removal","damage_taken":0,"max_hp_gain":0,"max_hp_loss":0,"event_name":"The Cleric","floor":2,"gold_loss":50},{"cards_removed":["Defend_R"],"damage_healed":0,"gold_gain":0,"player_choice":"Card Removal","damage_taken":7,"max_hp_gain":0,"max_hp_loss":0,"event_name":"Golden Wing","floor":3,"gold_loss":0},{"damage_healed":20,"gold_gain":0,"player_choice":"Healed and dodged fight","damage_taken":0,"max_hp_gain":0,"max_hp_loss":0,"event_name":"Mushrooms","floor":10,"gold_loss":0,"cards_obtained":["Parasite"]},{"damage_healed":0,"gold_gain":0,"player_choice":"Joined the Cult","damage_taken":6,"max_hp_gain":0,"max_hp_loss":0,"event_name":"Nest","floor":19,"gold_loss":0,"cards_obtained":["RitualDagger"]},{"damage_healed":0,"gold_gain":0,"player_choice":"Got Potions","damage_taken":0,"max_hp_gain":0,"max_hp_loss":0,"event_name":"Lab","floor":20,"gold_loss":0}],"is_beta":false,"boss_relics":[{"not_picked":["Calling Bell","Orrery"],"picked":"Empty Cage"}],"items_purged_floors":[],"is_endless":false,"potions_floor_spawned":[4,6,8,22],"killed_by":"Book of Stabbing","ascension_level":2}