{"gold_per_floor":[114,114,114,114,189,220,220,246,272,297,309,64,64,93,93,189,189,201,146,157,157,226,226,267,267,267,300,300,300,225,266,266,365,365,382,431,472,372,27,27,27,27,27,44,44,44,55,74,74,74],"floor_reached":51,"playtime":4831,"items_purged":["Strike_B","Defend_B"],"score":1344,"play_id":"fa2779c2-5aba-46f6-9292-2d32f43f01fb","local_time":"20190927050747","is_ascension_mode":true,"campfire_choices":[{"floor":7.0,"key":"REST"},{"data":"HandOfGreed","floor":13.0,"key":"SMITH"},{"data":"Sweeping Beam","floor":15.0,"key":"SMITH"},{"floor":23.0,"key":"REST"},{"data":"Reinforced Body","floor":25.0,"key":"SMITH"},{"floor":29.0,"key":"REST"},{"floor":32.0,"key":"REST"},{"floor":40.0,"key":"DIG"},{"floor":41.0,"key":"DIG"},{"floor":45.0,"key":"REST"},{"floor":46.0,"key":"DIG"},{"floor":49.0,"key":"REST"}],"neow_cost":"NONE","seed_source_timestamp":1575851623214447,"circlet_count":0,"master_deck":["AscendersBane","Strike_B","Strike_B","Strike_B","Defend_B+1","Defend_B+1","Defend_B+1","Zap","Dualcast+1","Sunder+1","Sweeping Beam+1","Ball Lightning","Reinforced Body+1","Hologram","HandOfGreed+1","Conserve Battery","Thunder Strike","Hologram+1","Genetic Algorithm+1","Necronomicurse","Ball Lightning","Seek","Streamline+1","Conserve Battery+1"],"special_seed":0,"relics":["Cracked Core","NeowsBlessing","Ornamental Fan","Blood Vial","Orichalcum","Centennial Puzzle","Bag of Marbles","Velvet Choker","Tiny Chest","Necronomicon","War Paint","Lantern","Fusion Hammer","WingedGreaves","Shovel","Anchor","Ancient Tea Set","Symbiotic Virus","Vajra"],"potions_floor_usage":[50,50],"damage_taken":[{"damage":0.0,"enemies":"Cultist","floor":1.0,"turns":1.0},{"damage":0.0,"enemies":"Gremlin Nob","floor":6.0,"turns":1.0},{"damage":0.0,"enemies":"3 Sentries","floor":8.0,"turns":1.0},{"damage":14.0,"enemies":"Lagavulin","floor":10.0,"turns":5.0},{"damage":0.0,"enemies":"2 Louse","floor":11.0,"turns":3.0},{"damage":2.0,"enemies":"Gremlin Nob","floor":14.0,"turns":3.0},{"damage":11.0,"enemies":"Slime Boss","floor":16.0,"turns":8.0},{"damage":0.0,"enemies":"Chosen","floor":18.0,"turns":2.0},{"damage":0.0,"enemies":"3 Byrds","floor":20.0,"turns":3.0},{"damage":28.0,"enemies":"Shelled Parasite and Fungi","floor":22.0,"turns":5.0},{"damage":0.0,"enemies":"Chosen and Byrds","floor":24.0,"turns":3.0},{"damage":3.0,"enemies":"Gremlin Leader","floor":27.0,"turns":4.0},{"damage":8.0,"enemies":"Snake Plant","floor":31.0,"turns":3.0},{"damage":48.0,"enemies":"Automaton","floor":33.0,"turns":10.0},{"damage":0.0,"enemies":"3 Darklings","floor":35.0,"turns":3.0},{"damage":3.0,"enemies":"2 Orb Walkers","floor":36.0,"turns":4.0},{"damage":0.0,"enemies":"3 Shapes","floor":37.0,"turns":7.0},{"damage":31.0,"enemies":"Maw","floor":44.0,"turns":7.0},{"damage":3.0,"enemies":"Sphere and 2 Shapes","floor":47.0,"turns":10.0},{"damage":0.0,"enemies":"4 Shapes","floor":48.0,"turns":4.0},{"damage":64,"enemies":"Donu and Deca","floor":50,"turns":6}],"seed_played":"8337000226056659181","potions_obtained":[{"floor":8.0,"key":"SteroidPotion"},{"floor":10.0,"key":"SteroidPotion"},{"floor":11.0,"key":"SpeedPotion"},{"floor":20.0,"key":"FocusPotion"},{"floor":22.0,"key":"GamblersBrew"},{"floor":31.0,"key":"Regen Potion"},{"floor":35.0,"key":"SteroidPotion"},{"floor":37.0,"key":"Weak Potion"},{"floor":48.0,"key":"Fire Potion"}],"is_trial":false,"path_per_floor":["M","?","?","?","?","E","R","E","T","E","M","$","R","E","R","B",null,"M","?","M","?","M","R","M","R","T","E","?","R","$","M","R","B",null,"M","?","M","$","$","R","R","?","T","M","R","R","M","M","R","B",null],"character_chosen":"DEFECT","items_purchased":["HandOfGreed","Chill","Shovel"],"campfire_rested":6,"item_purchase_floors":[12,12,39],"current_hp_per_floor":[64,43,43,43,32,32,53,53,53,41,43,43,43,43,43,34,62,64,64,66,45,19,40,42,42,42,41,21,43,43,37,59,28,64,66,65,67,67,67,67,67,67,67,38,60,60,59,61,76,12],"gold":74,"neow_bonus":"THREE_ENEMY_KILL","is_prod":false,"is_daily":false,"chose_seed":false,"campfire_upgraded":3,"win_rate":0,"timestamp":1569575267,"path_taken":["M","?","?","?","?","E","R","E","T","E","M","$","R","E","R","BOSS","M","?","M","?","M","R","M","R","T","E","?","R","$","?","R","BOSS","M","?","M","$","$","R","R","?","T","M","R","R","M","M","R","BOSS"],"build_version":"2019-07-17","purchased_purges":2,"victory":true,"max_hp_per_floor":[71,71,71,71,71,71,71,71,71,71,71,71,71,71,71,71,71,71,71,71,71,71,71,71,71,71,71,76,76,76,76,76,76,76,76,76,76,76,76,76,76,76,76,76,76,76,76,76,76,76],"card_choices":[{"not_picked":["Cold Snap","Go for the Eyes"],"picked":"Sunder","floor":1.0},{"not_picked":["Force Field","Reboot"],"picked":"Sweeping Beam","floor":6.0},{"not_picked":["Compile Driver","Barrage"],"picked":"Ball Lightning","floor":8.0},{"not_picked":["Double Energy","Compile Driver"],"picked":"Reinforced Body","floor":10.0},{"not_picked":["Barrage","Stack"],"picked":"Hologram","floor":11.0},{"not_picked":["Compile Driver","Reinforced Body"],"picked":"Conserve Battery","floor":14.0},{"not_picked":["Core Surge","Multi-Cast"],"picked":"Thunder Strike","floor":16.0},{"not_picked":["Streamline","Leap"],"picked":"Hologram+1","floor":18.0},{"not_picked":["Conserve Battery","Rebound"],"picked":"Genetic Algorithm+1","floor":20.0},{"not_picked":["Hello World","Stack","Redo"],"picked":"SKIP","floor":22.0},{"not_picked":["Redo+1","Auto Shields","Compile Driver"],"picked":"SKIP","floor":24.0},{"not_picked":["Leap","Go for the Eyes","Stack"],"picked":"SKIP","floor":27.0},{"not_picked":["Leap","Coolheaded"],"picked":"Ball Lightning","floor":31.0},{"not_picked":["Machine Learning","Reboot"],"picked":"Seek","floor":33.0},{"not_picked":["Turbo+1","Steam"],"picked":"Streamline+1","floor":35.0},{"not_picked":["Redo","BootSequence","Conserve Battery"],"picked":"SKIP","floor":37.0},{"not_picked":["Sunder","Double Energy","Gash+1"],"picked":"SKIP","floor":44.0},{"not_picked":["Capacitor","Go for the Eyes+1"],"picked":"Conserve Battery+1","floor":47.0},{"not_picked":["Barrage","Turbo+1","Gash+1"],"picked":"SKIP","floor":48.0}],"player_experience":463762,"relics_obtained":[{"floor":6.0,"key":"Ornamental Fan"},{"floor":8.0,"key":"Blood Vial"},{"floor":9.0,"key":"Orichalcum"},{"floor":10.0,"key":"Centennial Puzzle"},{"floor":14.0,"key":"Bag of Marbles"},{"floor":21.0,"key":"Necronomicon"},{"floor":26.0,"key":"War Paint"},{"floor":27.0,"key":"Lantern"},{"floor":36.0,"key":"WingedGreaves"},{"floor":40.0,"key":"Anchor"},{"floor":41.0,"key":"Ancient Tea Set"},{"floor":43.0,"key":"Symbiotic Virus"},{"floor":46.0,"key":"Vajra"}],"event_choices":[{"damage_healed":0.0,"max_hp_gain":0.0,"max_hp_loss":0.0,"gold_gain":0.0,"event_name":"Shining Light","player_choice":"Entered Light","floor":2.0,"gold_loss":0.0,"damage_taken":21.0,"cards_upgraded":["Dualcast","Defend_B"]},{"damage_healed":0.0,"max_hp_gain":0.0,"max_hp_loss":0.0,"gold_gain":0.0,"event_name":"Living Wall","player_choice":"Grow","floor":3.0,"gold_loss":0.0,"damage_taken":0.0,"cards_upgraded":["Sunder"]},{"damage_healed":0.0,"max_hp_gain":0.0,"max_hp_loss":0.0,"gold_gain":0.0,"event_name":"Liars Game","player_choice":"Ignored","floor":4.0,"gold_loss":0.0,"damage_taken":0.0},{"damage_healed":0.0,"max_hp_gain":0.0,"max_hp_loss":0.0,"gold_gain":75.0,"event_name":"World of Goop","player_choice":"Gather Gold","floor":5.0,"gold_loss":0.0,"damage_taken":11.0},{"damage_healed":0.0,"max_hp_gain":0.0,"max_hp_loss":0.0,"gold_gain":0.0,"event_name":"Addict","player_choice":"Obtained Relic","floor":19.0,"gold_loss":85.0,"damage_taken":0.0,"relics_obtained":["Tiny Chest"]},{"damage_healed":0.0,"max_hp_gain":0.0,"max_hp_loss":0.0,"gold_gain":0.0,"event_name":"Cursed Tome","player_choice":"Obtained Book","floor":21.0,"gold_loss":0.0,"damage_taken":21.0},{"damage_healed":0.0,"max_hp_gain":5.0,"max_hp_loss":0.0,"gold_gain":0.0,"event_name":"Forgotten Altar","player_choice":"Shed Blood","floor":28.0,"gold_loss":0.0,"damage_taken":25.0},{"damage_healed":0.0,"max_hp_gain":0.0,"max_hp_loss":0.0,"gold_gain":0.0,"event_name":"Mysterious Sphere","player_choice":"Fight","floor":36.0,"gold_loss":0.0,"damage_taken":0.0},{"cards_removed":["Chill"],"damage_healed":0.0,"max_hp_gain":0.0,"max_hp_loss":0.0,"gold_gain":0.0,"event_name":"Falling","player_choice":"Removed Skill","floor":42.0,"gold_loss":0.0,"damage_taken":0.0}],"is_beta":false,"boss_relics":[{"not_picked":["Runic Dome","Lizard Tail"],"picked":"Velvet Choker"},{"not_picked":["Tiny House","FrozenCore"],"picked":"Fusion Hammer"}],"items_purged_floors":[30,38],"is_endless":false,"potions_floor_spawned":[8,10,11,20,22,31,35,37,48],"ascension_level":19}