{"gold_per_floor":[119,139,139,155,230,230,83,94,94,123,140,140,155,184,184,286,286,304,316,231,231,247,247,282,282,309,321,137,337,372,399,399,503,503,518,532,4,4,4,4,4,226,226,236,246,346,346,381,381,381],"floor_reached":51,"playtime":10524,"items_purged":["Defend_G"],"score":798,"play_id":"60afbaef-c910-4022-a1ea-ddb86e247961","local_time":"20190926171424","is_ascension_mode":false,"campfire_choices":[{"data":"Endless Agony","floor":6.0,"key":"SMITH"},{"floor":12.0,"key":"REST"},{"floor":15.0,"key":"REST"},{"floor":23.0,"key":"REST"},{"floor":25.0,"key":"REST"},{"floor":32.0,"key":"REST"},{"floor":40,"key":"REST"},{"floor":49,"key":"REST"}],"neow_cost":"NONE","seed_source_timestamp":0,"circlet_count":0,"master_deck":["Defend_G","Defend_G","Defend_G","Survivor","Neutralize","Tactician","Caltrops","Bullet Time","Endless Agony+1","A Thousand Cuts+1","Escape Plan","Terror","Tools of the Trade","Distraction","Corpse Explosion","Backstab","Backflip+1","Bite","Bite","Bite","Bite","Bite","Dagger Throw+1","Night Terror","Bouncing Flask+1","Infinite Blades","Backflip+1","Dash+1","After Image","Backstab+1","Backstab+1","Infinite Blades","All Out Attack+1","Flash of Steel+1","Apotheosis","Night Terror","Blade Dance+1","Infinite Blades+1","Skewer+1","Footwork"],"special_seed":0,"relics":["Ring of the Snake","Sundial","Gambling Chip","Torii","Fusion Hammer","Bag of Preparation","Snake Skull","Juzu Bracelet","Strawberry","Red Mask","Molten Egg 2","WristBlade","Medical Kit","Happy Flower","Kunai","Unceasing Top","PreservedInsect"],"potions_floor_usage":[45,47,50],"damage_taken":[{"damage":2.0,"enemies":"Small Slimes","floor":1.0,"turns":4.0},{"damage":3.0,"enemies":"Jaw Worm","floor":2.0,"turns":5.0},{"damage":2.0,"enemies":"2 Louse","floor":4.0,"turns":2.0},{"damage":6.0,"enemies":"Blue Slaver","floor":8.0,"turns":4.0},{"damage":40.0,"enemies":"Gremlin Nob","floor":10.0,"turns":4.0},{"damage":4.0,"enemies":"Gremlin Gang","floor":11.0,"turns":5.0},{"damage":3.0,"enemies":"2 Fungi Beasts","floor":13.0,"turns":3.0},{"damage":4.0,"enemies":"3 Sentries","floor":14.0,"turns":5.0},{"damage":8.0,"enemies":"Hexaghost","floor":16.0,"turns":10.0},{"damage":1.0,"enemies":"Shell Parasite","floor":18.0,"turns":6.0},{"damage":18.0,"enemies":"Spheric Guardian","floor":19.0,"turns":4.0},{"damage":16.0,"enemies":"Snecko","floor":22.0,"turns":4.0},{"damage":26.0,"enemies":"Book of Stabbing","floor":24.0,"turns":4.0},{"damage":0.0,"enemies":"3 Cultists","floor":27.0,"turns":2.0},{"damage":1.0,"enemies":"Masked Bandits","floor":30.0,"turns":2.0},{"damage":20.0,"enemies":"Gremlin Leader","floor":31.0,"turns":7.0},{"damage":42.0,"enemies":"Automaton","floor":33.0,"turns":9.0},{"damage":23.0,"enemies":"3 Darklings","floor":35.0,"turns":3.0},{"damage":0.0,"enemies":"Orb Walker","floor":36.0,"turns":2.0},{"damage":0,"enemies":"Sphere and 2 Shapes","floor":44,"turns":1},{"damage":6,"enemies":"3 Darklings","floor":45,"turns":3},{"damage":0,"enemies":"Mind Bloom Boss Battle","floor":46,"turns":3},{"damage":0,"enemies":"Giant Head","floor":48,"turns":5},{"damage":27,"enemies":"Donu and Deca","floor":50,"turns":5}],"seed_played":"-2478944035520799278","potions_obtained":[{"floor":8.0,"key":"Dexterity Potion"},{"floor":11.0,"key":"Dexterity Potion"},{"floor":13.0,"key":"Explosive Potion"},{"floor":16.0,"key":"Fire Potion"},{"floor":22.0,"key":"Strength Potion"},{"floor":30.0,"key":"SmokeBomb"},{"floor":31.0,"key":"EssenceOfSteel"},{"floor":33.0,"key":"Weak Potion"},{"floor":35.0,"key":"Block Potion"},{"floor":44,"key":"LiquidBronze"},{"floor":45,"key":"Block Potion"},{"floor":47,"key":"Fruit Juice"},{"floor":47,"key":"Ancient Potion"},{"floor":47,"key":"Ancient Potion"}],"is_trial":false,"path_per_floor":["M","M","?","M","?","R","$","M","T","E","M","R","M","E","R","B",null,"M","M","?","?","M","R","E","R","T","M","$","?","?","E","R","B",null,"M","M","$","?","?","R","?","?","T","M","M","?","?","E","R","B",null],"character_chosen":"THE_SILENT","items_purchased":["A Thousand Cuts","Strawberry","Infinite Blades","Medical Kit","Happy Flower","Infinite Blades","All Out Attack+1"],"campfire_rested":7,"item_purchase_floors":[7,28,28,37,37,37,37],"current_hp_per_floor":[75,72,72,70,59,59,59,53,53,13,9,32,29,25,48,40,77,76,58,58,53,38,53,33,48,48,53,60,60,60,47,60,36,60,37,43,43,38,38,56,56,56,56,56,53,55,60,65,65,41],"gold":381,"neow_bonus":"TEN_PERCENT_HP_BONUS","is_prod":false,"is_daily":false,"chose_seed":false,"campfire_upgraded":1,"win_rate":0.0,"timestamp":1569536064,"path_taken":["M","M","?","M","?","R","$","M","T","E","M","R","M","E","R","BOSS","M","M","?","?","M","R","E","R","T","M","$","?","?","E","R","BOSS","M","M","$","?","?","R","?","?","T","M","M","?","?","E","R","BOSS"],"build_version":"2019-07-17","purchased_purges":1,"victory":true,"max_hp_per_floor":[77,77,77,77,77,77,77,77,77,77,77,77,77,77,77,77,77,77,77,77,53,53,53,53,53,53,53,60,60,60,60,60,60,60,60,60,60,60,60,60,60,60,60,60,60,60,65,65,65,65],"card_choices":[{"not_picked":["Flying Knee","Underhanded Strike"],"picked":"Tactician","floor":1.0},{"not_picked":["PiercingWail","Deflect"],"picked":"Caltrops","floor":2.0},{"not_picked":["PiercingWail","Dodge and Roll"],"picked":"Endless Agony","floor":4.0},{"not_picked":["Blur","Deflect"],"picked":"Escape Plan","floor":8.0},{"not_picked":["Quick Slash","Finisher"],"picked":"Terror","floor":10.0},{"not_picked":["Slice","Acrobatics"],"picked":"Tools of the Trade","floor":11.0},{"not_picked":["PiercingWail","Underhanded Strike","Dagger Spray"],"picked":"SKIP","floor":13.0},{"not_picked":["Blur","Blade Dance"],"picked":"Distraction","floor":14.0},{"not_picked":["Die Die Die","A Thousand Cuts"],"picked":"Corpse Explosion","floor":16.0},{"not_picked":["Flying Knee","Backflip"],"picked":"Backstab","floor":18.0},{"not_picked":["Acrobatics","Sucker Punch"],"picked":"Backflip+1","floor":19.0},{"not_picked":["Escape Plan","Deflect"],"picked":"Dagger Throw+1","floor":22.0},{"not_picked":["Deflect","Backflip"],"picked":"Night Terror","floor":24.0},{"not_picked":["Deflect","Dagger Spray+1"],"picked":"Bouncing Flask+1","floor":27.0},{"not_picked":["Acrobatics","Bane"],"picked":"Backflip+1","floor":30.0},{"not_picked":["Underhanded Strike","Dagger Throw"],"picked":"Dash","floor":31.0},{"not_picked":["Wraith Form v2","Doppelganger"],"picked":"After Image","floor":33.0},{"not_picked":["Quick Slash+1","Bane+1"],"picked":"Backstab+1","floor":35.0},{"not_picked":["Slice+1","Outmaneuver"],"picked":"Backstab+1","floor":36.0},{"not_picked":["Transmutation","Magnetism"],"picked":"Flash of Steel+1","floor":38},{"not_picked":["Good Instincts","Flash of Steel+1"],"picked":"Apotheosis","floor":38},{"not_picked":["Dodge and Roll","Poisoned Stab+1"],"picked":"Blade Dance+1","floor":44},{"not_picked":["Caltrops","Dodge and Roll"],"picked":"Infinite Blades+1","floor":45},{"not_picked":["Poisoned Stab+1","Sucker Punch+1"],"picked":"Skewer+1","floor":46},{"not_picked":["Bouncing Flask","Sucker Punch+1"],"picked":"Footwork","floor":48}],"player_experience":46987,"relics_obtained":[{"floor":9.0,"key":"Sundial"},{"floor":10.0,"key":"Gambling Chip"},{"floor":14.0,"key":"Torii"},{"floor":24.0,"key":"Snake Skull"},{"floor":26.0,"key":"Juzu Bracelet"},{"floor":30.0,"key":"Red Mask"},{"floor":31.0,"key":"Molten Egg 2"},{"floor":43,"key":"Kunai"},{"floor":46,"key":"Unceasing Top"},{"floor":48,"key":"PreservedInsect"}],"event_choices":[{"damage_healed":0.0,"max_hp_gain":0.0,"max_hp_loss":0.0,"gold_gain":0.0,"cards_transformed":["Defend_G"],"event_name":"Living Wall","player_choice":"Change","floor":3.0,"gold_loss":0.0,"damage_taken":0.0,"cards_obtained":["Bullet Time"]},{"damage_healed":0.0,"max_hp_gain":0.0,"max_hp_loss":0.0,"gold_gain":75.0,"event_name":"World of Goop","player_choice":"Gather Gold","floor":5.0,"gold_loss":0.0,"damage_taken":11.0},{"damage_healed":0.0,"max_hp_gain":0.0,"max_hp_loss":0.0,"gold_gain":0.0,"event_name":"Addict","player_choice":"Obtained Relic","floor":20.0,"gold_loss":85.0,"damage_taken":0.0,"relics_obtained":["Bag of Preparation"]},{"damage_healed":0.0,"max_hp_gain":0.0,"max_hp_loss":24.0,"gold_gain":0.0,"event_name":"Vampires","player_choice":"Became a vampire","floor":21.0,"gold_loss":0.0,"damage_taken":0.0,"cards_obtained":["Bite","Bite","Bite","Bite","Bite"]},{"damage_healed":0.0,"max_hp_gain":0.0,"max_hp_loss":0.0,"gold_gain":250.0,"event_name":"The Joust","player_choice":"Bet on Owner","floor":29.0,"gold_loss":50.0,"damage_taken":0.0},{"damage_healed":0.0,"max_hp_gain":0.0,"max_hp_loss":0.0,"gold_gain":0.0,"event_name":"Masked Bandits","player_choice":"Fought Bandits","floor":30.0,"gold_loss":0.0,"damage_taken":0.0},{"damage_healed":0,"gold_gain":0,"player_choice":"Memory 2","damage_taken":5,"max_hp_gain":0,"max_hp_loss":0,"event_name":"SensoryStone","floor":38,"gold_loss":0},{"damage_healed":0,"gold_gain":0,"player_choice":"Copied","damage_taken":0,"max_hp_gain":0,"max_hp_loss":0,"event_name":"Duplicator","floor":39,"gold_loss":0,"cards_obtained":["Night Terror"]},{"damage_healed":0,"gold_gain":0,"player_choice":"Upgraded","damage_taken":0,"max_hp_gain":0,"max_hp_loss":0,"event_name":"Upgrade Shrine","floor":41,"gold_loss":0,"cards_upgraded":["A Thousand Cuts"]},{"damage_healed":0,"gold_gain":222,"player_choice":"Wore Mask","damage_taken":0,"max_hp_gain":0,"max_hp_loss":0,"event_name":"Tomb of Lord Red Mask","floor":42,"gold_loss":0},{"damage_healed":0,"gold_gain":0,"player_choice":"Fight","damage_taken":0,"max_hp_gain":0,"max_hp_loss":0,"event_name":"MindBloom","floor":46,"gold_loss":0},{"damage_healed":0,"gold_gain":0,"player_choice":"Got Potions","damage_taken":0,"max_hp_gain":0,"max_hp_loss":0,"event_name":"Lab","floor":47,"gold_loss":0}],"is_beta":false,"boss_relics":[{"not_picked":["Snecko Eye","Eternal Feather"],"picked":"Fusion Hammer"},{"not_picked":["Calling Bell","Lizard Tail"],"picked":"WristBlade"}],"items_purged_floors":[37],"is_endless":false,"potions_floor_spawned":[8,11,13,16,22,30,31,33,35,44,45],"ascension_level":0}