{"gold_per_floor":[115,125,143,143,153,178,178,178,204,204,204],"floor_reached":11,"playtime":352,"items_purged":[],"score":128,"play_id":"a2515c12-7e6c-48a1-a060-3262d0b1238a","local_time":"20190927160145","is_ascension_mode":true,"campfire_choices":[{"data":"Metallicize","floor":7.0,"key":"SMITH"}],"neow_cost":"NONE","seed_source_timestamp":264170323776559,"circlet_count":0,"master_deck":["AscendersBane","Strike_R","Strike_R","Strike_R","Strike_R","Strike_R","Defend_R","Defend_R","Defend_R","Defend_R","Bash","Double Tap","Cleave","Shrug It Off","Metallicize+1"],"special_seed":0,"relics":["Burning Blood","Boot","Oddly Smooth Stone"],"potions_floor_usage":[],"damage_taken":[{"damage":10.0,"enemies":"2 Louse","floor":1.0,"turns":4.0},{"damage":6.0,"enemies":"Cultist","floor":2.0,"turns":4.0},{"damage":12.0,"enemies":"Small Slimes","floor":3.0,"turns":3.0},{"damage":4.0,"enemies":"Looter","floor":5.0,"turns":4.0},{"damage":49.0,"enemies":"3 Sentries","floor":6.0,"turns":10.0},{"damage":48,"enemies":"Gremlin Nob","floor":11,"turns":5}],"seed_played":"4396254391198939466","potions_obtained":[{"floor":3.0,"key":"SteroidPotion"},{"floor":4.0,"key":"Swift Potion"},{"floor":4.0,"key":"SkillPotion"}],"is_trial":false,"path_per_floor":["M","M","M","?","M","E","R","?","T","?","E"],"character_chosen":"IRONCLAD","items_purchased":[],"campfire_rested":0,"item_purchase_floors":[],"current_hp_per_floor":[64,64,58,58,60,17,17,42,42,42,0],"gold":204,"neow_bonus":"ONE_RANDOM_RARE_CARD","is_prod":false,"is_daily":false,"chose_seed":false,"campfire_upgraded":1,"win_rate":0,"timestamp":1569592905,"path_taken":["M","M","M","?","?","E","R","?","T","?","E"],"build_version":"2019-09-26","purchased_purges":0,"victory":false,"max_hp_per_floor":[75,75,75,75,75,75,75,75,75,75,75],"card_choices":[{"not_picked":["Battle Trance","Twin Strike"],"picked":"Cleave","floor":1.0},{"not_picked":["Wild Strike","Rupture"],"picked":"Shrug It Off","floor":2.0},{"not_picked":["Clothesline","Twin Strike","Sentinel"],"picked":"SKIP","floor":3.0},{"not_picked":["Sentinel","Havoc","Double Tap"],"picked":"SKIP","floor":5.0},{"not_picked":["Combust","Perfected Strike"],"picked":"Metallicize","floor":6.0}],"player_experience":260528,"relics_obtained":[{"floor":6.0,"key":"Boot"},{"floor":9.0,"key":"Oddly Smooth Stone"}],"event_choices":[{"damage_healed":0.0,"max_hp_gain":0.0,"max_hp_loss":0.0,"gold_gain":0.0,"event_name":"Lab","player_choice":"Got Potions","floor":4.0,"gold_loss":0.0,"damage_taken":0.0},{"damage_healed":25.0,"max_hp_gain":0.0,"max_hp_loss":0.0,"gold_gain":0.0,"event_name":"Big Fish","player_choice":"Banana","floor":8.0,"gold_loss":0.0,"damage_taken":0.0},{"damage_healed":0,"gold_gain":0,"player_choice":"Searched \u00271\u0027 times","damage_taken":0,"max_hp_gain":0,"max_hp_loss":0,"event_name":"Dead Adventurer","floor":10,"gold_loss":0}],"is_beta":true,"boss_relics":[],"items_purged_floors":[],"is_endless":false,"potions_floor_spawned":[3],"killed_by":"Gremlin Nob","ascension_level":15}