{"gold_per_floor":[217,217,232,243,92,92,106,135,135,150,150,183,183,183,183,183],"floor_reached":16,"playtime":597,"items_purged":["Strike_R"],"score":149,"play_id":"b8100382-68b5-464b-9295-983ccdfe5ddd","local_time":"20190824104845","is_ascension_mode":true,"campfire_choices":[{"data":"Searing Blow","floor":6,"key":"SMITH"},{"data":"Searing Blow+1","floor":11,"key":"SMITH"},{"data":"Searing Blow+2","floor":15,"key":"SMITH"}],"neow_cost":"NONE","seed_source_timestamp":361822414350793,"circlet_count":0,"master_deck":["Strike_R","Strike_R","Strike_R","Strike_R","Defend_R","Defend_R","Defend_R","Defend_R","Bash","Pommel Strike","Cleave","Searing Blow+3","Shrug It Off","Ghostly Armor","True Grit","Juggernaut","Headbutt"],"relics":["Burning Blood","Juzu Bracelet","Darkstone Periapt","Regal Pillow","Bag of Preparation","Golden Idol"],"potions_floor_usage":[8,12,16,16],"damage_taken":[{"damage":2,"enemies":"2 Louse","floor":1,"turns":4},{"damage":1,"enemies":"Cultist","floor":3,"turns":3},{"damage":11,"enemies":"Jaw Worm","floor":4,"turns":4},{"damage":15,"enemies":"Exordium Thugs","floor":7,"turns":6},{"damage":39,"enemies":"Lagavulin","floor":8,"turns":9},{"damage":16,"enemies":"Large Slime","floor":10,"turns":8},{"damage":22,"enemies":"3 Sentries","floor":12,"turns":8},{"damage":49,"enemies":"Slime Boss","floor":16,"turns":6}],"seed_played":"-232345527207504800","potions_obtained":[{"floor":7,"key":"Explosive Potion"},{"floor":8,"key":"Regen Potion"},{"floor":12,"key":"Swift Potion"}],"is_trial":false,"path_per_floor":["M","?","M","M","$","R","M","E","T","M","R","E","?","?","R","B"],"character_chosen":"IRONCLAD","items_purchased":["Shrug It Off","Block Potion"],"campfire_rested":0,"item_purchase_floors":[5,5],"current_hp_per_floor":[76,73,78,73,73,73,64,31,31,21,21,20,46,46,46,0],"gold":183,"neow_bonus":"HUNDRED_GOLD","is_prod":false,"is_daily":false,"chose_seed":false,"campfire_upgraded":3,"win_rate":0,"timestamp":1566661725,"path_taken":["M","?","M","M","$","R","M","E","T","M","R","E","?","?","R","BOSS"],"build_version":"2019-07-17","purchased_purges":1,"victory":false,"max_hp_per_floor":[80,80,80,80,80,80,80,80,80,80,80,80,80,74,74,74],"card_choices":[{"not_picked":["Havoc","Flex"],"picked":"Pommel Strike","floor":1},{"not_picked":["Power Through","Pommel Strike"],"picked":"Cleave","floor":3},{"not_picked":["Offering","Pommel Strike"],"picked":"Searing Blow","floor":4},{"not_picked":["Anger","Pommel Strike"],"picked":"Ghostly Armor","floor":7},{"not_picked":["Sword Boomerang","Bloodletting"],"picked":"True Grit","floor":8},{"not_picked":["Hemokinesis","Perfected Strike"],"picked":"Juggernaut","floor":10},{"not_picked":["Infernal Blade","Perfected Strike"],"picked":"Headbutt","floor":12}],"player_experience":204832,"relics_obtained":[{"floor":8,"key":"Darkstone Periapt"},{"floor":9,"key":"Regal Pillow"},{"floor":12,"key":"Bag of Preparation"}],"event_choices":[{"damage_healed":0,"gold_gain":0,"player_choice":"Success","damage_taken":3,"relics_obtained":["Juzu Bracelet"],"max_hp_gain":0,"max_hp_loss":0,"event_name":"Scrap Ooze","floor":2,"gold_loss":0},{"damage_healed":26,"gold_gain":0,"player_choice":"Banana","damage_taken":0,"max_hp_gain":0,"max_hp_loss":0,"event_name":"Big Fish","floor":13,"gold_loss":0},{"damage_healed":0,"gold_gain":0,"player_choice":"Lose Max HP","damage_taken":0,"relics_obtained":["Golden Idol"],"max_hp_gain":0,"max_hp_loss":6,"event_name":"Golden Idol","floor":14,"gold_loss":0}],"is_beta":false,"boss_relics":[],"items_purged_floors":[5],"is_endless":false,"potions_floor_spawned":[7,8,12],"killed_by":"Slime Boss","ascension_level":7}