{"gold_per_floor":[213,223,239,0,11,11,37,37,37,212,224,242,277,227,227,227],"floor_reached":16,"playtime":530,"items_purged":[],"score":123,"play_id":"a49109c3-d86a-4398-a1b5-8c90679c1837","local_time":"20190827091032","is_ascension_mode":true,"campfire_choices":[{"data":"Zap","floor":6,"key":"SMITH"},{"data":"Leap","floor":8,"key":"SMITH"},{"data":"Storm","floor":15,"key":"SMITH"}],"neow_cost":"NONE","seed_source_timestamp":52064776774359,"circlet_count":0,"master_deck":["Strike_B","Strike_B","Strike_B","Defend_B","Defend_B","Defend_B","Defend_B","Zap+1","Dualcast","Steam","Self Repair","Leap+1","FTL+1","All For One+1","Doubt","Heatsinks","Storm+1","White Noise"],"relics":["Cracked Core","Molten Egg 2","Du-Vu Doll","Mummified Hand","Gremlin Horn"],"potions_floor_usage":[],"damage_taken":[{"damage":2,"enemies":"Jaw Worm","floor":1,"turns":3},{"damage":0,"enemies":"2 Louse","floor":2,"turns":3},{"damage":0,"enemies":"Cultist","floor":3,"turns":3},{"damage":8,"enemies":"2 Fungi Beasts","floor":5,"turns":4},{"damage":28,"enemies":"Gremlin Nob","floor":7,"turns":5},{"damage":13,"enemies":"Blue Slaver","floor":11,"turns":2},{"damage":2,"enemies":"Exordium Wildlife","floor":12,"turns":4},{"damage":12,"enemies":"Lagavulin","floor":13,"turns":6},{"damage":47,"enemies":"Hexaghost","floor":16,"turns":9}],"seed_played":"2955426228567865863","potions_obtained":[{"floor":2,"key":"GamblersBrew"},{"floor":5,"key":"EssenceOfSteel"},{"floor":13,"key":"SpeedPotion"}],"is_trial":false,"path_per_floor":["M","M","M","$","M","R","E","R","T","?","M","M","E","?","R","B"],"character_chosen":"DEFECT","items_purchased":["Molten Egg 2"],"campfire_rested":0,"item_purchase_floors":[4],"current_hp_per_floor":[73,73,75,75,74,74,53,53,53,53,47,52,47,47,47,0],"gold":227,"neow_bonus":"HUNDRED_GOLD","is_prod":false,"is_daily":false,"chose_seed":false,"campfire_upgraded":3,"win_rate":0,"timestamp":1566915032,"path_taken":["M","M","M","$","M","R","E","R","T","?","M","M","E","?","R","BOSS"],"build_version":"2019-07-17","purchased_purges":0,"victory":false,"max_hp_per_floor":[75,75,75,75,75,75,75,75,75,75,75,75,75,75,75,75],"card_choices":[{"not_picked":["Redo","Storm"],"picked":"Steam","floor":1},{"not_picked":["Leap","Turbo"],"picked":"Self Repair","floor":2},{"not_picked":["Recycle","Double Energy"],"picked":"Leap","floor":3},{"not_picked":["Barrage+1","Beam Cell+1"],"picked":"FTL+1","floor":5},{"not_picked":["Rip and Tear+1","Fusion"],"picked":"All For One+1","floor":7},{"not_picked":["Compile Driver+1","Hologram"],"picked":"Heatsinks","floor":11},{"not_picked":["Static Discharge","Rip and Tear+1"],"picked":"Storm","floor":12},{"not_picked":["Reprogram","Redo"],"picked":"White Noise","floor":13}],"player_experience":221952,"relics_obtained":[{"floor":7,"key":"Du-Vu Doll"},{"floor":9,"key":"Mummified Hand"},{"floor":13,"key":"Gremlin Horn"}],"event_choices":[{"damage_healed":0,"gold_gain":175,"player_choice":"AGREE","damage_taken":0,"max_hp_gain":0,"max_hp_loss":0,"event_name":"Liars Game","floor":10,"gold_loss":0,"cards_obtained":["Doubt"]},{"cards_removed":["Strike_B"],"damage_healed":0,"gold_gain":0,"player_choice":"Card Removal","damage_taken":0,"max_hp_gain":0,"max_hp_loss":0,"event_name":"The Cleric","floor":14,"gold_loss":50}],"is_beta":false,"boss_relics":[],"items_purged_floors":[],"is_endless":false,"potions_floor_spawned":[2,5,13],"killed_by":"Hexaghost","ascension_level":2}