{"gold_per_floor":[116,116,134,153,153,183,183,214,238,238,258,292,292,304,304,407,457,471,23,30,43,57,57],"floor_reached":23,"playtime":1255,"items_purged":["Strike_B"],"score":259,"play_id":"3ba829da-c4d4-4609-8632-d4279c83aaca","local_time":"20190822144639","is_ascension_mode":true,"campfire_choices":[{"data":"Hello World","floor":7,"key":"SMITH"},{"data":"Chaos","floor":10,"key":"SMITH"},{"data":"Bandage Up","floor":13,"key":"SMITH"},{"data":"Biased Cognition","floor":15,"key":"SMITH"}],"neow_cost":"CURSE","seed_source_timestamp":202630863850360,"circlet_count":0,"master_deck":["Strike_B","Strike_B","Defend_B","Defend_B","Defend_B+1","Defend_B+1","Zap","Dualcast","Bandage Up+1","Good Instincts","Writhe","Hello World+1","Coolheaded","Chaos+1","Sweeping Beam","Barrage","Biased Cognition+1","Leap+1","Meteor Strike","Redo","Glacier+1","Creative AI","Defragment","Meteor Strike","FTL"],"relics":["Cracked Core","Dream Catcher","Art of War","Mango","Bag of Preparation","Bag of Marbles","Tiny House","Happy Flower","War Paint"],"potions_floor_usage":[6,16,20,23],"damage_taken":[{"damage":5,"enemies":"Small Slimes","floor":1,"turns":4},{"damage":6,"enemies":"2 Louse","floor":3,"turns":3},{"damage":0,"enemies":"Cultist","floor":4,"turns":4},{"damage":10,"enemies":"3 Sentries","floor":6,"turns":8},{"damage":58,"enemies":"Gremlin Nob","floor":8,"turns":5},{"damage":6,"enemies":"Looter","floor":11,"turns":3},{"damage":11,"enemies":"Lagavulin","floor":12,"turns":5},{"damage":4,"enemies":"Exordium Wildlife","floor":14,"turns":3},{"damage":6,"enemies":"Hexaghost","floor":16,"turns":7},{"damage":16,"enemies":"Shell Parasite","floor":18,"turns":6},{"damage":2,"enemies":"2 Thieves","floor":20,"turns":5},{"damage":50,"enemies":"Cultist and Chosen","floor":21,"turns":5},{"damage":3,"enemies":"Shelled Parasite and Fungi","floor":22,"turns":11},{"damage":72,"enemies":"Gremlin Leader","floor":23,"turns":10}],"seed_played":"-4994846765241578037","potions_obtained":[{"floor":4,"key":"Regen Potion"},{"floor":6,"key":"SpeedPotion"},{"floor":12,"key":"Explosive Potion"},{"floor":14,"key":"SkillPotion"},{"floor":17,"key":"FairyPotion"},{"floor":21,"key":"Block Potion"}],"is_trial":false,"path_per_floor":["M","?","M","M","?","E","R","E","T","R","M","E","R","M","R","B",null,"M","$","M","M","M","E"],"character_chosen":"DEFECT","items_purchased":["Happy Flower","War Paint","Creative AI"],"campfire_rested":0,"item_purchase_floors":[19,19,19],"current_hp_per_floor":[74,67,65,69,66,75,75,35,35,35,33,26,26,28,28,28,94,84,84,88,44,47,0],"gold":57,"neow_bonus":"RANDOM_COLORLESS_2","is_prod":false,"is_daily":false,"chose_seed":false,"campfire_upgraded":4,"win_rate":0,"timestamp":1566503199,"path_taken":["M","?","M","M","?","E","R","E","T","R","M","E","R","M","R","BOSS","M","$","M","M","M","E"],"build_version":"2019-07-17","purchased_purges":1,"victory":false,"max_hp_per_floor":[75,75,75,75,75,75,75,89,89,89,89,89,89,89,89,89,94,94,94,94,94,94,94],"card_choices":[{"not_picked":["Cold Snap","Rebound"],"picked":"Hello World","floor":1},{"not_picked":["Blizzard","Stack","Turbo"],"picked":"SKIP","floor":3},{"not_picked":["Storm","Rebound"],"picked":"Coolheaded","floor":4},{"not_picked":["Rebound","Tempest"],"picked":"Chaos","floor":6},{"not_picked":["Reinforced Body","Rebound"],"picked":"Sweeping Beam","floor":8},{"not_picked":["Compile Driver","Hello World"],"picked":"Barrage","floor":11},{"not_picked":["Coolheaded","Aggregate"],"picked":"Biased Cognition","floor":12},{"not_picked":["Gash","Stack"],"picked":"Leap","floor":14},{"not_picked":["Biased Cognition","Hyperbeam"],"picked":"Meteor Strike","floor":16},{"not_picked":["Conserve Battery","Beam Cell"],"picked":"Redo","floor":17},{"not_picked":["Go for the Eyes","Redo"],"picked":"Glacier+1","floor":18},{"not_picked":["Leap","Conserve Battery"],"picked":"Defragment","floor":20},{"not_picked":["Redo","Static Discharge"],"picked":"Meteor Strike","floor":21},{"not_picked":["Gash","Coolheaded"],"picked":"FTL","floor":22}],"player_experience":189574,"relics_obtained":[{"floor":6,"key":"Art of War"},{"floor":8,"key":"Mango"},{"floor":9,"key":"Bag of Preparation"},{"floor":12,"key":"Bag of Marbles"}],"event_choices":[{"cards_removed":["Strike_B"],"damage_healed":0,"gold_gain":0,"player_choice":"Card Removal","damage_taken":7,"max_hp_gain":0,"max_hp_loss":0,"event_name":"Golden Wing","floor":2,"gold_loss":0},{"damage_healed":0,"gold_gain":0,"player_choice":"Success","damage_taken":3,"relics_obtained":["Dream Catcher"],"max_hp_gain":0,"max_hp_loss":0,"event_name":"Scrap Ooze","floor":5,"gold_loss":0}],"is_beta":false,"boss_relics":[{"not_picked":["Busted Crown","Velvet Choker"],"picked":"Tiny House"}],"items_purged_floors":[19],"is_endless":false,"potions_floor_spawned":[4,6,12,14,18,21],"killed_by":"Gremlin Leader","ascension_level":2}