{"gold_per_floor":[117,42,52,66,80,80,110,110,135,154,171,204,204,217,217,290,290,306,356,20,31,48,48,59,77,77,94,94,122,122,27,27,27],"floor_reached":33,"playtime":4400,"items_purged":["Strike_B","Strike_B"],"score":562,"play_id":"e7fc3f6d-c354-4e23-8c65-99bfaaa8b417","local_time":"20190927130940","is_ascension_mode":true,"campfire_choices":[{"data":"Go for the Eyes","floor":6.0,"key":"SMITH"},{"data":"Beam Cell","floor":8.0,"key":"SMITH"},{"floor":13.0,"key":"REST"},{"data":"Coolheaded","floor":15.0,"key":"SMITH"},{"floor":23.0,"key":"REST"},{"floor":28,"key":"REST"},{"floor":30,"key":"REST"},{"data":"Buffer","floor":32,"key":"SMITH"}],"neow_cost":"NONE","seed_source_timestamp":1606653382578374,"circlet_count":0,"master_deck":["AscendersBane","Strike_B","Defend_B","Defend_B","Defend_B+1","Defend_B","Zap","Dualcast","Go for the Eyes+1","Cold Snap","Coolheaded+1","Seek+1","Beam Cell+1","Streamline","Consume","Ball Lightning","Hologram","Biased Cognition","Melter+1","Genetic Algorithm","Glacier+1","Recycle","Tempest+1","Buffer+1"],"special_seed":0,"relics":["Cracked Core","Bronze Scales","Bag of Preparation","Blood Vial","Black Star","Membership Card","War Paint","Mummified Hand","Pear","Symbiotic Virus"],"potions_floor_usage":[25,27,33],"damage_taken":[{"damage":10.0,"enemies":"2 Louse","floor":1.0,"turns":2.0},{"damage":1.0,"enemies":"Cultist","floor":3.0,"turns":4.0},{"damage":4.0,"enemies":"Jaw Worm","floor":4.0,"turns":4.0},{"damage":6.0,"enemies":"Large Slime","floor":5.0,"turns":4.0},{"damage":6.0,"enemies":"Lagavulin","floor":7.0,"turns":7.0},{"damage":9.0,"enemies":"Looter","floor":10.0,"turns":2.0},{"damage":3.0,"enemies":"2 Fungi Beasts","floor":11.0,"turns":3.0},{"damage":19.0,"enemies":"3 Sentries","floor":12.0,"turns":7.0},{"damage":5.0,"enemies":"Blue Slaver","floor":14.0,"turns":3.0},{"damage":15.0,"enemies":"Hexaghost","floor":16.0,"turns":9.0},{"damage":4.0,"enemies":"Chosen","floor":18.0,"turns":3.0},{"damage":26.0,"enemies":"2 Thieves","floor":21.0,"turns":4.0},{"damage":18.0,"enemies":"Cultist and Chosen","floor":22.0,"turns":5.0},{"damage":18.0,"enemies":"3 Cultists","floor":24.0,"turns":6.0},{"damage":0,"enemies":"Chosen and Byrds","floor":25,"turns":6},{"damage":4,"enemies":"Cultist and Chosen","floor":27,"turns":7},{"damage":38,"enemies":"Gremlin Leader","floor":29,"turns":8},{"damage":67,"enemies":"Automaton","floor":33,"turns":10}],"seed_played":"4446977131591204259","potions_obtained":[{"floor":4.0,"key":"AttackPotion"},{"floor":5.0,"key":"FocusPotion"},{"floor":10.0,"key":"Ancient Potion"},{"floor":12.0,"key":"Dexterity Potion"},{"floor":14.0,"key":"Energy Potion"},{"floor":22.0,"key":"Ancient Potion"},{"floor":25,"key":"Block Potion"},{"floor":29,"key":"FearPotion"}],"is_trial":false,"path_per_floor":["M","?","M","M","M","R","E","R","T","M","M","E","R","M","R","B",null,"M","?","$","M","M","R","M","M","T","M","R","E","R","$","R","B"],"character_chosen":"DEFECT","items_purchased":["Membership Card","War Paint","Buffer"],"campfire_rested":4,"item_purchase_floors":[20,20,31],"current_hp_per_floor":[61,61,60,56,50,50,44,44,44,35,32,13,36,33,33,20,64,62,55,55,31,15,38,22,24,24,22,45,19,45,45,45,0],"gold":27,"neow_bonus":"TEN_PERCENT_HP_BONUS","is_prod":false,"is_daily":false,"chose_seed":false,"campfire_upgraded":4,"win_rate":0,"timestamp":1569604180,"path_taken":["M","?","M","M","M","R","E","R","T","M","M","E","R","M","R","BOSS","M","?","$","M","M","R","?","M","T","M","R","E","R","?","R","BOSS"],"build_version":"2019-07-17","purchased_purges":2,"victory":false,"max_hp_per_floor":[78,78,78,78,78,78,78,78,78,78,78,78,78,78,78,78,78,78,78,78,78,78,78,78,78,78,78,78,88,88,88,88,88],"card_choices":[{"not_picked":["Leap","Barrage"],"picked":"Go for the Eyes","floor":1.0},{"not_picked":["Sweeping Beam","Hologram"],"picked":"Cold Snap","floor":3.0},{"not_picked":["Barrage","Redo"],"picked":"Coolheaded","floor":4.0},{"not_picked":["Fusion","Turbo"],"picked":"Seek","floor":5.0},{"not_picked":["Aggregate","Turbo"],"picked":"Beam Cell","floor":7.0},{"not_picked":["Go for the Eyes","Redo"],"picked":"Streamline","floor":10.0},{"not_picked":["Redo","Darkness"],"picked":"Consume","floor":11.0},{"not_picked":["Cold Snap","Steam"],"picked":"Ball Lightning","floor":12.0},{"not_picked":["Darkness","Turbo"],"picked":"Hologram","floor":14.0},{"not_picked":["Machine Learning","Rainbow"],"picked":"Biased Cognition","floor":16.0},{"not_picked":["Chaos","Leap+1"],"picked":"Melter+1","floor":18.0},{"not_picked":["Hologram","Sweeping Beam","Storm"],"picked":"SKIP","floor":21.0},{"not_picked":["Storm+1","Streamline"],"picked":"Genetic Algorithm","floor":22.0},{"not_picked":["Cold Snap","Stack"],"picked":"Glacier+1","floor":24.0},{"not_picked":["Scrape","Redo","Cold Snap"],"picked":"SKIP","floor":25},{"not_picked":["Go for the Eyes","Steam"],"picked":"Recycle","floor":27},{"not_picked":["Gash","Doom and Gloom"],"picked":"Tempest+1","floor":29}],"player_experience":468740,"relics_obtained":[{"floor":7.0,"key":"Bronze Scales"},{"floor":9.0,"key":"Bag of Preparation"},{"floor":12.0,"key":"Blood Vial"},{"floor":26,"key":"Mummified Hand"},{"floor":29,"key":"Pear"},{"floor":29,"key":"Symbiotic Virus"}],"event_choices":[{"cards_removed":["Strike_B"],"damage_healed":0.0,"max_hp_gain":0.0,"max_hp_loss":0.0,"gold_gain":0.0,"event_name":"The Cleric","player_choice":"Card Removal","floor":2.0,"gold_loss":75.0,"damage_taken":0.0},{"damage_healed":0.0,"max_hp_gain":0.0,"max_hp_loss":0.0,"gold_gain":50.0,"event_name":"FaceTrader","player_choice":"Touch","floor":19.0,"gold_loss":0.0,"damage_taken":7.0}],"is_beta":false,"boss_relics":[{"not_picked":["Empty Cage","Calling Bell"],"picked":"Black Star"}],"items_purged_floors":[20,31],"is_endless":false,"potions_floor_spawned":[4,5,10,12,14,22,25,29],"killed_by":"Automaton","ascension_level":20}