{"gold_per_floor":[110,110,130,147,164,220,220,253,321,321,321,347,422,39,39,115,115,115,5,5,5,5,5,5,5,5,5,5,5,5,5,5,5,5,5,5,5,5,5,5,5,5,5,5,5,5,5,5,5,5],"floor_reached":51,"playtime":3232,"items_purged":["Strike_R"],"score":1361,"play_id":"aaa10ea0-1900-400d-9df5-9571ecea6ec7","local_time":"20190927172742","is_ascension_mode":true,"campfire_choices":[{"data":"Armaments","floor":7.0,"key":"SMITH"},{"floor":10.0,"key":"REST"},{"floor":15.0,"key":"REST"},{"data":"Entrench","floor":23.0,"key":"SMITH"},{"data":"Heavy Blade","floor":27.0,"key":"SMITH"},{"data":"Demon Form","floor":29.0,"key":"SMITH"},{"data":"Shrug It Off","floor":32.0,"key":"SMITH"},{"data":"Flex","floor":40.0,"key":"SMITH"},{"data":"Reaper","floor":44.0,"key":"SMITH"},{"data":"Body Slam","floor":46.0,"key":"SMITH"},{"data":"Bash","floor":49.0,"key":"SMITH"}],"neow_cost":"NONE","seed_source_timestamp":265819558736015,"circlet_count":0,"master_deck":["AscendersBane","Strike_R","Strike_R","Defend_R","Defend_R+1","Defend_R","Defend_R","Bash+1","Reaper+1","Shrug It Off+1","Armaments+1","Entrench+1","Flex+1","Heavy Blade+1","Flame Barrier","Impervious+1","Demon Form+1","Shockwave+1","Shrug It Off+1","Shrug It Off+1","Entrench+1","Double Tap+1","Shrug It Off+1","Body Slam+1"],"special_seed":0,"relics":["Burning Blood","Tiny Chest","Du-Vu Doll","Paper Frog","Bag of Preparation","Toxic Egg 2","Oddly Smooth Stone","Sling","Ectoplasm","Dodecahedron","MealTicket","Red Mask","Black Star","Lantern","Red Skull","Bottled Flame","Centennial Puzzle","Akabeko"],"potions_floor_usage":[50,50],"damage_taken":[{"damage":9.0,"enemies":"2 Louse","floor":1.0,"turns":4.0},{"damage":0.0,"enemies":"Jaw Worm","floor":3.0,"turns":5.0},{"damage":4.0,"enemies":"Small Slimes","floor":4.0,"turns":6.0},{"damage":24.0,"enemies":"Exordium Thugs","floor":5.0,"turns":6.0},{"damage":44.0,"enemies":"Gremlin Nob","floor":6.0,"turns":5.0},{"damage":34.0,"enemies":"Lagavulin","floor":8.0,"turns":7.0},{"damage":20.0,"enemies":"3 Sentries","floor":12.0,"turns":8.0},{"damage":32.0,"enemies":"The Guardian","floor":16.0,"turns":11.0},{"damage":7.0,"enemies":"3 Byrds","floor":18.0,"turns":8.0},{"damage":4.0,"enemies":"Shell Parasite","floor":21.0,"turns":11.0},{"damage":44.0,"enemies":"Cultist and Chosen","floor":22.0,"turns":7.0},{"damage":10.0,"enemies":"Book of Stabbing","floor":24.0,"turns":6.0},{"damage":0.0,"enemies":"Centurion and Healer","floor":25.0,"turns":6.0},{"damage":0.0,"enemies":"Snake Plant","floor":28.0,"turns":5.0},{"damage":21.0,"enemies":"Cultist and Chosen","floor":30.0,"turns":8.0},{"damage":59.0,"enemies":"Masked Bandits","floor":31.0,"turns":6.0},{"damage":62.0,"enemies":"Collector","floor":33.0,"turns":7.0},{"damage":7.0,"enemies":"3 Shapes","floor":35.0,"turns":10.0},{"damage":25.0,"enemies":"3 Darklings","floor":36.0,"turns":8.0},{"damage":8.0,"enemies":"Spire Growth","floor":37.0,"turns":5.0},{"damage":32.0,"enemies":"4 Shapes","floor":38.0,"turns":16.0},{"damage":20.0,"enemies":"Maw","floor":39.0,"turns":7.0},{"damage":0.0,"enemies":"Giant Head","floor":41.0,"turns":8.0},{"damage":31.0,"enemies":"Jaw Worm Horde","floor":42.0,"turns":6.0},{"damage":21.0,"enemies":"Nemesis","floor":45.0,"turns":9.0},{"damage":30.0,"enemies":"Writhing Mass","floor":48.0,"turns":5.0},{"damage":60,"enemies":"Time Eater","floor":50,"turns":10}],"seed_played":"-3992656931244378487","potions_obtained":[{"floor":4.0,"key":"PowerPotion"},{"floor":5.0,"key":"BloodPotion"},{"floor":6.0,"key":"GamblersBrew"},{"floor":8.0,"key":"FearPotion"},{"floor":16.0,"key":"SteroidPotion"},{"floor":21.0,"key":"GamblersBrew"},{"floor":25.0,"key":"Dexterity Potion"},{"floor":30.0,"key":"HeartOfIron"},{"floor":33.0,"key":"AttackPotion"},{"floor":38.0,"key":"SkillPotion"},{"floor":42.0,"key":"Swift Potion"}],"is_trial":false,"path_per_floor":["M","?","M","M","M","E","R","E","T","R","?","E","?","$","R","B",null,"M","?","$","M","M","R","E","M","T","R","M","R","M","?","R","B",null,"M","M","M","M","M","R","E","M","T","R","E","R","$","M","R","B",null],"character_chosen":"IRONCLAD","items_purchased":["Oddly Smooth Stone","Sling"],"campfire_rested":2,"item_purchase_floors":[14,14],"current_hp_per_floor":[66,59,65,72,58,44,44,16,16,38,27,28,17,17,39,21,62,63,63,63,65,43,43,39,45,45,45,51,51,75,60,60,45,68,74,75,75,55,74,74,75,70,70,70,60,60,75,51,51,18],"gold":5,"neow_bonus":"ONE_RANDOM_RARE_CARD","is_prod":false,"is_daily":false,"chose_seed":false,"campfire_upgraded":9,"win_rate":0,"timestamp":1569598062,"path_taken":["M","?","M","M","M","E","R","E","T","R","?","E","?","$","R","BOSS","M","?","?","M","M","R","E","M","T","R","M","R","M","?","R","BOSS","M","M","M","M","M","R","E","M","T","R","E","R","$","M","R","BOSS"],"build_version":"2019-09-26","purchased_purges":1,"victory":true,"max_hp_per_floor":[75,75,75,75,75,75,75,75,75,75,75,75,75,75,75,75,75,75,75,75,75,75,75,75,75,75,75,75,75,75,75,75,75,75,75,75,75,75,75,75,75,75,75,75,75,75,75,75,75,75],"card_choices":[{"not_picked":["Sword Boomerang","Searing Blow"],"picked":"Shrug It Off","floor":1.0},{"not_picked":["Corruption","Shockwave"],"picked":"Armaments","floor":3.0},{"not_picked":["Flex","Sword Boomerang"],"picked":"Entrench","floor":4.0},{"not_picked":["Clothesline","Berserk"],"picked":"Flex","floor":5.0},{"not_picked":["Inflame","Clothesline"],"picked":"Heavy Blade","floor":6.0},{"not_picked":["Wild Strike","Havoc"],"picked":"Flame Barrier","floor":8.0},{"not_picked":["Carnage","Evolve"],"picked":"Impervious","floor":12.0},{"not_picked":["Immolate","Berserk"],"picked":"Demon Form","floor":16.0},{"not_picked":["Clash","Sever Soul","Twin Strike"],"picked":"SKIP","floor":18.0},{"not_picked":["Clothesline+1","Iron Wave","Headbutt"],"picked":"SKIP","floor":21.0},{"not_picked":["Blood for Blood","Infernal Blade+1"],"picked":"Shockwave+1","floor":22.0},{"not_picked":["Cleave","Sword Boomerang"],"picked":"Shrug It Off+1","floor":24.0},{"not_picked":["Pommel Strike","Thunderclap","Clash"],"picked":"SKIP","floor":25.0},{"not_picked":["Carnage","Rampage","Havoc+1"],"picked":"SKIP","floor":28.0},{"not_picked":["True Grit+1","Pommel Strike","Cleave"],"picked":"SKIP","floor":30.0},{"not_picked":["Combust","Armaments+1"],"picked":"Shrug It Off+1","floor":35.0},{"not_picked":["Sentinel+1","Clash","Armaments+1"],"picked":"SKIP","floor":36.0},{"not_picked":["Heavy Blade","Pommel Strike"],"picked":"Entrench+1","floor":37.0},{"not_picked":["Havoc+1","Clash","Sentinel+1"],"picked":"SKIP","floor":38.0},{"not_picked":["Anger","Sword Boomerang","Headbutt"],"picked":"SKIP","floor":39.0},{"not_picked":["Fire Breathing","Flame Barrier+1"],"picked":"Double Tap+1","floor":41.0},{"not_picked":["Heavy Blade","Thunderclap"],"picked":"Shrug It Off+1","floor":42.0},{"not_picked":["Combust+1","Shrug It Off+1"],"picked":"Body Slam","floor":45.0},{"not_picked":["Wild Strike+1","Ghostly Armor+1","Havoc+1"],"picked":"SKIP","floor":48.0}],"player_experience":262097,"relics_obtained":[{"floor":6.0,"key":"Tiny Chest"},{"floor":8.0,"key":"Du-Vu Doll"},{"floor":9.0,"key":"Paper Frog"},{"floor":12.0,"key":"Toxic Egg 2"},{"floor":24.0,"key":"Dodecahedron"},{"floor":26.0,"key":"MealTicket"},{"floor":31.0,"key":"Red Mask"},{"floor":41.0,"key":"Lantern"},{"floor":41.0,"key":"Red Skull"},{"floor":43.0,"key":"Bottled Flame"},{"floor":45.0,"key":"Centennial Puzzle"},{"floor":45.0,"key":"Akabeko"}],"event_choices":[{"cards_removed":["Strike_R"],"damage_healed":0.0,"max_hp_gain":0.0,"max_hp_loss":0.0,"gold_gain":0.0,"event_name":"Golden Wing","player_choice":"Card Removal","floor":2.0,"gold_loss":0.0,"damage_taken":7.0},{"damage_healed":0.0,"max_hp_gain":0.0,"max_hp_loss":0.0,"gold_gain":0.0,"event_name":"Scrap Ooze","player_choice":"Success","floor":11.0,"gold_loss":0.0,"damage_taken":11.0,"relics_obtained":["Bag of Preparation"]},{"damage_healed":0.0,"max_hp_gain":0.0,"max_hp_loss":0.0,"gold_gain":75.0,"event_name":"World of Goop","player_choice":"Gather Gold","floor":13.0,"gold_loss":0.0,"damage_taken":11.0},{"cards_removed":["Strike_R"],"damage_healed":0.0,"max_hp_gain":0.0,"max_hp_loss":0.0,"gold_gain":0.0,"event_name":"Designer","player_choice":"Upgrade and Remove","floor":19.0,"gold_loss":110.0,"damage_taken":0.0,"cards_upgraded":["Defend_R"]},{"damage_healed":0.0,"max_hp_gain":0.0,"max_hp_loss":0.0,"gold_gain":0.0,"event_name":"Masked Bandits","player_choice":"Fought Bandits","floor":31.0,"gold_loss":0.0,"damage_taken":0.0}],"is_beta":true,"boss_relics":[{"not_picked":["SlaversCollar","Runic Cube"],"picked":"Ectoplasm"},{"not_picked":["Black Blood","Runic Dome"],"picked":"Black Star"}],"items_purged_floors":[14],"is_endless":false,"potions_floor_spawned":[4,5,6,8,16,21,25,30,33,38,39,42,45],"ascension_level":15}