{"gold_per_floor":[113,128,176,176,176,204,223,239,239,269,269,286,286,299,299,395,395,413,145,60,60,74,101,118,118,118,138,138,163,175,189,189,189],"floor_reached":33,"playtime":953,"items_purged":["Regret"],"score":479,"play_id":"5fdfdb93-ff57-4ac2-9e73-1fd992297321","local_time":"20190822150320","is_ascension_mode":true,"campfire_choices":[{"data":"Armaments","floor":11.0,"key":"SMITH"},{"data":"Uppercut","floor":15,"key":"SMITH"},{"floor":28,"key":"REST"},{"data":"Immolate","floor":32,"key":"SMITH"}],"neow_cost":"NONE","seed_source_timestamp":203903953523135,"circlet_count":0,"master_deck":["Strike_R","Strike_R","Strike_R","Strike_R","Strike_R","Defend_R","Defend_R","Defend_R","Defend_R","Bash","Wild Strike+1","Headbutt","Headbutt","Uppercut+1","Seeing Red","Armaments+1","Perfected Strike","Cleave","Immolate+1","Seeing Red+1","Infernal Blade","Armaments+1","Dual Wield+1"],"special_seed":0,"relics":["Burning Blood","NeowsBlessing","PreservedInsect","Regal Pillow","Incense Burner","Mango","Pen Nib","Black Star","HandDrill","Thread and Needle","Letter Opener","Happy Flower","Toxic Egg 2","Frozen Egg 2","Boot"],"potions_floor_usage":[14,16,16,23,23,29,33,33],"damage_taken":[{"damage":0.0,"enemies":"Cultist","floor":1.0,"turns":1.0},{"damage":0.0,"enemies":"Jaw Worm","floor":2.0,"turns":1.0},{"damage":3.0,"enemies":"3 Sentries","floor":6.0,"turns":2.0},{"damage":6.0,"enemies":"2 Louse","floor":7.0,"turns":2.0},{"damage":18.0,"enemies":"Exordium Wildlife","floor":8.0,"turns":4.0},{"damage":20.0,"enemies":"Lagavulin","floor":10.0,"turns":3.0},{"damage":0,"enemies":"Red Slaver","floor":12,"turns":3},{"damage":10,"enemies":"Lots of Slimes","floor":14,"turns":3},{"damage":67,"enemies":"The Guardian","floor":16,"turns":9},{"damage":20,"enemies":"Shell Parasite","floor":18,"turns":4},{"damage":3,"enemies":"Chosen","floor":22,"turns":4},{"damage":0,"enemies":"Gremlin Leader","floor":23,"turns":3},{"damage":29,"enemies":"Shelled Parasite and Fungi","floor":24,"turns":5},{"damage":37,"enemies":"Centurion and Healer","floor":27,"turns":5},{"damage":14,"enemies":"Book of Stabbing","floor":29,"turns":3},{"damage":5,"enemies":"3 Cultists","floor":30,"turns":4},{"damage":0,"enemies":"Snecko","floor":31,"turns":3},{"damage":85,"enemies":"Champ","floor":33,"turns":8}],"seed_played":"8537283350899011612","potions_obtained":[{"floor":1.0,"key":"EssenceOfSteel"},{"floor":7.0,"key":"SmokeBomb"},{"floor":8.0,"key":"Swift Potion"},{"floor":10.0,"key":"Fruit Juice"},{"floor":12,"key":"AttackPotion"},{"floor":14,"key":"SpeedPotion"},{"floor":18,"key":"Explosive Potion"},{"floor":22,"key":"Explosive Potion"},{"floor":23,"key":"LiquidBronze"},{"floor":31,"key":"Strength Potion"}],"is_trial":false,"path_per_floor":["M","M","T","?","?","E","M","M","T","E","R","M","T","M","R","B",null,"M","$","?","$","M","E","M","?","T","M","R","E","M","M","R","B"],"character_chosen":"IRONCLAD","items_purchased":["HandDrill"],"campfire_rested":1,"item_purchase_floors":[19],"current_hp_per_floor":[78,80,80,80,80,80,80,68,82,68,68,74,74,75,75,14,78,64,64,64,64,67,73,50,50,50,19,63,55,56,62,62,0],"gold":189,"neow_bonus":"THREE_ENEMY_KILL","is_prod":false,"is_daily":false,"chose_seed":false,"campfire_upgraded":3,"win_rate":0,"timestamp":1566504200,"path_taken":["M","M","?","?","?","E","M","?","T","E","R","M","?","?","R","BOSS","M","?","?","$","M","E","M","?","T","M","R","E","M","M","R","BOSS"],"build_version":"2019-07-17","purchased_purges":1,"victory":false,"max_hp_per_floor":[80,80,80,80,80,80,80,80,94,94,94,94,94,99,99,99,99,99,99,99,99,99,99,99,99,99,99,99,99,99,99,99,99],"card_choices":[{"not_picked":["Sentinel","Rage"],"picked":"Wild Strike","floor":1.0},{"not_picked":["Heavy Blade","Flex"],"picked":"Headbutt","floor":2.0},{"not_picked":["Bloodletting","Twin Strike"],"picked":"Headbutt","floor":6.0},{"not_picked":["Perfected Strike","Hemokinesis"],"picked":"Uppercut","floor":7.0},{"not_picked":["Dropkick","Blood for Blood"],"picked":"Seeing Red","floor":8.0},{"not_picked":["Pommel Strike","Battle Trance"],"picked":"Armaments","floor":10.0},{"not_picked":["Armaments","Sentinel"],"picked":"Perfected Strike","floor":12},{"not_picked":["Clothesline","Armaments"],"picked":"Cleave","floor":14},{"not_picked":["Limit Break","Fiend Fire"],"picked":"Immolate","floor":16},{"not_picked":["Heavy Blade+1","Anger+1","Sentinel+1"],"picked":"SKIP","floor":18},{"not_picked":["Flex+1","Metallicize"],"picked":"Seeing Red+1","floor":22},{"not_picked":["Headbutt+1","Blood for Blood"],"picked":"Infernal Blade","floor":23},{"not_picked":["Power Through","Uppercut"],"picked":"Armaments+1","floor":24},{"not_picked":["Entrench+1","Sword Boomerang","Headbutt+1"],"picked":"SKIP","floor":27},{"not_picked":["Cleave","Berserk","Twin Strike"],"picked":"SKIP","floor":29},{"not_picked":["Anger","Fire Breathing+1","Power Through+1"],"picked":"SKIP","floor":30},{"not_picked":["Anger+1","Rampage"],"picked":"Dual Wield+1","floor":31}],"player_experience":190829,"relics_obtained":[{"floor":3.0,"key":"PreservedInsect"},{"floor":6.0,"key":"Incense Burner"},{"floor":9.0,"key":"Mango"},{"floor":10.0,"key":"Pen Nib"},{"floor":23,"key":"Letter Opener"},{"floor":23,"key":"Happy Flower"},{"floor":26,"key":"Toxic Egg 2"},{"floor":29,"key":"Frozen Egg 2"},{"floor":29,"key":"Boot"}],"event_choices":[{"damage_healed":0.0,"max_hp_gain":0.0,"max_hp_loss":0.0,"gold_gain":0.0,"event_name":"Living Wall","player_choice":"Grow","floor":4.0,"gold_loss":0.0,"damage_taken":0.0,"cards_upgraded":["Wild Strike"]},{"damage_healed":0.0,"max_hp_gain":0.0,"max_hp_loss":0.0,"gold_gain":0.0,"event_name":"Big Fish","player_choice":"Box","floor":5.0,"gold_loss":0.0,"damage_taken":0.0,"relics_obtained":["Regal Pillow"],"cards_obtained":["Regret"]},{"damage_healed":0,"gold_gain":0,"player_choice":"Obtained Relic","damage_taken":0,"relics_obtained":["Thread and Needle"],"max_hp_gain":0,"max_hp_loss":0,"event_name":"Addict","floor":20,"gold_loss":85},{"damage_healed":0,"gold_gain":0,"player_choice":"Ignored","damage_taken":0,"max_hp_gain":0,"max_hp_loss":0,"event_name":"Ghosts","floor":25,"gold_loss":0}],"is_beta":false,"boss_relics":[{"not_picked":["Runic Dome","Mark of Pain"],"picked":"Black Star"}],"items_purged_floors":[19],"is_endless":false,"potions_floor_spawned":[1,7,8,10,12,14,18,22,23,31],"killed_by":"Champ","ascension_level":6}