{"gold_per_floor":[110,110,410,370,388,388,444,444,499,185,185,215,225,241,241,340,340,351,366,366,366,376,376,396,396,396,396,407,421,441,207,207,308,308,326,426,440,440,173,173,184,31,31,31,60,80,95,108,108,108],"floor_reached":50,"playtime":4049,"items_purged":["Regret","Strike_P","Strike_P","Strike_P+1"],"score":549,"play_id":"96f94ed8-97cf-4d7c-85b5-c1badcc1bffc","local_time":"20190926204500","is_ascension_mode":false,"campfire_choices":[{"floor":6.0,"key":"REST"},{"data":"Conclude","floor":8.0,"key":"SMITH"},{"data":"Eruption","floor":11.0,"key":"SMITH"},{"floor":15.0,"key":"REST"},{"data":"PathToVictory","floor":23.0,"key":"SMITH"},{"data":"DevaForm","floor":27.0,"key":"SMITH"},{"floor":32.0,"key":"REST"},{"floor":40.0,"key":"REST"},{"floor":44.0,"key":"RECALL"},{"data":"BattleHymn","floor":49.0,"key":"SMITH"}],"neow_cost":"NONE","seed_source_timestamp":190699585078723,"circlet_count":0,"master_deck":["Defend_P+1","Defend_P+1","Defend_P+1","Defend_P+1","Eruption+1","Vigilance","SandsOfTime","Conclude+1","PathToVictory+1","FlyingSleeves+1","LessonLearned+1","Consecrate","DevaForm+1","Sanctity+1","CutThroughFate+1","BattleHymn+1","BattleHymn+1","DeusExMachina","Weave","BowlingBash+1","WindmillStrike","FlurryOfBlows","WindmillStrike+1","Weave","EmptyMind+1","ThirdEye+1","Weave+1","SashWhip"],"special_seed":0,"relics":["HolyWater","Oddly Smooth Stone","Old Coin","Pen Nib","Tiny Chest","Membership Card","Bottled Lightning","War Paint","Busted Crown","Gremlin Horn","Bottled Tornado","Regal Pillow","ClockworkSouvenir","Dead Branch","Meat on the Bone","Whetstone","Orrery","Bag of Marbles"],"potions_floor_usage":[50],"damage_taken":[{"damage":1.0,"enemies":"Jaw Worm","floor":1.0,"turns":6.0},{"damage":2.0,"enemies":"2 Louse","floor":5.0,"turns":3.0},{"damage":25.0,"enemies":"3 Sentries","floor":7.0,"turns":5.0},{"damage":6.0,"enemies":"3 Sentries","floor":12.0,"turns":3.0},{"damage":0.0,"enemies":"Small Slimes","floor":13.0,"turns":1.0},{"damage":0.0,"enemies":"Red Slaver","floor":14.0,"turns":3.0},{"damage":0.0,"enemies":"Slime Boss","floor":16.0,"turns":4.0},{"damage":0.0,"enemies":"Chosen","floor":18.0,"turns":3.0},{"damage":6.0,"enemies":"Shell Parasite","floor":19.0,"turns":6.0},{"damage":6.0,"enemies":"Centurion and Healer","floor":22.0,"turns":4.0},{"damage":0.0,"enemies":"Cultist and Chosen","floor":24.0,"turns":4.0},{"damage":12.0,"enemies":"Snecko","floor":28.0,"turns":3.0},{"damage":12.0,"enemies":"Centurion and Healer","floor":29.0,"turns":4.0},{"damage":0.0,"enemies":"3 Cultists","floor":30.0,"turns":4.0},{"damage":4.0,"enemies":"Automaton","floor":33.0,"turns":6.0},{"damage":10.0,"enemies":"Orb Walker","floor":35.0,"turns":4.0},{"damage":35.0,"enemies":"Mind Bloom Boss Battle","floor":36.0,"turns":5.0},{"damage":15.0,"enemies":"3 Darklings","floor":37.0,"turns":6.0},{"damage":11.0,"enemies":"Sphere and 2 Shapes","floor":41.0,"turns":3.0},{"damage":24.0,"enemies":"Nemesis","floor":45.0,"turns":5.0},{"damage":15.0,"enemies":"Writhing Mass","floor":46.0,"turns":3.0},{"damage":0.0,"enemies":"Spire Growth","floor":47.0,"turns":4.0},{"damage":0.0,"enemies":"Jaw Worm Horde","floor":48.0,"turns":3.0},{"damage":48,"enemies":"Time Eater","floor":50,"turns":5}],"seed_played":"6902925963878620730","potions_obtained":[{"floor":4.0,"key":"Block Potion"},{"floor":4.0,"key":"Energy Potion"},{"floor":4.0,"key":"Ancient Potion"},{"floor":7.0,"key":"EssenceOfSteel"},{"floor":12.0,"key":"DuplicationPotion"},{"floor":18.0,"key":"Swift Potion"},{"floor":24.0,"key":"EssenceOfSteel"},{"floor":29.0,"key":"Ambrosia"},{"floor":35.0,"key":"SpeedPotion"},{"floor":45.0,"key":"SkillPotion"},{"floor":47.0,"key":"Swift Potion"},{"floor":48.0,"key":"DuplicationPotion"}],"is_trial":false,"path_per_floor":["M","?","?","?","M","R","?","R","T","$","R","E","M","M","R","B",null,"M","M","?","T","M","R","M","?","T","R","M","M","M","$","R","B",null,"M","?","M","T","$","R","M","$","T","R","E","M","M","M","R","B"],"character_chosen":"WATCHER","items_purchased":["Membership Card","Bottled Lightning","Regal Pillow","ClockworkSouvenir","BattleHymn","Whetstone","Regen Potion","EssenceOfSteel","WindmillStrike","FlurryOfBlows","Orrery"],"campfire_rested":4,"item_purchase_floors":[10,10,31,31,31,39,39,39,39,39,42],"current_hp_per_floor":[70,70,37,37,35,56,31,31,31,31,31,25,25,25,46,46,71,71,65,65,65,59,59,59,46,46,46,34,22,22,22,59,55,76,66,31,16,16,16,53,51,51,51,51,39,36,48,48,48,0],"gold":108,"neow_bonus":"TEN_PERCENT_HP_BONUS","is_prod":false,"is_daily":false,"chose_seed":false,"campfire_upgraded":5,"win_rate":0.0,"timestamp":1569523500,"path_taken":["M","?","?","?","?","R","?","R","T","$","R","E","M","M","R","BOSS","M","M","?","?","?","R","M","?","T","R","M","M","M","$","R","BOSS","M","?","M","?","$","R","M","?","T","R","E","M","M","M","R","BOSS"],"build_version":"2019-09-25","purchased_purges":4,"victory":false,"max_hp_per_floor":[71,71,71,71,71,71,71,71,71,71,71,71,71,71,71,71,71,71,71,71,71,71,71,71,76,76,76,76,76,76,76,76,76,76,76,76,76,76,76,76,76,76,76,76,76,76,76,76,76,76],"card_choices":[{"not_picked":["EmptyFist","Halt"],"picked":"SandsOfTime","floor":1.0},{"not_picked":["Swivel","SashWhip"],"picked":"Conclude","floor":5.0},{"not_picked":["Crescendo","EmptyBody"],"picked":"PathToVictory","floor":7.0},{"not_picked":["TalkToTheHand","FollowUp"],"picked":"FlyingSleeves","floor":12.0},{"not_picked":["Crescendo","FollowUp"],"picked":"LessonLearned","floor":13.0},{"not_picked":["CutThroughFate","Wallop"],"picked":"Consecrate","floor":14.0},{"not_picked":["Establishment","MasterReality"],"picked":"DevaForm","floor":16.0},{"not_picked":["Protect"],"picked":"SKIP","floor":18.0},{"not_picked":["Fasting"],"picked":"SKIP","floor":19.0},{"not_picked":[],"picked":"Sanctity+1","floor":22.0},{"not_picked":[],"picked":"CutThroughFate","floor":24.0},{"not_picked":[],"picked":"BattleHymn","floor":28.0},{"not_picked":["CrushJoints"],"picked":"SKIP","floor":29.0},{"not_picked":["Indignation"],"picked":"SKIP","floor":30.0},{"not_picked":[],"picked":"DeusExMachina","floor":33.0},{"not_picked":["Collect"],"picked":"SKIP","floor":35.0},{"not_picked":[],"picked":"Weave","floor":36.0},{"not_picked":[],"picked":"BowlingBash+1","floor":37.0},{"not_picked":[],"picked":"WindmillStrike+1","floor":41.0},{"not_picked":[],"picked":"Weave","floor":42.0},{"not_picked":[],"picked":"EmptyMind+1","floor":42.0},{"not_picked":[],"picked":"ThirdEye+1","floor":42.0},{"not_picked":[],"picked":"Weave","floor":42.0},{"not_picked":[],"picked":"SashWhip","floor":42.0},{"not_picked":["EmptyMind"],"picked":"SKIP","floor":45.0},{"not_picked":["Nirvana"],"picked":"SKIP","floor":46.0},{"not_picked":["FlyingSleeves+1"],"picked":"SKIP","floor":47.0},{"not_picked":["ThirdEye+1"],"picked":"SKIP","floor":48.0}],"player_experience":223856,"relics_obtained":[{"floor":9.0,"key":"Tiny Chest"},{"floor":12.0,"key":"War Paint"},{"floor":21.0,"key":"Gremlin Horn"},{"floor":26.0,"key":"Bottled Tornado"},{"floor":36.0,"key":"Dead Branch"},{"floor":38.0,"key":"Meat on the Bone"},{"floor":45.0,"key":"Bag of Marbles"}],"event_choices":[{"damage_healed":0.0,"max_hp_gain":0.0,"max_hp_loss":0.0,"gold_gain":0.0,"event_name":"Big Fish","player_choice":"Box","floor":2.0,"gold_loss":0.0,"damage_taken":0.0,"relics_obtained":["Oddly Smooth Stone"],"cards_obtained":["Regret"]},{"damage_healed":0.0,"max_hp_gain":0.0,"max_hp_loss":0.0,"gold_gain":0.0,"event_name":"Scrap Ooze","player_choice":"Success","floor":3.0,"gold_loss":0.0,"damage_taken":33.0,"relics_obtained":["Old Coin"]},{"damage_healed":0.0,"max_hp_gain":0.0,"max_hp_loss":0.0,"gold_gain":0.0,"event_name":"The Woman in Blue","player_choice":"Bought 3 Potions","floor":4.0,"gold_loss":0.0,"damage_taken":0.0},{"damage_healed":0.0,"max_hp_gain":0.0,"max_hp_loss":0.0,"gold_gain":0.0,"event_name":"Dead Adventurer","player_choice":"Searched \u00272\u0027 times","floor":7.0,"gold_loss":0.0,"damage_taken":0.0,"relics_obtained":["Pen Nib"]},{"cards_removed":["Strike_P"],"damage_healed":0.0,"max_hp_gain":0.0,"max_hp_loss":0.0,"gold_gain":0.0,"event_name":"Back to Basics","player_choice":"Elegance","floor":20.0,"gold_loss":0.0,"damage_taken":0.0},{"damage_healed":0.0,"max_hp_gain":5.0,"max_hp_loss":0.0,"gold_gain":0.0,"event_name":"Forgotten Altar","player_choice":"Shed Blood","floor":25.0,"gold_loss":0.0,"damage_taken":18.0},{"damage_healed":0.0,"max_hp_gain":0.0,"max_hp_loss":0.0,"gold_gain":0.0,"event_name":"MindBloom","player_choice":"Fight","floor":36.0,"gold_loss":0.0,"damage_taken":0.0}],"is_beta":true,"boss_relics":[{"not_picked":["Snecko Eye","Pandora\u0027s Box"],"picked":"Busted Crown"},{"not_picked":["Runic Dome","Empty Cage"],"picked":"HolyWater"}],"items_purged_floors":[10,31,39,42],"is_endless":false,"potions_floor_spawned":[7,12,13,18,24,29,35,45,47,48],"killed_by":"Time Eater","ascension_level":0}