{"gold_per_floor":[113,127,144,157,157,185,185,195,195,195,195,24,24,50,50,50],"floor_reached":16,"playtime":1534,"items_purged":[],"score":209,"play_id":"df5e30f0-1da7-4920-ad40-22acd97ecc8b","local_time":"20190925225736","is_ascension_mode":true,"campfire_choices":[{"floor":7.0,"key":"REST"},{"floor":11.0,"key":"REST"},{"floor":13.0,"key":"REST"},{"floor":15,"key":"REST"}],"neow_cost":"NONE","seed_source_timestamp":1472131085868823,"circlet_count":0,"master_deck":["AscendersBane","Strike_B","Strike_B","Strike_B","Strike_B","Defend_B","Defend_B","Defend_B","Defend_B+1","Zap","Dualcast+1","Darkness","Cold Snap","Go for the Eyes","Cold Snap","Glacier","Chill","Loop"],"special_seed":0,"relics":["Inserter","Pear","Letter Opener","Blue Candle"],"potions_floor_usage":[14,14,16,16],"damage_taken":[{"damage":2.0,"enemies":"Cultist","floor":1.0,"turns":4.0},{"damage":1.0,"enemies":"Small Slimes","floor":2.0,"turns":4.0},{"damage":19.0,"enemies":"Jaw Worm","floor":3.0,"turns":4.0},{"damage":13.0,"enemies":"Large Slime","floor":4.0,"turns":6.0},{"damage":51.0,"enemies":"3 Sentries","floor":6.0,"turns":11.0},{"damage":8.0,"enemies":"Gremlin Gang","floor":8.0,"turns":10.0},{"damage":36,"enemies":"Gremlin Nob","floor":14,"turns":7},{"damage":42,"enemies":"Slime Boss","floor":16,"turns":12}],"seed_played":"-6191314692551630414","potions_obtained":[{"floor":4.0,"key":"SmokeBomb"},{"floor":6.0,"key":"FearPotion"},{"floor":8.0,"key":"Swift Potion"},{"floor":14,"key":"EntropicBrew"}],"is_trial":false,"path_per_floor":["M","M","M","M","?","E","R","M","T","?","R","$","R","E","R","B"],"character_chosen":"DEFECT","items_purchased":["Chill","Loop"],"campfire_rested":4,"item_purchase_floors":[12,12],"current_hp_per_floor":[62,61,42,29,52,11,35,27,27,3,27,27,51,15,39,0],"gold":50,"neow_bonus":"BOSS_RELIC","is_prod":false,"is_daily":false,"chose_seed":false,"campfire_upgraded":0,"win_rate":0,"timestamp":1569466656,"path_taken":["M","M","M","M","?","E","R","M","T","?","R","$","R","E","R","BOSS"],"build_version":"2019-07-17","purchased_purges":0,"victory":false,"max_hp_per_floor":[71,71,71,71,71,81,81,81,81,81,81,81,81,81,81,81],"card_choices":[{"not_picked":["Compile Driver","Barrage","Conserve Battery"],"picked":"SKIP","floor":1.0},{"not_picked":["Aggregate","Compile Driver"],"picked":"Darkness","floor":2.0},{"not_picked":["Go for the Eyes","All For One"],"picked":"Cold Snap","floor":3.0},{"not_picked":["Skim","Turbo"],"picked":"Go for the Eyes","floor":4.0},{"not_picked":["Doom and Gloom","Coolheaded"],"picked":"Cold Snap","floor":6.0},{"not_picked":["Beam Cell","Sunder"],"picked":"Glacier","floor":8.0},{"not_picked":["Compile Driver","Stack","Thunder Strike"],"picked":"SKIP","floor":14}],"player_experience":418269,"relics_obtained":[{"floor":6.0,"key":"Pear"},{"floor":9.0,"key":"Letter Opener"},{"floor":14,"key":"Blue Candle"}],"event_choices":[{"damage_healed":23.0,"max_hp_gain":0.0,"max_hp_loss":0.0,"gold_gain":0.0,"event_name":"Big Fish","player_choice":"Banana","floor":5.0,"gold_loss":0.0,"damage_taken":0.0},{"damage_healed":0.0,"max_hp_gain":0.0,"max_hp_loss":0.0,"gold_gain":0.0,"event_name":"Shining Light","player_choice":"Entered Light","floor":10.0,"gold_loss":0.0,"damage_taken":24.0,"cards_upgraded":["Dualcast","Defend_B"]}],"is_beta":false,"boss_relics":[],"items_purged_floors":[],"is_endless":false,"potions_floor_spawned":[4,6,8,14],"killed_by":"Slime Boss","ascension_level":18}