{"gold_per_floor":[119,129,141,161,172,172,199,199,199,199,229,257,257,257,257,331,331,346,346],"floor_reached":19,"playtime":1252,"items_purged":[],"score":345,"play_id":"dc9e0cf5-a434-4147-89a8-d471ad6e5619","local_time":"20190926113224","is_ascension_mode":true,"campfire_choices":[{"floor":6.0,"key":"REST"},{"data":"Auto Shields","floor":8.0,"key":"SMITH"},{"data":"Go for the Eyes","floor":10.0,"key":"SMITH"},{"floor":13.0,"key":"REST"},{"data":"Ball Lightning","floor":15.0,"key":"SMITH"}],"neow_cost":"NONE","seed_source_timestamp":1517356381847231,"circlet_count":0,"master_deck":["AscendersBane","Strike_B","Strike_B","Strike_B","Strike_B","Defend_B","Defend_B","Defend_B","Defend_B","Zap","Dualcast","Go for the Eyes+1","White Noise","Ball Lightning","Auto Shields+1","Ball Lightning+1","Echo Form","Reinforced Body+1"],"special_seed":0,"relics":["Cracked Core","Lantern","Happy Flower","Letter Opener","Turnip","Pear","Toxic Egg 2","Fusion Hammer"],"potions_floor_usage":[19],"damage_taken":[{"damage":5.0,"enemies":"Small Slimes","floor":1.0,"turns":3.0},{"damage":2.0,"enemies":"Jaw Worm","floor":2.0,"turns":3.0},{"damage":1.0,"enemies":"2 Louse","floor":3.0,"turns":3.0},{"damage":4.0,"enemies":"Lots of Slimes","floor":4.0,"turns":4.0},{"damage":24.0,"enemies":"Exordium Thugs","floor":5.0,"turns":5.0},{"damage":25.0,"enemies":"Lagavulin","floor":7.0,"turns":7.0},{"damage":26.0,"enemies":"Gremlin Nob","floor":12.0,"turns":4.0},{"damage":46.0,"enemies":"Slime Boss","floor":16.0,"turns":9.0},{"damage":23.0,"enemies":"Shell Parasite","floor":18.0,"turns":6.0},{"damage":47,"enemies":"Masked Bandits","floor":19,"turns":3}],"seed_played":"-2820953557372360620","potions_obtained":[{"floor":1.0,"key":"SkillPotion"},{"floor":4.0,"key":"Regen Potion"},{"floor":7.0,"key":"Poison Potion"},{"floor":12.0,"key":"Regen Potion"},{"floor":18.0,"key":"SkillPotion"}],"is_trial":false,"path_per_floor":["M","M","M","M","M","R","E","R","T","R","?","E","R","T","R","B",null,"M","?"],"character_chosen":"DEFECT","items_purchased":[],"campfire_rested":2,"item_purchase_floors":[],"current_hp_per_floor":[59,57,56,52,28,49,39,39,39,39,39,23,47,47,47,16,65,42,0],"gold":346,"neow_bonus":"RANDOM_COMMON_RELIC","is_prod":false,"is_daily":false,"chose_seed":false,"campfire_upgraded":3,"win_rate":0,"timestamp":1569511944,"path_taken":["M","M","M","M","M","R","E","R","T","R","?","E","R","?","R","BOSS","M","?"],"build_version":"2019-07-17","purchased_purges":0,"victory":false,"max_hp_per_floor":[71,71,71,71,71,71,71,71,71,71,71,81,81,81,81,81,81,81,81],"card_choices":[{"not_picked":["Scrape","Hologram"],"picked":"Go for the Eyes","floor":1.0},{"not_picked":["Auto Shields","Lockon"],"picked":"White Noise","floor":2.0},{"not_picked":["Double Energy","Beam Cell"],"picked":"Ball Lightning","floor":3.0},{"not_picked":["Turbo","Tempest","Sweeping Beam"],"picked":"SKIP","floor":4.0},{"not_picked":["Coolheaded","Go for the Eyes","Scrape"],"picked":"SKIP","floor":5.0},{"not_picked":["Creative AI","Steam Power"],"picked":"Auto Shields","floor":7.0},{"not_picked":["Storm","Turbo"],"picked":"Ball Lightning","floor":12.0},{"not_picked":["Biased Cognition","Rainbow+1"],"picked":"Echo Form","floor":16.0},{"not_picked":["Sweeping Beam","Streamline"],"picked":"Reinforced Body+1","floor":18.0}],"player_experience":450257,"relics_obtained":[{"floor":7.0,"key":"Happy Flower"},{"floor":9.0,"key":"Letter Opener"},{"floor":12.0,"key":"Pear"},{"floor":14.0,"key":"Toxic Egg 2"}],"event_choices":[{"damage_healed":0.0,"max_hp_gain":0.0,"max_hp_loss":0.0,"gold_gain":30.0,"event_name":"Dead Adventurer","player_choice":"Searched \u00273\u0027 times","floor":11.0,"gold_loss":0.0,"damage_taken":0.0,"relics_obtained":["Turnip"]},{"damage_healed":0,"gold_gain":0,"player_choice":"Fought Bandits","damage_taken":0,"max_hp_gain":0,"max_hp_loss":0,"event_name":"Masked Bandits","floor":19,"gold_loss":0}],"is_beta":false,"boss_relics":[{"not_picked":["Empty Cage","Velvet Choker"],"picked":"Fusion Hammer"}],"items_purged_floors":[],"is_endless":false,"potions_floor_spawned":[1,4,7,12,18],"killed_by":"Masked Bandits","ascension_level":19}