{"gold_per_floor":[119,131,10,10,25,53,69,98,98,127,302,302,317,317],"floor_reached":14,"playtime":1105,"items_purged":["Strike_B"],"score":116,"play_id":"db3b1e8f-bf3d-4171-9c72-41fa870c4c9a","local_time":"20190821085351","is_ascension_mode":true,"campfire_choices":[],"neow_cost":"NONE","seed_source_timestamp":227156682024009,"circlet_count":0,"master_deck":["Strike_B","Strike_B","Defend_B","Defend_B","Defend_B","Defend_B","Zap","Dualcast","Cold Snap","Barrage","Sweeping Beam","Conserve Battery","All For One","Barrage","Streamline","Capacitor","Doubt","Hello World"],"special_seed":0,"relics":["Cracked Core","Ornamental Fan","Art of War","Gremlin Horn","Ginger"],"potions_floor_usage":[],"damage_taken":[{"damage":0.0,"enemies":"2 Louse","floor":1.0,"turns":2.0},{"damage":0.0,"enemies":"Cultist","floor":2.0,"turns":4.0},{"damage":1.0,"enemies":"Jaw Worm","floor":5.0,"turns":4.0},{"damage":29.0,"enemies":"Gremlin Nob","floor":6.0,"turns":5.0},{"damage":3.0,"enemies":"Large Slime","floor":7.0,"turns":5.0},{"damage":13.0,"enemies":"Lagavulin","floor":8.0,"turns":6.0},{"damage":11.0,"enemies":"Gremlin Nob","floor":10.0,"turns":4.0},{"damage":2.0,"enemies":"Looter","floor":13.0,"turns":3.0},{"damage":5,"enemies":"3 Louse","floor":14,"turns":2}],"seed_played":"-7835845636930914324","potions_obtained":[{"floor":6.0,"key":"AttackPotion"},{"floor":8.0,"key":"Weak Potion"}],"is_trial":false,"path_per_floor":["M","M","$","?","M","E","M","E","T","E","?","?","M","M"],"character_chosen":"DEFECT","items_purchased":["Sweeping Beam"],"campfire_rested":0,"item_purchase_floors":[3],"current_hp_per_floor":[75,75,75,68,67,38,35,22,22,11,11,4,2,0],"gold":317,"neow_bonus":"REMOVE_CARD","is_prod":false,"is_daily":false,"chose_seed":false,"campfire_upgraded":0,"win_rate":0,"timestamp":1566370431,"path_taken":["M","M","$","?","?","E","M","E","T","E","?","?","M","M"],"build_version":"2019-07-17","purchased_purges":1,"victory":false,"max_hp_per_floor":[75,75,75,75,75,75,75,75,75,75,75,75,75,75],"card_choices":[{"not_picked":["Rebound","Conserve Battery"],"picked":"Cold Snap","floor":1.0},{"not_picked":["Steam","Beam Cell"],"picked":"Barrage","floor":2.0},{"not_picked":["Redo","Leap"],"picked":"Conserve Battery","floor":5.0},{"not_picked":["Storm","Gash"],"picked":"All For One","floor":6.0},{"not_picked":["Cold Snap","Hologram"],"picked":"Barrage","floor":7.0},{"not_picked":["Gash","Hologram"],"picked":"Streamline","floor":8.0},{"not_picked":["Doom and Gloom","Sweeping Beam"],"picked":"Capacitor","floor":10.0},{"not_picked":["Barrage","Compile Driver"],"picked":"Hello World","floor":13.0}],"player_experience":54339,"relics_obtained":[{"floor":6.0,"key":"Ornamental Fan"},{"floor":8.0,"key":"Art of War"},{"floor":9.0,"key":"Gremlin Horn"},{"floor":10.0,"key":"Ginger"}],"event_choices":[{"damage_healed":0.0,"max_hp_gain":0.0,"max_hp_loss":0.0,"gold_gain":0.0,"event_name":"Wheel of Change","player_choice":"Damaged","floor":4.0,"gold_loss":0.0,"damage_taken":7.0},{"damage_healed":0.0,"max_hp_gain":0.0,"max_hp_loss":0.0,"gold_gain":175.0,"event_name":"Liars Game","player_choice":"AGREE","floor":11.0,"gold_loss":0.0,"damage_taken":0.0,"cards_obtained":["Doubt"]},{"damage_healed":0.0,"max_hp_gain":0.0,"max_hp_loss":0.0,"gold_gain":0.0,"event_name":"Scrap Ooze","player_choice":"Fled","floor":12.0,"gold_loss":0.0,"damage_taken":7.0}],"is_beta":false,"boss_relics":[],"items_purged_floors":[3],"is_endless":false,"potions_floor_spawned":[6,8],"killed_by":"3 Louse","ascension_level":1}