{"gold_per_floor":[111,111,61,78,90,90,115,0,0,14,27,27,47,63,63,159,159,174,186,202,34,34,34],"floor_reached":23,"playtime":2450,"items_purged":["Defend_B","Defend_B"],"score":205,"play_id":"71e84edf-0899-4f09-a2dd-dbc303ced7aa","local_time":"20190821093514","is_ascension_mode":true,"campfire_choices":[{"data":"Auto Shields","floor":6,"key":"SMITH"},{"data":"Loop","floor":12,"key":"SMITH"},{"floor":15,"key":"REST"}],"neow_cost":"NONE","seed_source_timestamp":228441794305365,"circlet_count":0,"master_deck":["Strike_B","Strike_B","Zap","Dualcast","Auto Shields+1","Rebound","Coolheaded","Loop+1","Melter","Glacier+1","White Noise+1","Fusion+1","Thunder Strike","Reboot+1","Conserve Battery+1","Auto Shields+1","Capacitor+1","Self Repair"],"relics":["Cracked Core","Question Card","Toxic Egg 2","Empty Cage"],"potions_floor_usage":[23,23,23],"damage_taken":[{"damage":10,"enemies":"Small Slimes","floor":1,"turns":3},{"damage":0,"enemies":"2 Louse","floor":4,"turns":2},{"damage":6,"enemies":"Jaw Worm","floor":5,"turns":3},{"damage":18,"enemies":"Lagavulin","floor":7,"turns":8},{"damage":0,"enemies":"Large Slime","floor":10,"turns":5},{"damage":0,"enemies":"Exordium Wildlife","floor":11,"turns":5},{"damage":8,"enemies":"Looter","floor":13,"turns":3},{"damage":1,"enemies":"Red Slaver","floor":14,"turns":5},{"damage":21,"enemies":"The Guardian","floor":16,"turns":12},{"damage":19,"enemies":"Shell Parasite","floor":18,"turns":6},{"damage":14,"enemies":"3 Byrds","floor":19,"turns":8},{"damage":10,"enemies":"Centurion and Healer","floor":20,"turns":9},{"damage":25,"enemies":"Gremlin Leader","floor":23,"turns":10}],"seed_played":"-9161012507756101605","potions_obtained":[{"floor":1,"key":"Ancient Potion"},{"floor":10,"key":"Fire Potion"},{"floor":11,"key":"SpeedPotion"},{"floor":14,"key":"EssenceOfSteel"}],"is_trial":false,"path_per_floor":["M","?","?","M","M","R","E","$","T","M","M","R","M","M","R","B",null,"M","M","M","$","?","E"],"character_chosen":"DEFECT","items_purchased":["Melter","Self Repair"],"campfire_rested":1,"item_purchase_floors":[8,21],"current_hp_per_floor":[72,65,65,65,59,59,41,41,41,41,41,41,33,32,56,35,82,63,49,39,39,23,0],"gold":34,"neow_bonus":"TEN_PERCENT_HP_BONUS","is_prod":false,"is_daily":false,"chose_seed":false,"campfire_upgraded":2,"win_rate":0,"timestamp":1566372914,"path_taken":["M","?","?","M","M","R","E","?","T","M","M","R","M","M","R","BOSS","M","M","M","$","?","E"],"build_version":"2019-07-17","purchased_purges":2,"victory":false,"max_hp_per_floor":[82,82,82,82,82,82,82,82,82,82,82,82,82,82,82,82,82,82,82,82,82,87,87],"card_choices":[{"not_picked":["Rip and Tear","Compile Driver"],"picked":"Auto Shields","floor":1},{"not_picked":["Leap","Scrape"],"picked":"Rebound","floor":4},{"not_picked":["Leap","Compile Driver"],"picked":"Coolheaded","floor":5},{"not_picked":["Steam","Reprogram"],"picked":"Loop","floor":7},{"not_picked":["Reprogram+1","Stack+1","Lockon"],"picked":"Glacier+1","floor":10},{"not_picked":["FTL","Gash","Conserve Battery+1"],"picked":"White Noise+1","floor":11},{"not_picked":["Hologram+1","Streamline","Coolheaded+1"],"picked":"Fusion+1","floor":13},{"not_picked":["Barrage","Sweeping Beam","Chaos+1"],"picked":"Thunder Strike","floor":14},{"not_picked":["Echo Form","Machine Learning","Rainbow+1"],"picked":"Reboot+1","floor":16},{"not_picked":["Reprogram+1","Compile Driver","Gash"],"picked":"Conserve Battery+1","floor":18},{"not_picked":["Go for the Eyes","Hologram+1","Streamline"],"picked":"Auto Shields+1","floor":19},{"not_picked":["Conserve Battery+1","Steam Power+1","Compile Driver"],"picked":"Capacitor+1","floor":20}],"player_experience":55444,"relics_obtained":[{"floor":7,"key":"Question Card"},{"floor":9,"key":"Toxic Egg 2"}],"event_choices":[{"cards_removed":["Strike_B"],"damage_healed":0,"gold_gain":0,"player_choice":"Card Removal","damage_taken":7,"max_hp_gain":0,"max_hp_loss":0,"event_name":"Golden Wing","floor":2,"gold_loss":0},{"cards_removed":["Defend_B"],"damage_healed":0,"gold_gain":0,"player_choice":"Card Removal","damage_taken":0,"max_hp_gain":0,"max_hp_loss":0,"event_name":"The Cleric","floor":3,"gold_loss":50},{"damage_healed":0,"gold_gain":0,"player_choice":"Shed Blood","damage_taken":21,"max_hp_gain":5,"max_hp_loss":0,"event_name":"Forgotten Altar","floor":22,"gold_loss":0}],"is_beta":false,"boss_relics":[{"not_picked":["Astrolabe","Fusion Hammer"],"picked":"Empty Cage"}],"items_purged_floors":[8,21],"is_endless":false,"potions_floor_spawned":[1,10,11,14,19],"killed_by":"Gremlin Leader","ascension_level":1}