{"gold_per_floor":[111,28,45,45,45,45,74,21,21,55,72,90,90],"floor_reached":13,"playtime":1120,"items_purged":[],"score":102,"play_id":"80139415-87ec-41bc-8e88-58d4b6e590f0","local_time":"20190820120054","is_ascension_mode":true,"campfire_choices":[{"data":"Corpse Explosion","floor":6,"key":"SMITH"}],"neow_cost":"NONE","seed_source_timestamp":152106598689215,"circlet_count":0,"master_deck":["Strike_G","Strike_G","Strike_G","Strike_G","Defend_G","Defend_G","Defend_G+1","Defend_G","Survivor","Neutralize","Corpse Explosion+1","Prepared+1","Backflip","Footwork","Acrobatics","Deadly Poison","Distraction","Poisoned Stab","Noxious Fumes"],"relics":["Ring of the Snake","Unceasing Top","Bronze Scales"],"potions_floor_usage":[12,13],"damage_taken":[{"damage":0,"enemies":"2 Louse","floor":1,"turns":1},{"damage":0,"enemies":"Jaw Worm","floor":3,"turns":5},{"damage":8,"enemies":"3 Sentries","floor":7,"turns":5},{"damage":32,"enemies":"Gremlin Nob","floor":10,"turns":5},{"damage":0,"enemies":"Cultist","floor":11,"turns":3},{"damage":7,"enemies":"Gremlin Gang","floor":12,"turns":2},{"damage":5,"enemies":"3 Sentries","floor":13,"turns":4}],"seed_played":"3588630873188593262","potions_obtained":[{"floor":1,"key":"FearPotion"},{"floor":10,"key":"Block Potion"},{"floor":11,"key":"Fire Potion"}],"is_trial":false,"path_per_floor":["M","$","M","?","?","R","E","$","T","E","M","M","E"],"character_chosen":"THE_SILENT","items_purchased":["Backflip","Footwork","Deadly Poison"],"campfire_rested":0,"item_purchase_floors":[2,2,8],"current_hp_per_floor":[70,70,70,56,49,49,41,41,41,9,9,2,0],"gold":90,"neow_bonus":"TRANSFORM_CARD","is_prod":false,"is_daily":false,"chose_seed":false,"campfire_upgraded":1,"win_rate":0,"timestamp":1566295254,"path_taken":["M","$","M","?","?","R","E","?","T","E","M","M","E"],"build_version":"2019-07-17","purchased_purges":0,"victory":false,"max_hp_per_floor":[70,70,70,70,70,70,70,70,70,70,70,70,70],"card_choices":[{"not_picked":["Expertise","Dagger Throw"],"picked":"Prepared","floor":1},{"not_picked":["Flechettes","Bane","Flying Knee"],"picked":"SKIP","floor":3},{"not_picked":["Riddle With Holes","Underhanded Strike"],"picked":"Acrobatics","floor":7},{"not_picked":["Choke","Cloak And Dagger"],"picked":"Distraction","floor":10},{"not_picked":["Acrobatics","Dagger Spray"],"picked":"Poisoned Stab","floor":11},{"not_picked":["Sucker Punch","Caltrops"],"picked":"Noxious Fumes","floor":12}],"player_experience":38842,"relics_obtained":[{"floor":7,"key":"Unceasing Top"},{"floor":10,"key":"Bronze Scales"}],"event_choices":[{"damage_healed":0,"gold_gain":0,"player_choice":"Entered Light","damage_taken":14,"max_hp_gain":0,"max_hp_loss":0,"event_name":"Shining Light","floor":4,"gold_loss":0,"cards_upgraded":["Defend_G","Prepared"]},{"cards_removed":["Defend_G"],"damage_healed":0,"gold_gain":0,"player_choice":"Card Removal","damage_taken":7,"max_hp_gain":0,"max_hp_loss":0,"event_name":"Golden Wing","floor":5,"gold_loss":0}],"is_beta":false,"boss_relics":[],"items_purged_floors":[],"is_endless":false,"potions_floor_spawned":[1,10,11],"killed_by":"3 Sentries","ascension_level":2}