{"gold_per_floor":[213,213,213,14,32,61,21,34,34,44,62,62,62,73,73,168,168,182,196,206,206,206,239,239,274,274,304,304,334,0,19,19,114,114,125,25,25,37,49,49,74,0,0,12,12,25,25,25,25,25,25,25,25,50,50],"floor_reached":55,"playtime":3735,"items_purged":["Regret","Regret"],"score":891,"play_id":"5239edb6-672a-4fc7-8818-b06f66fe4a98","local_time":"20190724091959","is_ascension_mode":true,"campfire_choices":[{"floor":12.0,"key":"REST"},{"data":"Pommel Strike","floor":15.0,"key":"SMITH"},{"floor":24,"key":"RECALL"},{"floor":28,"key":"REST"},{"floor":32,"key":"REST"},{"floor":40,"key":"REST"},{"floor":49,"key":"REST"},{"data":"Flame Barrier","floor":52,"key":"SMITH"}],"neow_cost":"NONE","seed_source_timestamp":69804341311753,"circlet_count":0,"master_deck":["Strike_R+1","Strike_R+1","Strike_R+1","Strike_R+1","Strike_R+1","Defend_R+1","Defend_R+1","Defend_R+1","Bash+1","Havoc","Pommel Strike+1","Pommel Strike","Perfected Strike","Shockwave","Seeing Red","Clothesline+1","Dropkick+1","Perfected Strike+1","Iron Wave+1","Offering","Whirlwind+1","Wild Strike+1","Fiend Fire+1","Uppercut+1","Pommel Strike+1","Shrug It Off","Battle Trance","Wild Strike+1","Flame Barrier+1","Havoc+1","Armaments+1","Barricade","Injury","Regret","Perfected Strike+1","Trip+1","Uppercut+1","Havoc+1","Double Tap+1","Exhume+1","Infernal Blade+1","Ghostly Armor+1","Feel No Pain+1","Shrug It Off+1"],"special_seed":0,"relics":["Burning Blood","Paper Frog","Vajra","Dream Catcher","Molten Egg 2","Mark of Pain","Potion Belt","Bag of Preparation","Bronze Scales","Dodecahedron","PreservedInsect","Toxic Egg 2","Calling Bell","Blood Vial","Shuriken","Magic Flower","Mango","Red Mask","Champion Belt","Du-Vu Doll"],"potions_floor_usage":[23,27,33,35,55,55,55],"damage_taken":[{"damage":7.0,"enemies":"Small Slimes","floor":1.0,"turns":4.0},{"damage":15.0,"enemies":"Jaw Worm","floor":5.0,"turns":3.0},{"damage":38.0,"enemies":"3 Sentries","floor":6.0,"turns":8.0},{"damage":0.0,"enemies":"Cultist","floor":8.0,"turns":2.0},{"damage":6.0,"enemies":"Large Slime","floor":10.0,"turns":5.0},{"damage":6.0,"enemies":"3 Louse","floor":11.0,"turns":3.0},{"damage":6.0,"enemies":"Exordium Wildlife","floor":14.0,"turns":2.0},{"damage":6.0,"enemies":"Slime Boss","floor":16.0,"turns":6.0},{"damage":6,"enemies":"2 Thieves","floor":18,"turns":2},{"damage":3,"enemies":"Spheric Guardian","floor":19,"turns":3},{"damage":11,"enemies":"3 Cultists","floor":20,"turns":4},{"damage":10,"enemies":"Slavers","floor":23,"turns":3},{"damage":12,"enemies":"Gremlin Leader","floor":25,"turns":2},{"damage":14,"enemies":"Book of Stabbing","floor":27,"turns":3},{"damage":19,"enemies":"Slavers","floor":29,"turns":4},{"damage":4,"enemies":"Cultist and Chosen","floor":31,"turns":3},{"damage":36,"enemies":"Collector","floor":33,"turns":5},{"damage":0,"enemies":"Orb Walker","floor":35,"turns":1},{"damage":25,"enemies":"3 Shapes","floor":38,"turns":2},{"damage":40,"enemies":"Writhing Mass","floor":39,"turns":3},{"damage":14,"enemies":"Giant Head","floor":41,"turns":3},{"damage":32,"enemies":"Maw","floor":44,"turns":3},{"damage":3,"enemies":"Transient","floor":46,"turns":5},{"damage":19,"enemies":"Donu and Deca","floor":50,"turns":4},{"damage":12,"enemies":"Shield and Spear","floor":54,"turns":1},{"damage":121,"enemies":"The Heart","floor":55,"turns":6}],"seed_played":"-6401771603916859563","potions_obtained":[{"floor":1.0,"key":"LiquidBronze"},{"floor":6.0,"key":"Block Potion"},{"floor":18,"key":"FearPotion"},{"floor":23,"key":"Explosive Potion"},{"floor":25,"key":"FearPotion"},{"floor":27,"key":"FearPotion"},{"floor":31,"key":"Regen Potion"},{"floor":44,"key":"Fire Potion"}],"is_trial":false,"path_per_floor":["M","?","?","$","M","E","$","M","T","M","M","R","?","M","R","B",null,"M","M","M","?","?","E","R","E","T","E","R","E","$","M","R","B",null,"M","$","?","M","M","R","E","?","T","M","T","M","$","?","R","B",null,"R","$","E","B"],"character_chosen":"IRONCLAD","items_purchased":["Vajra","Pommel Strike","Shockwave","Toxic Egg 2"],"campfire_rested":5,"item_purchase_floors":[4,4,7,30],"current_hp_per_floor":[79,79,63,63,54,22,22,28,28,28,28,52,52,52,52,52,80,80,80,75,75,75,71,71,65,65,57,80,67,67,69,80,50,80,80,80,80,64,36,60,72,72,72,52,52,61,61,61,89,82,94,94,94,91,0],"gold":50,"neow_bonus":"HUNDRED_GOLD","is_prod":false,"is_daily":false,"chose_seed":false,"campfire_upgraded":2,"win_rate":0,"timestamp":1563977999,"path_taken":["M","?","?","$","M","E","$","?","T","M","M","R","?","M","R","BOSS","M","M","?","?","?","E","R","E","T","E","R","E","?","M","R","BOSS","M","$","?","M","M","R","E","?","T","M","?","?","?","?","R","BOSS","R","$","E","BOSS"],"build_version":"2019-07-17","purchased_purges":2,"victory":false,"max_hp_per_floor":[80,80,80,80,80,80,80,80,80,80,80,80,80,80,80,80,80,80,80,80,80,80,80,80,80,80,80,80,80,80,80,80,80,80,80,80,80,80,80,80,94,94,94,94,94,94,94,94,94,94,94,94,94,94,94],"card_choices":[{"not_picked":["Entrench","Flex"],"picked":"Havoc","floor":1.0},{"not_picked":["Twin Strike","Anger"],"picked":"Pommel Strike","floor":5.0},{"not_picked":["Bloodletting","Cleave"],"picked":"Perfected Strike","floor":6.0},{"not_picked":["Pummel","Cleave"],"picked":"Seeing Red","floor":8.0},{"not_picked":["Warcry","Heavy Blade+1"],"picked":"Clothesline+1","floor":10.0},{"not_picked":["Warcry","Demon Form"],"picked":"Dropkick+1","floor":11.0},{"not_picked":["True Grit","Pommel Strike+1"],"picked":"Perfected Strike+1","floor":12.0},{"not_picked":["Havoc","Headbutt+1"],"picked":"Iron Wave+1","floor":14.0},{"not_picked":["Juggernaut","Impervious"],"picked":"Offering","floor":16.0},{"not_picked":["Heavy Blade+1","Pommel Strike+1"],"picked":"Whirlwind+1","floor":18},{"not_picked":["Thunderclap+1","Twin Strike+1"],"picked":"Wild Strike+1","floor":19},{"not_picked":["Rampage+1","Wild Strike+1"],"picked":"Fiend Fire+1","floor":20},{"not_picked":["Headbutt+1","True Grit"],"picked":"Pommel Strike+1","floor":23},{"not_picked":["Inflame","Wild Strike+1"],"picked":"Shrug It Off","floor":25},{"not_picked":["Rupture+1","Hemokinesis+1"],"picked":"Battle Trance","floor":27},{"not_picked":["True Grit+1","Anger+1"],"picked":"Wild Strike+1","floor":28},{"not_picked":["Sword Boomerang+1","Headbutt+1"],"picked":"Flame Barrier","floor":29},{"not_picked":["Whirlwind+1","Heavy Blade+1"],"picked":"Havoc+1","floor":31},{"not_picked":["Intimidate+1","Burning Pact+1"],"picked":"Armaments+1","floor":32},{"not_picked":["Limit Break+1","Berserk"],"picked":"Barricade","floor":33},{"not_picked":["Disarm+1","Sword Boomerang+1"],"picked":"Perfected Strike+1","floor":35},{"not_picked":["Blind+1","PanicButton+1"],"picked":"Trip+1","floor":37},{"not_picked":["Clash+1","Body Slam+1"],"picked":"Uppercut+1","floor":38},{"not_picked":["Thunderclap+1","Cleave+1"],"picked":"Havoc+1","floor":39},{"not_picked":["Thunderclap+1","Headbutt+1"],"picked":"Double Tap+1","floor":40},{"not_picked":["Combust","Uppercut+1"],"picked":"Exhume+1","floor":41},{"not_picked":["True Grit+1","Pommel Strike+1"],"picked":"Infernal Blade+1","floor":44},{"not_picked":["Wild Strike+1","Armaments+1"],"picked":"Ghostly Armor+1","floor":46},{"not_picked":["Cleave+1","True Grit+1"],"picked":"Feel No Pain+1","floor":49},{"not_picked":["Heavy Blade+1","Clash+1"],"picked":"Shrug It Off+1","floor":54}],"player_experience":81950,"relics_obtained":[{"floor":6.0,"key":"Dream Catcher"},{"floor":9.0,"key":"Molten Egg 2"},{"floor":23,"key":"Potion Belt"},{"floor":25,"key":"Bag of Preparation"},{"floor":26,"key":"Bronze Scales"},{"floor":27,"key":"Dodecahedron"},{"floor":29,"key":"PreservedInsect"},{"floor":34,"key":"Blood Vial"},{"floor":34,"key":"Shuriken"},{"floor":34,"key":"Magic Flower"},{"floor":41,"key":"Mango"},{"floor":45,"key":"Champion Belt"},{"floor":54,"key":"Du-Vu Doll"}],"event_choices":[{"damage_healed":0.0,"max_hp_gain":0.0,"max_hp_loss":0.0,"gold_gain":0.0,"event_name":"Big Fish","player_choice":"Box","floor":2.0,"gold_loss":0.0,"damage_taken":0.0,"relics_obtained":["Paper Frog"],"cards_obtained":["Regret"]},{"damage_healed":0.0,"max_hp_gain":0.0,"max_hp_loss":0.0,"gold_gain":0.0,"event_name":"Shining Light","player_choice":"Entered Light","floor":3.0,"gold_loss":0.0,"damage_taken":16.0,"cards_upgraded":["Defend_R","Bash"]},{"cards_removed":["Defend_R"],"damage_healed":0.0,"max_hp_gain":0.0,"max_hp_loss":0.0,"gold_gain":0.0,"event_name":"Wheel of Change","player_choice":"Card Removal","floor":13.0,"gold_loss":0.0,"damage_taken":0.0},{"damage_healed":0,"gold_gain":0,"player_choice":"Read","damage_taken":0,"max_hp_gain":0,"max_hp_loss":0,"event_name":"The Library","floor":21,"gold_loss":0,"cards_obtained":["Uppercut"]},{"damage_healed":0,"gold_gain":0,"player_choice":"Simplicity","damage_taken":0,"max_hp_gain":0,"max_hp_loss":0,"event_name":"Back to Basics","floor":22,"gold_loss":0,"cards_upgraded":["Strike_R","Strike_R","Strike_R","Strike_R","Strike_R","Defend_R","Defend_R"]},{"damage_healed":0,"gold_gain":0,"player_choice":"Memory 1","damage_taken":0,"max_hp_gain":0,"max_hp_loss":0,"event_name":"SensoryStone","floor":37,"gold_loss":0},{"damage_healed":0,"gold_gain":0,"player_choice":"Paid","damage_taken":0,"relics_obtained":["Red Mask"],"max_hp_gain":0,"max_hp_loss":0,"event_name":"Tomb of Lord Red Mask","floor":42,"gold_loss":74},{"damage_healed":0,"gold_gain":0,"player_choice":"Ignored","damage_taken":0,"max_hp_gain":0,"max_hp_loss":0,"event_name":"Mysterious Sphere","floor":48,"gold_loss":0}],"is_beta":false,"boss_relics":[{"not_picked":["Coffee Dripper","Fusion Hammer"],"picked":"Mark of Pain"},{"not_picked":["Busted Crown","Orrery"],"picked":"Calling Bell"}],"items_purged_floors":[30,36],"is_endless":false,"potions_floor_spawned":[1,6,18,23,25,27,31,44],"killed_by":"The Heart","ascension_level":1}