{"gold_per_floor":[110,110,110,125,146,181,205,221,246,216],"floor_reached":10,"playtime":337,"items_purged":[],"score":77,"play_id":"cead03f6-556f-4d3e-91ea-6aab8ae6a207","local_time":"20190911122812","is_ascension_mode":true,"campfire_choices":[],"neow_cost":"NONE","seed_source_timestamp":57332474417272,"circlet_count":0,"master_deck":["Strike_B","Strike_B","Strike_B+1","Strike_B+1","Defend_B","Defend_B","Defend_B","Defend_B","Zap","Dualcast","Conserve Battery","Gash","Gash","Go for the Eyes","Doom and Gloom","FTL"],"relics":["Cracked Core","Golden Idol","PreservedInsect","Toxic Egg 2","Whetstone"],"potions_floor_usage":[6,10,10],"damage_taken":[{"damage":0,"enemies":"Jaw Worm","floor":1,"turns":4},{"damage":1,"enemies":"Cultist","floor":4,"turns":3},{"damage":5,"enemies":"2 Louse","floor":5,"turns":2},{"damage":21,"enemies":"Lagavulin","floor":6,"turns":4},{"damage":23,"enemies":"Gremlin Gang","floor":7,"turns":6},{"damage":0,"enemies":"2 Fungi Beasts","floor":8,"turns":3},{"damage":15,"enemies":"Exordium Thugs","floor":10,"turns":2}],"seed_played":"4497378148251426057","potions_obtained":[{"floor":4,"key":"Poison Potion"},{"floor":7,"key":"PowerPotion"},{"floor":8,"key":"Energy Potion"}],"is_trial":false,"path_per_floor":["M","?","T","M","M","E","M","M","T","M"],"character_chosen":"DEFECT","items_purchased":[],"campfire_rested":0,"item_purchase_floors":[],"current_hp_per_floor":[75,57,57,56,51,30,7,7,7,0],"gold":216,"neow_bonus":"THREE_CARDS","is_prod":false,"is_daily":false,"chose_seed":false,"campfire_upgraded":0,"win_rate":0,"timestamp":1568222892,"path_taken":["M","?","?","M","?","E","M","M","T","M"],"build_version":"2019-09-10","purchased_purges":0,"victory":false,"max_hp_per_floor":[75,75,75,75,75,75,75,75,75,75],"card_choices":[{"not_picked":["Skim","BootSequence"],"picked":"Conserve Battery","floor":0},{"not_picked":["Barrage","Steam"],"picked":"Gash","floor":1},{"not_picked":["Hologram","Steam"],"picked":"Gash","floor":4},{"not_picked":["Heatsinks","Turbo","Steam Power"],"picked":"SKIP","floor":5},{"not_picked":["Barrage","Stack"],"picked":"Go for the Eyes","floor":6},{"not_picked":["Stack+1","Heatsinks"],"picked":"Doom and Gloom","floor":7},{"not_picked":["Auto Shields+1","Sweeping Beam"],"picked":"FTL","floor":8}],"player_experience":264171,"relics_obtained":[{"floor":3,"key":"PreservedInsect"},{"floor":6,"key":"Toxic Egg 2"},{"floor":9,"key":"Whetstone"}],"event_choices":[{"damage_healed":0,"gold_gain":0,"player_choice":"Take Damage","damage_taken":18,"relics_obtained":["Golden Idol"],"max_hp_gain":0,"max_hp_loss":0,"event_name":"Golden Idol","floor":2,"gold_loss":0}],"is_beta":true,"boss_relics":[],"items_purged_floors":[],"is_endless":false,"potions_floor_spawned":[4,7,8],"killed_by":"Exordium Thugs","ascension_level":2}