{"gold_per_floor":[109,121,141,156,156,156,180,180,204,204,214,233,263,276,276,353,353,364,383,402,412,412],"floor_reached":22,"playtime":1790,"items_purged":[],"score":374,"play_id":"50cbaa60-21bb-4f6f-ad0e-ebebbed51e8f","local_time":"20190926055525","is_ascension_mode":true,"campfire_choices":[{"data":"Cold Snap","floor":6.0,"key":"SMITH"},{"data":"Blizzard","floor":8.0,"key":"SMITH"},{"data":"Melter","floor":10.0,"key":"SMITH"},{"floor":15.0,"key":"REST"}],"neow_cost":"NONE","seed_source_timestamp":1496608441148897,"circlet_count":0,"master_deck":["AscendersBane","Strike_B","Strike_B","Strike_B","Strike_B","Defend_B","Defend_B","Defend_B","Defend_B","Zap","Dualcast","Cold Snap+1","Melter+1","Blizzard+1","Coolheaded","Defragment","Self Repair"],"special_seed":0,"relics":["Velvet Choker","Bag of Marbles","Oddly Smooth Stone","Pen Nib","Busted Crown"],"potions_floor_usage":[22],"damage_taken":[{"damage":0.0,"enemies":"2 Louse","floor":1.0,"turns":2.0},{"damage":0.0,"enemies":"Jaw Worm","floor":2.0,"turns":1.0},{"damage":0.0,"enemies":"Cultist","floor":3.0,"turns":4.0},{"damage":19.0,"enemies":"Gremlin Gang","floor":4.0,"turns":5.0},{"damage":0.0,"enemies":"2 Fungi Beasts","floor":11.0,"turns":2.0},{"damage":3.0,"enemies":"Exordium Wildlife","floor":12.0,"turns":4.0},{"damage":7.0,"enemies":"Lagavulin","floor":13.0,"turns":7.0},{"damage":4.0,"enemies":"Lots of Slimes","floor":14.0,"turns":4.0},{"damage":3.0,"enemies":"The Guardian","floor":16.0,"turns":9.0},{"damage":18.0,"enemies":"Chosen","floor":18.0,"turns":5.0},{"damage":0.0,"enemies":"Spheric Guardian","floor":19.0,"turns":2.0},{"damage":25.0,"enemies":"Snecko","floor":20.0,"turns":8.0},{"damage":26,"enemies":"Centurion and Healer","floor":21,"turns":7},{"damage":23,"enemies":"Shelled Parasite and Fungi","floor":22,"turns":3}],"seed_played":"942372545818987382","potions_obtained":[{"floor":1.0,"key":"Fire Potion"},{"floor":4.0,"key":"Swift Potion"},{"floor":12.0,"key":"Dexterity Potion"},{"floor":13.0,"key":"Ancient Potion"},{"floor":16.0,"key":"Explosive Potion"},{"floor":19.0,"key":"Energy Potion"}],"is_trial":false,"path_per_floor":["M","M","M","M","?","R","T","R","T","R","M","M","E","M","R","B",null,"M","M","M","M","M"],"character_chosen":"DEFECT","items_purchased":[],"campfire_rested":1,"item_purchase_floors":[],"current_hp_per_floor":[64,64,64,45,45,45,45,45,45,45,45,42,35,31,52,56,67,56,56,38,19,0],"gold":412,"neow_bonus":"BOSS_RELIC","is_prod":false,"is_daily":false,"chose_seed":false,"campfire_upgraded":3,"win_rate":0,"timestamp":1569491725,"path_taken":["M","M","M","M","?","R","?","R","T","R","M","M","E","?","R","BOSS","M","?","?","M","M"],"build_version":"2019-07-17","purchased_purges":0,"victory":false,"max_hp_per_floor":[71,71,71,71,71,71,71,71,71,71,71,71,71,71,71,71,71,71,71,71,71,71],"card_choices":[{"not_picked":["Force Field","Turbo","Barrage"],"picked":"SKIP","floor":1.0},{"not_picked":["Static Discharge","Heatsinks"],"picked":"Cold Snap","floor":2.0},{"not_picked":["Coolheaded","Hologram"],"picked":"Melter","floor":3.0},{"not_picked":["Coolheaded","Leap"],"picked":"Blizzard","floor":4.0},{"not_picked":["Go for the Eyes","Hello World"],"picked":"Coolheaded","floor":11.0},{"not_picked":["Beam Cell","Melter","Stack"],"picked":"SKIP","floor":12.0},{"not_picked":["Rebound","Reinforced Body"],"picked":"Defragment","floor":13.0},{"not_picked":["Barrage","Darkness"],"picked":"Self Repair","floor":14.0},{"not_picked":["Ball Lightning"],"picked":"SKIP","floor":18.0},{"not_picked":["Rebound"],"picked":"SKIP","floor":19.0},{"not_picked":["Sweeping Beam"],"picked":"SKIP","floor":20.0},{"not_picked":["Stack"],"picked":"SKIP","floor":21}],"player_experience":437601,"relics_obtained":[{"floor":7.0,"key":"Bag of Marbles"},{"floor":9.0,"key":"Oddly Smooth Stone"},{"floor":13.0,"key":"Pen Nib"}],"event_choices":[{"damage_healed":0.0,"max_hp_gain":0.0,"max_hp_loss":0.0,"gold_gain":0.0,"event_name":"Shining Light","player_choice":"Ignored","floor":5.0,"gold_loss":0.0,"damage_taken":0.0}],"is_beta":false,"boss_relics":[{"not_picked":["Runic Pyramid","Philosopher\u0027s Stone"],"picked":"Busted Crown"}],"items_purged_floors":[],"is_endless":false,"potions_floor_spawned":[1,4,12,13,16,19],"killed_by":"Shelled Parasite and Fungi","ascension_level":19}