{"gold_per_floor":[114,114,129,144,69,69,84,84,159,159,174,204,304,319,319,419,419,434,534,434,449,464,464,479,479,529,544,544,559,574,149,149,149],"floor_reached":33,"playtime":1968,"items_purged":["Defend_P","Strike_P","Strike_P"],"score":326,"play_id":"22bd99c8-038c-4a5d-b59a-2dba7377026a","local_time":"20190927011921","daily_mods":["Heirloom","Red Cards","Terminal"],"is_ascension_mode":false,"campfire_choices":[{"data":"Consecrate","floor":6.0,"key":"SMITH"},{"data":"Eruption","floor":8.0,"key":"SMITH"},{"data":"Shrug It Off","floor":10.0,"key":"SMITH"},{"data":"Cleave","floor":15.0,"key":"SMITH"},{"data":"Body Slam","floor":23.0,"key":"SMITH"},{"data":"Weave","floor":25.0,"key":"SMITH"},{"floor":28.0,"key":"REST"},{"data":"ForeignInfluence","floor":32,"key":"SMITH"}],"neow_cost":"","seed_source_timestamp":205574735782652,"circlet_count":0,"master_deck":["Strike_P","Defend_P","Defend_P","Defend_P","Eruption+1","Vigilance","ThirdEye","Shrug It Off+1","Consecrate+1","JustLucky","Cleave+1","Battle Trance","Blasphemy","Consecrate+1","Body Slam+1","Weave+1","Consecrate","Metallicize","Metallicize+1","ForeignInfluence+1","Protect+1","Dramatic Entrance"],"special_seed":18165,"relics":["PureWater","GoldenEye","Question Card","Boot","SlaversCollar","Bronze Scales","Orrery"],"potions_floor_usage":[30,30,33],"damage_taken":[{"damage":0.0,"enemies":"Jaw Worm","floor":1.0,"turns":3.0},{"damage":6.0,"enemies":"Small Slimes","floor":3.0,"turns":3.0},{"damage":0.0,"enemies":"Cultist","floor":4.0,"turns":3.0},{"damage":0.0,"enemies":"2 Fungi Beasts","floor":7.0,"turns":2.0},{"damage":4.0,"enemies":"Exordium Thugs","floor":11.0,"turns":4.0},{"damage":0.0,"enemies":"3 Sentries","floor":12.0,"turns":3.0},{"damage":0.0,"enemies":"Lots of Slimes","floor":14.0,"turns":2.0},{"damage":0.0,"enemies":"Slime Boss","floor":16.0,"turns":4.0},{"damage":3.0,"enemies":"Shell Parasite","floor":18.0,"turns":6.0},{"damage":0.0,"enemies":"Spheric Guardian","floor":21.0,"turns":5.0},{"damage":1.0,"enemies":"Shelled Parasite and Fungi","floor":22.0,"turns":5.0},{"damage":11.0,"enemies":"Sentry and Sphere","floor":24.0,"turns":4.0},{"damage":20.0,"enemies":"Snake Plant","floor":27.0,"turns":4.0},{"damage":16,"enemies":"Snecko","floor":29,"turns":6},{"damage":5,"enemies":"Shelled Parasite and Fungi","floor":30,"turns":5},{"damage":28,"enemies":"Automaton","floor":33,"turns":12}],"seed_played":"-271684292414772079","potions_obtained":[{"floor":3.0,"key":"Regen Potion"},{"floor":4.0,"key":"AttackPotion"},{"floor":11.0,"key":"Ancient Potion"},{"floor":18.0,"key":"EssenceOfSteel"},{"floor":30,"key":"DuplicationPotion"}],"is_trial":false,"path_per_floor":["M","?","M","M","$","R","M","R","T","R","M","E","?","M","R","B",null,"M","?","$","M","M","R","M","R","T","M","R","M","M","$","R","B"],"character_chosen":"WATCHER","items_purchased":["Metallicize","Orrery","Dramatic Entrance"],"campfire_rested":1,"item_purchase_floors":[31,31,31],"current_hp_per_floor":[70,63,57,57,57,57,57,57,57,57,53,53,53,53,53,53,54,51,51,51,50,49,48,37,37,37,17,30,14,23,23,23,0],"gold":149,"neow_bonus":"","is_prod":false,"is_daily":true,"chose_seed":false,"campfire_upgraded":7,"win_rate":0.0,"timestamp":1569539961,"path_taken":["M","?","M","M","$","R","M","R","T","R","M","E","?","?","R","BOSS","M","?","?","M","M","R","M","R","T","?","R","M","M","$","R","BOSS"],"build_version":"2019-09-26","purchased_purges":3,"victory":false,"max_hp_per_floor":[70,69,68,67,66,65,64,63,62,61,60,59,58,57,56,55,54,53,52,51,50,49,48,47,46,45,44,43,42,41,40,39,39],"card_choices":[{"not_picked":["Headbutt","EmptyBody"],"picked":"ThirdEye","floor":1.0},{"not_picked":["CleanseEvil","Collect"],"picked":"Shrug It Off","floor":3.0},{"not_picked":["WheelKick","True Grit"],"picked":"Consecrate","floor":4.0},{"not_picked":["Evolve","Havoc"],"picked":"JustLucky","floor":7.0},{"not_picked":["Protect","Sever Soul","Shrug It Off"],"picked":"Cleave","floor":11.0},{"not_picked":["EmptyFist","Berserk","CrushJoints","Twin Strike"],"picked":"SKIP","floor":12.0},{"not_picked":["Intimidate","Anger","FlurryOfBlows"],"picked":"Battle Trance","floor":14.0},{"not_picked":["DevaForm","Wish","Dark Embrace"],"picked":"Blasphemy","floor":16.0},{"not_picked":["BowlingBash","DeceiveReality","EmptyBody+1"],"picked":"Consecrate+1","floor":18.0},{"not_picked":["MasterReality","Pommel Strike","Reckless Charge"],"picked":"Body Slam","floor":21.0},{"not_picked":["Warcry+1","Dropkick","Sanctity+1"],"picked":"Weave","floor":22.0},{"not_picked":["Wireheading","Protect","Dropkick","Body Slam"],"picked":"SKIP","floor":24.0},{"not_picked":["BattleHymn+1","Brutality","Anger","Heavy Blade+1"],"picked":"SKIP","floor":27.0},{"not_picked":["CutThroughFate","Wild Strike+1","Clothesline+1","EmptyBody+1"],"picked":"SKIP","floor":29},{"not_picked":["Swivel","ThirdEye","Clash"],"picked":"Consecrate","floor":30},{"not_picked":["Sanctity","Halt+1","EmptyFist"],"picked":"Metallicize+1","floor":31},{"not_picked":["FollowUp","Flex","Clash"],"picked":"ForeignInfluence","floor":31},{"not_picked":["Inflame","EmptyBody","Disarm"],"picked":"Protect+1","floor":31}],"player_experience":240360,"relics_obtained":[{"floor":9.0,"key":"Question Card"},{"floor":12.0,"key":"Boot"},{"floor":26.0,"key":"Bronze Scales"}],"event_choices":[{"cards_removed":["Strike_P"],"damage_healed":0.0,"max_hp_gain":0.0,"max_hp_loss":0.0,"gold_gain":0.0,"event_name":"Golden Wing","player_choice":"Card Removal","floor":2.0,"gold_loss":0.0,"damage_taken":7.0},{"damage_healed":0.0,"max_hp_gain":0.0,"max_hp_loss":0.0,"gold_gain":100.0,"event_name":"Golden Shrine","player_choice":"Pray","floor":13.0,"gold_loss":0.0,"damage_taken":0.0},{"damage_healed":0.0,"max_hp_gain":0.0,"max_hp_loss":0.0,"gold_gain":100.0,"event_name":"Golden Shrine","player_choice":"Pray","floor":19.0,"gold_loss":0.0,"damage_taken":0.0}],"is_beta":true,"boss_relics":[{"not_picked":["Runic Dome","Black Star"],"picked":"SlaversCollar"}],"items_purged_floors":[5,20,31],"is_endless":false,"potions_floor_spawned":[3,4,11,18,21,30],"killed_by":"Automaton","ascension_level":0}