{"gold_per_floor":[211,63,79,79,89,89,116,116,141,157,157,190,60,79,79,79],"floor_reached":16,"playtime":857,"items_purged":["Strike_P"],"score":168,"play_id":"09db5818-58e2-4453-a925-24727b686172","local_time":"20190927130828","is_ascension_mode":true,"campfire_choices":[{"data":"Eruption","floor":6,"key":"SMITH"},{"data":"WindmillStrike","floor":8,"key":"SMITH"},{"data":"CutThroughFate","floor":11,"key":"SMITH"},{"data":"Weave","floor":15,"key":"SMITH"}],"neow_cost":"NONE","seed_source_timestamp":253310396920005,"circlet_count":0,"master_deck":["Strike_P","Strike_P","Strike_P","Defend_P","Defend_P","Defend_P","Defend_P","Eruption+1","Vigilance","FollowUp","WindmillStrike+1","Weave+1","CutThroughFate+1","Crescendo","DeusExMachina","Sanctity"],"relics":["PureWater","Blood Vial","Pocketwatch","Lantern","Dead Branch","Peace Pipe"],"potions_floor_usage":[7,12,12],"damage_taken":[{"damage":0,"enemies":"Cultist","floor":1,"turns":4},{"damage":3,"enemies":"Jaw Worm","floor":3,"turns":2},{"damage":0,"enemies":"2 Louse","floor":5,"turns":2},{"damage":0,"enemies":"Gremlin Nob","floor":7,"turns":2},{"damage":0,"enemies":"2 Fungi Beasts","floor":10,"turns":2},{"damage":0,"enemies":"Lagavulin","floor":12,"turns":3},{"damage":0,"enemies":"Lots of Slimes","floor":14,"turns":3},{"damage":64,"enemies":"The Guardian","floor":16,"turns":6}],"seed_played":"-4845176450019924515","potions_obtained":[{"floor":1,"key":"SteroidPotion"},{"floor":5,"key":"Block Potion"},{"floor":7,"key":"PowerPotion"}],"is_trial":false,"path_per_floor":["M","$","M","?","M","R","E","R","T","M","R","E","?","M","R","B"],"character_chosen":"WATCHER","items_purchased":["WindmillStrike"],"campfire_rested":0,"item_purchase_floors":[2],"current_hp_per_floor":[72,72,69,44,46,46,48,48,48,50,50,52,52,54,54,0],"gold":79,"neow_bonus":"HUNDRED_GOLD","is_prod":false,"is_daily":false,"chose_seed":false,"campfire_upgraded":4,"win_rate":0,"timestamp":1569582508,"path_taken":["M","$","M","?","M","R","E","R","T","M","R","E","?","M","R","BOSS"],"build_version":"2019-09-26","purchased_purges":1,"victory":false,"max_hp_per_floor":[72,72,72,72,72,72,72,72,72,72,72,72,72,72,72,72],"card_choices":[{"not_picked":["EmptyMind","Evaluate"],"picked":"FollowUp","floor":1},{"not_picked":["DeceiveReality","EmptyFist"],"picked":"Weave","floor":3},{"not_picked":["ThirdEye","Scrawl"],"picked":"CutThroughFate","floor":5},{"not_picked":["EmptyMind","Prostrate"],"picked":"Crescendo","floor":7},{"not_picked":["MentalFortress","Prostrate","FlyingSleeves"],"picked":"SKIP","floor":10},{"not_picked":["CrushJoints","Swivel"],"picked":"DeusExMachina","floor":12},{"not_picked":["FlurryOfBlows","CrushJoints"],"picked":"Sanctity","floor":14}],"player_experience":250723,"relics_obtained":[{"floor":7,"key":"Pocketwatch"},{"floor":9,"key":"Lantern"},{"floor":12,"key":"Dead Branch"}],"event_choices":[{"damage_healed":0,"gold_gain":0,"player_choice":"Success","damage_taken":25,"relics_obtained":["Blood Vial"],"max_hp_gain":0,"max_hp_loss":0,"event_name":"Scrap Ooze","floor":4,"gold_loss":0},{"damage_healed":0,"gold_gain":0,"player_choice":"Paid Gold","damage_taken":0,"relics_obtained":["Peace Pipe"],"max_hp_gain":0,"max_hp_loss":0,"event_name":"WeMeetAgain","floor":13,"gold_loss":130}],"is_beta":true,"boss_relics":[],"items_purged_floors":[2],"is_endless":false,"potions_floor_spawned":[1,5,7],"killed_by":"The Guardian","ascension_level":1}