{"gold_per_floor":[114,114,125,125,144,144,144,144,144,176,190,190,30,46,46,120,120,80,80,80,80,80,80,80,80,80,80,80,80,80,80,80,80,80,80,80,80,80,80],"floor_reached":39,"playtime":2826,"items_purged":["Defend_B"],"score":743,"play_id":"041c6827-6eb9-42dd-b34e-00fb944e13f5","local_time":"20190926110308","is_ascension_mode":true,"campfire_choices":[{"data":"Redo","floor":6.0,"key":"SMITH"},{"data":"Leap","floor":8.0,"key":"SMITH"},{"data":"Conserve Battery","floor":12.0,"key":"SMITH"},{"floor":15.0,"key":"REST"},{"data":"Thunder Strike","floor":23.0,"key":"SMITH"},{"data":"Conserve Battery","floor":27.0,"key":"SMITH"},{"data":"Lockon","floor":29.0,"key":"SMITH"},{"floor":32.0,"key":"REST"}],"neow_cost":"NONE","seed_source_timestamp":0,"circlet_count":0,"master_deck":["AscendersBane","Defend_B","Defend_B","Zap","Dualcast","Electrodynamics+1","Melter+1","Redo+1","White Noise","Self Repair","Leap+1","Genetic Algorithm","Conserve Battery+1","Lockon+1","Thunder Strike+1","Ghostly","Ghostly","Ghostly","Auto Shields","Conserve Battery+1","Biased Cognition","Glacier+1","Defragment+1"],"special_seed":0,"relics":["Astrolabe","Bottled Lightning","Pen Nib","Ectoplasm","Happy Flower","Bottled Flame","Sozu"],"potions_floor_usage":[],"damage_taken":[{"damage":0.0,"enemies":"2 Louse","floor":1.0,"turns":2.0},{"damage":2.0,"enemies":"Jaw Worm","floor":3.0,"turns":3.0},{"damage":2.0,"enemies":"Cultist","floor":5.0,"turns":4.0},{"damage":32.0,"enemies":"Gremlin Nob","floor":10.0,"turns":4.0},{"damage":4.0,"enemies":"Large Slime","floor":11.0,"turns":4.0},{"damage":23.0,"enemies":"Exordium Thugs","floor":14.0,"turns":3.0},{"damage":30.0,"enemies":"The Guardian","floor":16.0,"turns":11.0},{"damage":22.0,"enemies":"2 Thieves","floor":18.0,"turns":2.0},{"damage":9.0,"enemies":"Shell Parasite","floor":21.0,"turns":5.0},{"damage":4.0,"enemies":"Centurion and Healer","floor":25.0,"turns":8.0},{"damage":8.0,"enemies":"Snecko","floor":28.0,"turns":7.0},{"damage":28.0,"enemies":"Cultist and Chosen","floor":30.0,"turns":6.0},{"damage":8.0,"enemies":"Champ","floor":33.0,"turns":8.0},{"damage":12.0,"enemies":"3 Shapes","floor":35.0,"turns":4.0},{"damage":1.0,"enemies":"3 Darklings","floor":36.0,"turns":4.0},{"damage":1.0,"enemies":"Transient","floor":37.0,"turns":2.0},{"damage":41,"enemies":"Jaw Worm Horde","floor":39,"turns":2}],"seed_played":"1433590783145110209","potions_obtained":[{"floor":1.0,"key":"GamblersBrew"},{"floor":3.0,"key":"GamblersBrew"},{"floor":10.0,"key":"EssenceOfSteel"},{"floor":14.0,"key":"SmokeBomb"},{"floor":18.0,"key":"Weak Potion"},{"floor":25.0,"key":"Block Potion"},{"floor":30.0,"key":"Poison Potion"}],"is_trial":false,"path_per_floor":["M","?","M","?","M","R","?","R","T","E","M","R","$","M","R","B",null,"M","?","?","M","T","R","$","M","T","R","M","R","M","?","R","B",null,"M","M","M","?","M"],"character_chosen":"DEFECT","items_purchased":["Lockon"],"campfire_rested":2,"item_purchase_floors":[13],"current_hp_per_floor":[64,64,62,55,67,67,67,67,67,35,38,38,38,15,36,13,57,42,36,35,33,33,33,33,35,35,35,34,34,13,18,28,27,33,28,34,33,33,0],"gold":80,"neow_bonus":"BOSS_RELIC","is_prod":false,"is_daily":false,"chose_seed":false,"campfire_upgraded":6,"win_rate":0,"timestamp":1569510188,"path_taken":["M","?","M","?","M","R","?","R","T","E","M","R","?","M","R","BOSS","M","?","?","M","?","R","$","M","T","R","M","R","M","?","R","BOSS","M","M","M","?","M"],"build_version":"2019-07-17","purchased_purges":1,"victory":false,"max_hp_per_floor":[71,71,71,71,71,71,71,71,71,71,71,71,71,71,71,71,71,71,71,35,35,35,35,35,35,35,35,35,35,35,35,35,35,35,35,35,35,35,35],"card_choices":[{"not_picked":["Steam Power","Hologram"],"picked":"Redo","floor":1.0},{"not_picked":["Stack","Cold Snap"],"picked":"Self Repair","floor":3.0},{"not_picked":["Static Discharge","Capacitor"],"picked":"Leap","floor":5.0},{"not_picked":["Hologram","Steam Power"],"picked":"Genetic Algorithm","floor":10.0},{"not_picked":["Redo","Amplify"],"picked":"Conserve Battery","floor":11.0},{"not_picked":["Streamline","Sweeping Beam","Gash"],"picked":"SKIP","floor":14.0},{"not_picked":["Meteor Strike","Amplify"],"picked":"Thunder Strike","floor":16.0},{"not_picked":["Leap","Turbo","Redo"],"picked":"SKIP","floor":18.0},{"not_picked":["Leap","Conserve Battery"],"picked":"Auto Shields","floor":21.0},{"not_picked":["Multi-Cast","Hologram"],"picked":"Conserve Battery","floor":25.0},{"not_picked":["Compile Driver","Hello World","Sweeping Beam"],"picked":"SKIP","floor":28.0},{"not_picked":["Chaos","Turbo","Reprogram"],"picked":"SKIP","floor":30.0},{"not_picked":["All For One","Rainbow"],"picked":"Biased Cognition","floor":33.0},{"not_picked":["Chill","Fusion+1"],"picked":"Glacier+1","floor":35.0},{"not_picked":["Tempest","Turbo"],"picked":"Defragment+1","floor":36.0}],"player_experience":447431,"relics_obtained":[{"floor":9.0,"key":"Bottled Lightning"},{"floor":10.0,"key":"Pen Nib"},{"floor":22.0,"key":"Happy Flower"},{"floor":26.0,"key":"Bottled Flame"}],"event_choices":[{"damage_healed":0.0,"max_hp_gain":0.0,"max_hp_loss":0.0,"gold_gain":0.0,"cards_transformed":["Defend_B"],"event_name":"Living Wall","player_choice":"Change","floor":2.0,"gold_loss":0.0,"damage_taken":0.0,"cards_obtained":["White Noise"]},{"cards_removed":["Strike_B"],"damage_healed":0.0,"max_hp_gain":0.0,"max_hp_loss":0.0,"gold_gain":0.0,"event_name":"Golden Wing","player_choice":"Card Removal","floor":4.0,"gold_loss":0.0,"damage_taken":7.0},{"damage_healed":0.0,"max_hp_gain":0.0,"max_hp_loss":0.0,"gold_gain":0.0,"event_name":"Liars Game","player_choice":"Ignored","floor":7.0,"gold_loss":0.0,"damage_taken":0.0},{"damage_healed":0.0,"max_hp_gain":0.0,"max_hp_loss":0.0,"gold_gain":0.0,"event_name":"Nest","player_choice":"Joined the Cult","floor":19.0,"gold_loss":0.0,"damage_taken":6.0,"cards_obtained":["RitualDagger"]},{"damage_healed":0.0,"max_hp_gain":0.0,"max_hp_loss":36.0,"gold_gain":0.0,"event_name":"Ghosts","player_choice":"Became a Ghost","floor":20.0,"gold_loss":0.0,"damage_taken":0.0,"cards_obtained":["Ghostly","Ghostly","Ghostly"]},{"cards_removed":["Turbo"],"damage_healed":5.0,"max_hp_gain":0.0,"max_hp_loss":0.0,"gold_gain":0.0,"event_name":"Bonfire Elementals","player_choice":"Offered Common","floor":31.0,"gold_loss":0.0,"damage_taken":0.0},{"cards_removed":["Turbo"],"damage_healed":5.0,"max_hp_gain":0.0,"max_hp_loss":0.0,"gold_gain":0.0,"event_name":"Bonfire Elementals","player_choice":"Offered Special","floor":31.0,"gold_loss":0.0,"damage_taken":0.0},{"cards_removed":["RitualDagger"],"damage_healed":0.0,"max_hp_gain":0.0,"max_hp_loss":0.0,"gold_gain":0.0,"event_name":"Falling","player_choice":"Removed Attack","floor":38.0,"gold_loss":0.0,"damage_taken":0.0}],"is_beta":false,"boss_relics":[{"not_picked":["Inserter","Black Star"],"picked":"Ectoplasm"},{"not_picked":["Velvet Choker","Philosopher\u0027s Stone"],"picked":"Sozu"}],"items_purged_floors":[13],"is_endless":false,"potions_floor_spawned":[1,3,10,14,18,25,30,35,37],"killed_by":"Jaw Worm Horde","ascension_level":19}