{"gold_per_floor":[14,24,41,41,60,60,81,81,81,97,22,22,22,56,56,187,187,187,187,187,187,87,87,87,87,87,87,87,87,87,87,87,87,87,87,87,87,87,87,87,87,87,87,19,19,19,19,19,19,19,19,19,19,19,19],"floor_reached":55,"playtime":4679,"items_purged":["Strike_P","Strike_P"],"score":810,"play_id":"b23c9ff5-c46a-4d99-9e6f-d076c0c0917f","local_time":"20190927031558","is_ascension_mode":false,"campfire_choices":[{"data":"Wireheading","floor":6.0,"key":"SMITH"},{"data":"ClearTheMind","floor":8.0,"key":"SMITH"},{"data":"Eruption","floor":13.0,"key":"SMITH"},{"data":"CutThroughFate","floor":15.0,"key":"SMITH"},{"data":"Nirvana","floor":23.0,"key":"SMITH"},{"data":"CutThroughFate","floor":28.0,"key":"SMITH"},{"data":"Vigilance","floor":30.0,"key":"SMITH"},{"floor":32.0,"key":"RECALL"},{"data":"Flash of Steel","floor":40,"key":"SMITH"},{"data":"JustLucky","floor":42,"key":"SMITH"},{"data":"ForeignInfluence","floor":49,"key":"SMITH"},{"data":"JustLucky","floor":52,"key":"SMITH"}],"neow_cost":"NO_GOLD","seed_source_timestamp":213849278070564,"circlet_count":0,"master_deck":["Strike_P","Defend_P","Defend_P","Defend_P","Defend_P","Eruption+1","Vigilance+1","CutThroughFate+1","Wireheading+1","JustLucky+1","CutThroughFate+1","Nirvana+1","Weave+1","JustLucky+1","DeceiveReality+1","Flash of Steel+1","Flash of Steel","ClearTheMind+1","ForeignInfluence+1"],"special_seed":0,"relics":["PureWater","GoldenEye","Bloody Idol","Blood Vial","Orichalcum","Ectoplasm","Ornamental Fan","Pear","The Courier","Mummified Hand","Incense Burner","Busted Crown","Pantograph","Bottled Lightning","Dead Branch","Boot"],"potions_floor_usage":[45,45,45,55,55],"damage_taken":[{"damage":0.0,"enemies":"Small Slimes","floor":1.0,"turns":3.0},{"damage":1.0,"enemies":"Jaw Worm","floor":2.0,"turns":3.0},{"damage":0.0,"enemies":"Cultist","floor":3.0,"turns":2.0},{"damage":0.0,"enemies":"Exordium Wildlife","floor":5.0,"turns":3.0},{"damage":0.0,"enemies":"3 Louse","floor":7.0,"turns":1.0},{"damage":10.0,"enemies":"2 Fungi Beasts","floor":10.0,"turns":4.0},{"damage":5.0,"enemies":"3 Sentries","floor":14.0,"turns":12.0},{"damage":0.0,"enemies":"Slime Boss","floor":16.0,"turns":4.0},{"damage":0.0,"enemies":"Spheric Guardian","floor":18.0,"turns":4.0},{"damage":8.0,"enemies":"3 Byrds","floor":19.0,"turns":4.0},{"damage":9.0,"enemies":"Book of Stabbing","floor":24.0,"turns":4.0},{"damage":0.0,"enemies":"Cultist and Chosen","floor":25.0,"turns":4.0},{"damage":6.0,"enemies":"Gremlin Leader","floor":27.0,"turns":5.0},{"damage":0.0,"enemies":"Snake Plant","floor":29.0,"turns":4.0},{"damage":0.0,"enemies":"Book of Stabbing","floor":31.0,"turns":4.0},{"damage":11.0,"enemies":"Champ","floor":33.0,"turns":10.0},{"damage":0.0,"enemies":"3 Darklings","floor":35.0,"turns":5.0},{"damage":0.0,"enemies":"Orb Walker","floor":37.0,"turns":3.0},{"damage":0.0,"enemies":"Maw","floor":38.0,"turns":7.0},{"damage":15,"enemies":"Giant Head","floor":41,"turns":7},{"damage":12,"enemies":"Reptomancer","floor":45,"turns":5},{"damage":0,"enemies":"Transient","floor":46,"turns":5},{"damage":17,"enemies":"Spire Growth","floor":47,"turns":5},{"damage":0,"enemies":"Mind Bloom Boss Battle","floor":48,"turns":4},{"damage":6,"enemies":"Time Eater","floor":50,"turns":11},{"damage":11,"enemies":"Shield and Spear","floor":54,"turns":10},{"damage":92,"enemies":"The Heart","floor":55,"turns":11}],"seed_played":"-1325627394443485687","potions_obtained":[{"floor":3.0,"key":"AttackPotion"},{"floor":5.0,"key":"FearPotion"},{"floor":14.0,"key":"Energy Potion"},{"floor":16.0,"key":"PowerPotion"},{"floor":18.0,"key":"DuplicationPotion"},{"floor":19.0,"key":"PowerPotion"},{"floor":25.0,"key":"BottledMiracle"},{"floor":27.0,"key":"Strength Potion"},{"floor":35.0,"key":"Block Potion"},{"floor":38.0,"key":"EssenceOfSteel"},{"floor":47,"key":"BottledMiracle"},{"floor":54,"key":"SpeedPotion"}],"is_trial":false,"path_per_floor":["M","M","M","?","M","R","M","R","T","M","$","?","R","E","R","B",null,"M","M","?","T","$","R","E","M","T","E","R","M","R","E","R","B",null,"M","?","M","M","?","R","E","R","T","$","E","M","M","?","R","B",null,"R","$","E","B"],"character_chosen":"WATCHER","items_purchased":["Flash of Steel"],"campfire_rested":0,"item_purchase_floors":[44],"current_hp_per_floor":[72,71,71,53,53,53,53,53,53,45,45,38,38,35,35,37,72,72,64,64,64,64,64,67,69,69,65,65,67,67,69,69,60,82,82,82,82,82,82,82,67,67,67,67,57,59,44,71,71,76,82,82,82,71,0],"gold":19,"neow_bonus":"ONE_RARE_RELIC","is_prod":false,"is_daily":false,"chose_seed":false,"campfire_upgraded":11,"win_rate":0.0,"timestamp":1569546958,"path_taken":["M","M","M","?","M","R","M","R","T","M","$","?","R","E","R","BOSS","M","M","?","?","$","R","E","M","T","E","R","M","R","E","R","BOSS","M","?","M","M","?","R","E","R","T","$","E","M","M","?","R","BOSS","R","$","E","BOSS"],"build_version":"2019-09-26","purchased_purges":2,"victory":false,"max_hp_per_floor":[72,72,72,72,72,72,72,72,72,72,72,72,72,72,72,72,72,72,72,72,72,72,72,82,82,82,82,82,82,82,82,82,82,82,82,82,82,82,82,82,82,82,82,82,82,82,82,82,82,82,82,82,82,82,82],"card_choices":[{"not_picked":["Swivel","PathToVictory"],"picked":"ClearTheMind","floor":1.0},{"not_picked":["EmptyFist","ThirdEye"],"picked":"CutThroughFate","floor":2.0},{"not_picked":["BowlingBash","Wallop"],"picked":"Wireheading","floor":3.0},{"not_picked":["Halt","MasterReality"],"picked":"JustLucky","floor":5.0},{"not_picked":["Prostrate","Collect","ClearTheMind"],"picked":"SKIP","floor":7.0},{"not_picked":["ReachHeaven","CleanseEvil","ClearTheMind"],"picked":"SKIP","floor":10.0},{"not_picked":["Worship","Conclude"],"picked":"CutThroughFate","floor":14.0},{"not_picked":["Unraveling","Adaptation"],"picked":"Nirvana","floor":16.0},{"not_picked":["Wireheading","Indignation","Meditate"],"picked":"SKIP","floor":18.0},{"not_picked":["EmptyFist+1","JustLucky"],"picked":"Weave+1","floor":19.0},{"not_picked":["ClearTheMind","MasterReality","FlyingSleeves"],"picked":"SKIP","floor":24.0},{"not_picked":["ClearTheMind","Halt"],"picked":"JustLucky","floor":25.0},{"not_picked":["DeusExMachina","Crescendo+1"],"picked":"DeceiveReality+1","floor":27.0},{"not_picked":["ClearTheMind+1","Swivel","BowlingBash"],"picked":"SKIP","floor":29.0},{"not_picked":["BowlingBash","EmptyFist","DeceiveReality+1"],"picked":"SKIP","floor":31.0},{"not_picked":["Sanctity+1"],"picked":"SKIP","floor":35.0},{"not_picked":[],"picked":"Flash of Steel","floor":36.0},{"not_picked":["FlyingSleeves"],"picked":"SKIP","floor":37.0},{"not_picked":["FlyingSleeves"],"picked":"SKIP","floor":38.0},{"not_picked":["WaveOfTheHand+1"],"picked":"SKIP","floor":41},{"not_picked":["ReachHeaven"],"picked":"SKIP","floor":45},{"not_picked":[],"picked":"ClearTheMind+1","floor":46},{"not_picked":[],"picked":"ForeignInfluence","floor":47},{"not_picked":["ClearTheMind"],"picked":"SKIP","floor":54}],"player_experience":243738,"relics_obtained":[{"floor":9.0,"key":"Blood Vial"},{"floor":14.0,"key":"Orichalcum"},{"floor":21.0,"key":"Ornamental Fan"},{"floor":24.0,"key":"Pear"},{"floor":26.0,"key":"The Courier"},{"floor":27.0,"key":"Mummified Hand"},{"floor":31.0,"key":"Incense Burner"},{"floor":41,"key":"Pantograph"},{"floor":45,"key":"Bottled Lightning"},{"floor":48,"key":"Dead Branch"},{"floor":54,"key":"Boot"}],"event_choices":[{"damage_healed":0.0,"max_hp_gain":0.0,"max_hp_loss":0.0,"gold_gain":0.0,"event_name":"Golden Idol","player_choice":"Take Damage","floor":4.0,"gold_loss":0.0,"damage_taken":18.0,"relics_obtained":["Golden Idol"]},{"cards_removed":["Strike_P"],"damage_healed":0.0,"max_hp_gain":0.0,"max_hp_loss":0.0,"gold_gain":0.0,"event_name":"Golden Wing","player_choice":"Card Removal","floor":12.0,"gold_loss":0.0,"damage_taken":7.0},{"damage_healed":0.0,"max_hp_gain":0.0,"max_hp_loss":0.0,"gold_gain":0.0,"event_name":"Forgotten Altar","player_choice":"Gave Idol","floor":20.0,"relics_lost":["Golden Idol"],"gold_loss":0.0,"damage_taken":0.0,"relics_obtained":["Bloody Idol"]},{"damage_healed":0.0,"max_hp_gain":0.0,"max_hp_loss":0.0,"gold_gain":0.0,"event_name":"SensoryStone","player_choice":"Memory 1","floor":36.0,"gold_loss":0.0,"damage_taken":0.0},{"cards_removed":["ClearTheMind"],"damage_healed":0,"gold_gain":0,"player_choice":"Removed Skill","damage_taken":0,"max_hp_gain":0,"max_hp_loss":0,"event_name":"Falling","floor":39,"gold_loss":0},{"damage_healed":0,"gold_gain":0,"player_choice":"Fight","damage_taken":0,"max_hp_gain":0,"max_hp_loss":0,"event_name":"MindBloom","floor":48,"gold_loss":0}],"is_beta":true,"boss_relics":[{"not_picked":["SacredBark","SlaversCollar"],"picked":"Ectoplasm"},{"not_picked":["Coffee Dripper","Pandora\u0027s Box"],"picked":"Busted Crown"}],"items_purged_floors":[11,22],"is_endless":false,"potions_floor_spawned":[3,5,14,16,18,19,25,27,35,38,41,47,54],"killed_by":"The Heart","ascension_level":0}