{"gold_per_floor":[116,63,79,34,34,65,76,107,158,158,158,192,207,222,222,300,300,312,7,21,32,32,32],"floor_reached":23,"playtime":866,"items_purged":["Pain"],"score":413,"play_id":"e99c5b13-d5e1-4164-8b96-52dcab6dc4ef","local_time":"20190927155457","is_ascension_mode":true,"campfire_choices":[{"data":"Whirlwind","floor":11.0,"key":"SMITH"},{"data":"Metallicize","floor":15.0,"key":"SMITH"}],"neow_cost":"NONE","seed_source_timestamp":263190688576516,"circlet_count":0,"master_deck":["AscendersBane","Strike_R","Strike_R","Strike_R","Strike_R","Strike_R","Defend_R","Defend_R","Defend_R","Defend_R","Bash","Spot Weakness","Armaments","Whirlwind+1","Flex","Feed","Metallicize+1","Thunderclap","Metallicize","Flex","Limit Break","Metallicize"],"special_seed":0,"relics":["Burning Blood","NeowsBlessing","WarpedTongs","Self Forming Clay","Regal Pillow","MealTicket","Paper Frog","Coffee Dripper","Blood Vial","Nilry\u0027s Codex"],"potions_floor_usage":[16,23],"damage_taken":[{"damage":0.0,"enemies":"Small Slimes","floor":1.0,"turns":1.0},{"damage":0.0,"enemies":"Cultist","floor":3.0,"turns":1.0},{"damage":3.0,"enemies":"3 Sentries","floor":6.0,"turns":1.0},{"damage":15.0,"enemies":"Jaw Worm","floor":7.0,"turns":4.0},{"damage":18.0,"enemies":"Gremlin Nob","floor":8.0,"turns":4.0},{"damage":15.0,"enemies":"3 Sentries","floor":12.0,"turns":4.0},{"damage":0.0,"enemies":"Gremlin Gang","floor":13.0,"turns":1.0},{"damage":5.0,"enemies":"Looter","floor":14.0,"turns":3.0},{"damage":15,"enemies":"Slime Boss","floor":16,"turns":7},{"damage":17,"enemies":"Shell Parasite","floor":18,"turns":5},{"damage":11,"enemies":"3 Byrds","floor":20,"turns":7},{"damage":11,"enemies":"Snake Plant","floor":21,"turns":6},{"damage":59,"enemies":"Book of Stabbing","floor":23,"turns":7}],"seed_played":"-1298866690009889734","potions_obtained":[{"floor":1.0,"key":"Fire Potion"},{"floor":7.0,"key":"Energy Potion"},{"floor":14.0,"key":"PowerPotion"},{"floor":16,"key":"SpeedPotion"},{"floor":18,"key":"SteroidPotion"}],"is_trial":false,"path_per_floor":["M","$","M","$","?","E","M","E","T","?","R","E","M","M","R","B",null,"M","$","M","M","?","E"],"character_chosen":"IRONCLAD","items_purchased":["Armaments","Flex","Blood Vial","Metallicize"],"campfire_rested":0,"item_purchase_floors":[2,4,19,19],"current_hp_per_floor":[74,74,75,75,75,75,70,58,58,58,58,49,55,56,56,47,71,63,78,78,75,54,0],"gold":32,"neow_bonus":"THREE_ENEMY_KILL","is_prod":false,"is_daily":false,"chose_seed":false,"campfire_upgraded":2,"win_rate":0,"timestamp":1569592497,"path_taken":["M","$","M","$","?","E","?","E","T","?","R","E","M","M","R","BOSS","M","$","M","M","?","E"],"build_version":"2019-09-26","purchased_purges":1,"victory":false,"max_hp_per_floor":[75,75,75,75,75,75,79,79,79,79,79,79,79,79,79,79,79,82,82,85,85,85,85],"card_choices":[{"not_picked":["Rupture","Sword Boomerang"],"picked":"Spot Weakness","floor":1.0},{"not_picked":["Iron Wave","Whirlwind","Twin Strike"],"picked":"SKIP","floor":3.0},{"not_picked":["Iron Wave","Twin Strike"],"picked":"Whirlwind","floor":3.0},{"not_picked":["Second Wind","True Grit"],"picked":"Feed","floor":6.0},{"not_picked":["Ghostly Armor","Heavy Blade"],"picked":"Metallicize","floor":7.0},{"not_picked":["Dark Embrace","Flame Barrier"],"picked":"Thunderclap","floor":8.0},{"not_picked":["Rage","Brutality"],"picked":"Metallicize","floor":12.0},{"not_picked":["Iron Wave","Warcry"],"picked":"Flex","floor":13.0},{"not_picked":["Reckless Charge","Intimidate","Power Through"],"picked":"SKIP","floor":14.0},{"not_picked":["Exhume","Offering"],"picked":"Limit Break","floor":16},{"not_picked":["Corruption","Havoc","Flex"],"picked":"SKIP","floor":18},{"not_picked":["Flex","Clothesline","Havoc"],"picked":"SKIP","floor":20},{"not_picked":["Wild Strike","Dropkick","Headbutt"],"picked":"SKIP","floor":21}],"player_experience":259662,"relics_obtained":[{"floor":6.0,"key":"Self Forming Clay"},{"floor":8.0,"key":"Regal Pillow"},{"floor":9.0,"key":"MealTicket"},{"floor":12.0,"key":"Paper Frog"},{"floor":22,"key":"Nilry\u0027s Codex"}],"event_choices":[{"damage_healed":0.0,"max_hp_gain":0.0,"max_hp_loss":0.0,"gold_gain":0.0,"event_name":"Accursed Blacksmith","player_choice":"Rummage","floor":5.0,"gold_loss":0.0,"damage_taken":0.0,"relics_obtained":["WarpedTongs"],"cards_obtained":["Pain"]},{"damage_healed":0.0,"max_hp_gain":0.0,"max_hp_loss":0.0,"gold_gain":0.0,"event_name":"Liars Game","player_choice":"Ignored","floor":10.0,"gold_loss":0.0,"damage_taken":0.0},{"damage_healed":0,"gold_gain":0,"player_choice":"Obtained Book","damage_taken":21,"max_hp_gain":0,"max_hp_loss":0,"event_name":"Cursed Tome","floor":22,"gold_loss":0}],"is_beta":true,"boss_relics":[{"not_picked":["Runic Pyramid","Velvet Choker"],"picked":"Coffee Dripper"}],"items_purged_floors":[19],"is_endless":false,"potions_floor_spawned":[1,7,14,16,18],"killed_by":"Book of Stabbing","ascension_level":15}