{"gold_per_floor":[110,38,113,127,127,152,14,14,14,14,26,46,66,92,92,193,193,176,176,187,200,200,200,235,235,235,235,135,135,135,148,148,248,248,262,274,274,289,304,330,330,8,8,41,141,141,141,59,59,59,59,59,10,37,37],"floor_reached":55,"playtime":7984,"items_purged":["Strike_B","Strike_B","Defend_B"],"score":762,"play_id":"aa3f73bf-09d6-4957-b396-59e1be70e4db","local_time":"20190823191631","is_ascension_mode":true,"campfire_choices":[{"floor":8.0,"key":"REST"},{"data":"Defragment","floor":10.0,"key":"SMITH"},{"data":"Loop","floor":15.0,"key":"SMITH"},{"floor":23.0,"key":"REST"},{"floor":25.0,"key":"REST"},{"data":"Darkness","floor":27.0,"key":"SMITH"},{"data":"Multi-Cast","floor":29.0,"key":"SMITH"},{"data":"Capacitor","floor":32.0,"key":"SMITH"},{"floor":41.0,"key":"REST"},{"floor":46.0,"key":"RECALL"},{"data":"Defragment","floor":49.0,"key":"SMITH"},{"data":"Multi-Cast","floor":52.0,"key":"SMITH"}],"neow_cost":"NONE","seed_source_timestamp":0,"circlet_count":0,"master_deck":["Defend_B","Zap","Dualcast","Panacea","Auto Shields","Defragment+1","BootSequence","Chaos","Glacier","Loop+1","Skim","Cold Snap","Doom and Gloom","Aggregate","Multi-Cast+1","Skim+1","Steam+1","Undo+1","Capacitor+1","Redo+1","Aggregate","Darkness+1","Chill","Multi-Cast+1","Double Energy+1","Doom and Gloom","Stack+1","Lockon+1","Defragment+1","Conserve Battery+1","Cold Snap","Skim","Cold Snap"],"special_seed":0,"relics":["Cracked Core","MawBank","Meat on the Bone","Pen Nib","Astrolabe","Nilry\u0027s Codex","Orichalcum","Vajra","Inserter","Bronze Scales","Bottled Flame","Anchor","Thread and Needle","Happy Flower"],"potions_floor_usage":[55],"damage_taken":[{"damage":3.0,"enemies":"Jaw Worm","floor":1.0,"turns":4.0},{"damage":1.0,"enemies":"Cultist","floor":4.0,"turns":3.0},{"damage":59.0,"enemies":"Gremlin Nob","floor":6.0,"turns":5.0},{"damage":1.0,"enemies":"2 Louse","floor":11.0,"turns":3.0},{"damage":0.0,"enemies":"Gremlin Gang","floor":12.0,"turns":6.0},{"damage":1.0,"enemies":"Blue Slaver","floor":13.0,"turns":4.0},{"damage":17.0,"enemies":"3 Sentries","floor":14.0,"turns":7.0},{"damage":2.0,"enemies":"The Guardian","floor":16.0,"turns":9.0},{"damage":2.0,"enemies":"2 Thieves","floor":18.0,"turns":4.0},{"damage":8.0,"enemies":"3 Byrds","floor":20.0,"turns":8.0},{"damage":36.0,"enemies":"3 Cultists","floor":21.0,"turns":5.0},{"damage":39.0,"enemies":"Book of Stabbing","floor":24.0,"turns":7.0},{"damage":15.0,"enemies":"Snake Plant","floor":31.0,"turns":3.0},{"damage":30.0,"enemies":"Collector","floor":33.0,"turns":10.0},{"damage":31.0,"enemies":"3 Shapes","floor":35.0,"turns":4.0},{"damage":15.0,"enemies":"Orb Walker","floor":36.0,"turns":5.0},{"damage":21.0,"enemies":"Writhing Mass","floor":38.0,"turns":8.0},{"damage":23.0,"enemies":"4 Shapes","floor":39.0,"turns":10.0},{"damage":7.0,"enemies":"Giant Head","floor":40.0,"turns":13.0},{"damage":43.0,"enemies":"Nemesis","floor":44.0,"turns":11.0},{"damage":0.0,"enemies":"Mind Bloom Boss Battle","floor":45.0,"turns":6.0},{"damage":5.0,"enemies":"Awakened One","floor":50.0,"turns":13.0},{"damage":18.0,"enemies":"Shield and Spear","floor":54.0,"turns":7.0},{"damage":63,"enemies":"The Heart","floor":55,"turns":14}],"seed_played":"5905126088955026329","potions_obtained":[{"floor":1.0,"key":"PowerPotion"},{"floor":6.0,"key":"Explosive Potion"},{"floor":11.0,"key":"SteroidPotion"},{"floor":16.0,"key":"Fire Potion"},{"floor":24.0,"key":"FocusPotion"},{"floor":35.0,"key":"Weak Potion"},{"floor":44.0,"key":"Weak Potion"},{"floor":45.0,"key":"Dexterity Potion"}],"is_trial":false,"path_per_floor":["M","$","?","M","?","E","$","R","T","R","M","M","M","E","R","B",null,"M","?","M","M","?","R","E","R","T","R","$","R","?","M","R","B",null,"M","M","?","M","M","E","R","$","T","E","?","R","?","$","R","B",null,"R","$","E","B"],"character_chosen":"DEFECT","items_purchased":["Defragment","Loop","Defragment","FocusPotion","Weak Potion","Skim","SkillPotion"],"campfire_rested":4,"item_purchase_floors":[2,7,42,42,42,48,53],"current_hp_per_floor":[72,72,61,60,60,1,1,23,23,23,34,46,45,40,40,38,75,73,57,49,25,25,47,20,42,42,42,42,42,42,39,39,21,75,44,41,41,32,21,26,48,48,48,17,29,29,29,29,29,36,75,75,75,57,0],"gold":37,"neow_bonus":"RANDOM_COLORLESS","is_prod":false,"is_daily":false,"chose_seed":false,"campfire_upgraded":7,"win_rate":0,"timestamp":1566580591,"path_taken":["M","$","?","M","?","E","?","R","T","R","M","M","M","E","R","BOSS","M","?","M","M","?","R","E","R","T","R","$","R","?","?","R","BOSS","M","M","?","M","M","E","R","$","T","E","?","R","?","$","R","BOSS","R","$","E","BOSS"],"build_version":"2019-07-17","purchased_purges":3,"victory":false,"max_hp_per_floor":[75,75,75,75,75,75,75,75,75,75,75,75,75,75,75,75,75,75,75,75,75,75,75,75,75,75,75,75,75,75,75,75,75,75,75,75,75,75,75,75,75,75,75,75,75,75,75,75,75,75,75,75,75,75,75],"card_choices":[{"not_picked":["Hologram","Undo"],"picked":"Auto Shields","floor":1.0},{"not_picked":["Cold Snap","Beam Cell"],"picked":"BootSequence","floor":4.0},{"not_picked":["Chill","Sweeping Beam"],"picked":"Glacier","floor":6.0},{"not_picked":["Steam Power","Barrage"],"picked":"Skim","floor":11.0},{"not_picked":["Rip and Tear","Hologram"],"picked":"Cold Snap","floor":12.0},{"not_picked":["Aggregate","Stack"],"picked":"Doom and Gloom","floor":13.0},{"not_picked":["Genetic Algorithm","Leap"],"picked":"Aggregate","floor":14.0},{"not_picked":["Electrodynamics","Seek"],"picked":"Multi-Cast","floor":16.0},{"not_picked":["Cold Snap","Undo"],"picked":"Capacitor","floor":18.0},{"not_picked":["Lockon","Conserve Battery"],"picked":"Redo+1","floor":20.0},{"not_picked":["Scrape+1","Coolheaded"],"picked":"Aggregate","floor":21.0},{"not_picked":["Auto Shields+1","Steam"],"picked":"Darkness","floor":24.0},{"not_picked":["Lockon","Hologram"],"picked":"Chill","floor":31.0},{"not_picked":["Electrodynamics","Buffer"],"picked":"Multi-Cast","floor":33.0},{"not_picked":["Capacitor","Beam Cell"],"picked":"Double Energy+1","floor":35.0},{"not_picked":["Streamline+1","Rebound+1"],"picked":"Doom and Gloom","floor":36.0},{"not_picked":["Barrage","Undo+1","Streamline"],"picked":"SKIP","floor":38.0},{"not_picked":["Blizzard","Reinforced Body+1"],"picked":"Stack+1","floor":39.0},{"not_picked":["Fusion+1","Chaos"],"picked":"Lockon+1","floor":40.0},{"not_picked":["Machine Learning","Meteor Strike"],"picked":"Conserve Battery+1","floor":44.0},{"not_picked":["Compile Driver","Undo"],"picked":"Cold Snap","floor":45.0},{"not_picked":["Leap","Hologram"],"picked":"Cold Snap","floor":54.0}],"player_experience":62942,"relics_obtained":[{"floor":6.0,"key":"MawBank"},{"floor":9.0,"key":"Meat on the Bone"},{"floor":14.0,"key":"Pen Nib"},{"floor":19.0,"key":"Nilry\u0027s Codex"},{"floor":24.0,"key":"Orichalcum"},{"floor":40.0,"key":"Bronze Scales"},{"floor":43.0,"key":"Bottled Flame"},{"floor":44.0,"key":"Anchor"},{"floor":45.0,"key":"Thread and Needle"},{"floor":54.0,"key":"Happy Flower"}],"event_choices":[{"damage_healed":0.0,"max_hp_gain":0.0,"max_hp_loss":0.0,"gold_gain":75.0,"event_name":"World of Goop","player_choice":"Gather Gold","floor":3.0,"gold_loss":0.0,"damage_taken":11.0},{"damage_healed":0.0,"max_hp_gain":0.0,"max_hp_loss":0.0,"gold_gain":0.0,"cards_transformed":["Strike_B"],"event_name":"Living Wall","player_choice":"Change","floor":5.0,"gold_loss":0.0,"damage_taken":0.0,"cards_obtained":["Chaos"]},{"damage_healed":0.0,"max_hp_gain":0.0,"max_hp_loss":0.0,"gold_gain":0.0,"event_name":"Cursed Tome","player_choice":"Obtained Book","floor":19.0,"gold_loss":0.0,"damage_taken":16.0},{"damage_healed":0.0,"max_hp_gain":0.0,"max_hp_loss":0.0,"gold_gain":0.0,"event_name":"Vampires","player_choice":"Ignored","floor":22.0,"gold_loss":0.0,"damage_taken":0.0},{"damage_healed":0.0,"max_hp_gain":0.0,"max_hp_loss":0.0,"gold_gain":0.0,"event_name":"The Mausoleum","player_choice":"Opened","floor":30.0,"gold_loss":0.0,"damage_taken":0.0,"relics_obtained":["Vajra"]},{"damage_healed":0.0,"max_hp_gain":0.0,"max_hp_loss":0.0,"gold_gain":0.0,"event_name":"Tomb of Lord Red Mask","player_choice":"Ignored","floor":37.0,"gold_loss":0.0,"damage_taken":0.0},{"damage_healed":0.0,"max_hp_gain":0.0,"max_hp_loss":0.0,"gold_gain":0.0,"event_name":"MindBloom","player_choice":"Fight","floor":45.0,"gold_loss":0.0,"damage_taken":0.0},{"damage_healed":0.0,"max_hp_gain":0.0,"max_hp_loss":0.0,"gold_gain":0.0,"event_name":"The Woman in Blue","player_choice":"Bought 0 Potions","floor":47.0,"gold_loss":0.0,"damage_taken":0.0}],"is_beta":false,"boss_relics":[{"not_picked":["Philosopher\u0027s Stone","Orrery"],"picked":"Astrolabe"},{"not_picked":["Nuclear Battery","Pandora\u0027s Box"],"picked":"Inserter"}],"items_purged_floors":[7,28,42],"is_endless":false,"potions_floor_spawned":[1,6,11,16,24,35,44,45],"killed_by":"The Heart","ascension_level":1}