{"gold_per_floor":[119,69,45,45,58,58,90,90,90,109,122,149,149,163,163,259,259,279,298,298,312,341,341,341,372,396,396,44,44,73,73,73,170,170,186,286,299,299,77,106,106,140,140,167,186,196,212,226,226,226,226,226,73,107,107],"floor_reached":56,"playtime":4863,"items_purged":["Writhe","Strike_R"],"score":1335,"play_id":"061ffcbc-0319-4db0-a290-8ade8f8895f0","local_time":"20190820133322","is_ascension_mode":true,"campfire_choices":[{"data":"Cleave","floor":6.0,"key":"SMITH"},{"data":"Uppercut","floor":8.0,"key":"SMITH"},{"floor":13.0,"key":"RECALL"},{"data":"Infernal Blade","floor":15.0,"key":"SMITH"},{"floor":23.0,"key":"REST"},{"data":"1","floor":27,"key":"LIFT"},{"floor":32,"key":"REST"},{"data":"Whirlwind","floor":41,"key":"SMITH"},{"data":"Barricade","floor":49,"key":"SMITH"},{"data":"2","floor":52,"key":"LIFT"}],"neow_cost":"NONE","seed_source_timestamp":153697170046188,"circlet_count":0,"master_deck":["Strike_R+1","Strike_R","Strike_R","Defend_R","Defend_R","Defend_R","Defend_R","Bash","Impervious","Cleave+1","Iron Wave+1","Uppercut+1","Cleave","Fire Breathing","Infernal Blade+1","Barricade+1","Body Slam+1","Armaments+1","Thunderclap","Whirlwind+1","Demon Form","Pommel Strike+1","Necronomicurse","Double Tap+1","Thunderclap+1","Warcry+1","Entrench+1","Battle Trance+1","Whirlwind+1","Flex+1","Pommel Strike+1","Warcry+1","Whirlwind"],"special_seed":0,"relics":["Burning Blood","Whetstone","Matryoshka","Philosopher\u0027s Stone","Red Mask","Happy Flower","Toxic Egg 2","Girya","Bag of Preparation","Bottled Lightning","Chemical X","Magic Flower","Necronomicon","Black Star","Thread and Needle","Dodecahedron","Kunai","Shuriken","Bronze Scales","Letter Opener","Smiling Mask","Potion Belt","Mummified Hand","Self Forming Clay"],"potions_floor_usage":[25,25,55,55,55,55],"damage_taken":[{"damage":0.0,"enemies":"2 Louse","floor":1.0,"turns":3.0},{"damage":1.0,"enemies":"Jaw Worm","floor":5.0,"turns":4.0},{"damage":17.0,"enemies":"Gremlin Nob","floor":7.0,"turns":5.0},{"damage":0.0,"enemies":"Cultist","floor":10.0,"turns":2.0},{"damage":17.0,"enemies":"Exordium Thugs","floor":11.0,"turns":5.0},{"damage":22.0,"enemies":"3 Sentries","floor":12.0,"turns":6.0},{"damage":0.0,"enemies":"Lots of Slimes","floor":14.0,"turns":2.0},{"damage":34.0,"enemies":"The Guardian","floor":16.0,"turns":12.0},{"damage":0.0,"enemies":"Chosen","floor":18.0,"turns":5.0},{"damage":33.0,"enemies":"3 Byrds","floor":19.0,"turns":5.0},{"damage":40.0,"enemies":"Centurion and Healer","floor":21.0,"turns":10.0},{"damage":6.0,"enemies":"Masked Bandits","floor":22.0,"turns":6.0},{"damage":24,"enemies":"Book of Stabbing","floor":25,"turns":6},{"damage":4,"enemies":"Gremlin Leader","floor":30,"turns":5},{"damage":3,"enemies":"Champ","floor":33,"turns":4},{"damage":32,"enemies":"3 Darklings","floor":35,"turns":5},{"damage":0,"enemies":"Mind Bloom Boss Battle","floor":36,"turns":3},{"damage":35,"enemies":"3 Shapes","floor":37,"turns":2},{"damage":1,"enemies":"Giant Head","floor":40,"turns":5},{"damage":0,"enemies":"Reptomancer","floor":42,"turns":2},{"damage":1,"enemies":"Nemesis","floor":44,"turns":1},{"damage":11,"enemies":"3 Darklings","floor":45,"turns":3},{"damage":3,"enemies":"Transient","floor":46,"turns":5},{"damage":14,"enemies":"Sphere and 2 Shapes","floor":47,"turns":4},{"damage":0,"enemies":"Jaw Worm Horde","floor":48,"turns":1},{"damage":18,"enemies":"Donu and Deca","floor":50,"turns":2},{"damage":0,"enemies":"Shield and Spear","floor":54,"turns":1},{"damage":77,"enemies":"The Heart","floor":55,"turns":5}],"seed_played":"76141353149111831","potions_obtained":[{"floor":1.0,"key":"Energy Potion"},{"floor":10.0,"key":"SpeedPotion"},{"floor":16.0,"key":"FearPotion"},{"floor":19.0,"key":"Dexterity Potion"},{"floor":22.0,"key":"SteroidPotion"},{"floor":25,"key":"Explosive Potion"},{"floor":30,"key":"SpeedPotion"},{"floor":36,"key":"PowerPotion"},{"floor":40,"key":"Swift Potion"},{"floor":46,"key":"PowerPotion"}],"is_trial":false,"path_per_floor":["M","?","$","?","M","R","E","R","T","M","M","E","R","M","R","B",null,"M","M","?","M","?","R","T","E","T","R","$","?","E","?","R","B",null,"M","?","M","?","$","E","R","E","T","E","M","M","M","M","R","B",null,"R","$","E","B",null],"character_chosen":"IRONCLAD","items_purchased":["Cleave","Demon Form","Chemical X","Entrench+1","Battle Trance+1","Warcry+1","Energy Potion"],"campfire_rested":2,"item_purchase_floors":[3,28,28,39,39,53,53],"current_hp_per_floor":[80,80,80,80,80,80,69,69,69,75,64,48,48,54,54,26,80,80,53,53,19,19,43,43,25,25,25,25,25,27,11,35,41,80,57,66,40,60,60,68,68,77,77,80,78,80,75,80,80,71,80,80,80,80,12],"gold":107,"neow_bonus":"ONE_RANDOM_RARE_CARD","is_prod":false,"is_daily":false,"chose_seed":false,"campfire_upgraded":5,"win_rate":1,"timestamp":1566300802,"path_taken":["M","?","$","?","?","R","E","R","T","M","M","E","R","M","R","BOSS","M","M","?","?","?","R","?","E","T","R","$","?","E","?","R","BOSS","M","?","M","?","$","E","R","E","T","E","M","M","M","M","R","BOSS","R","$","E","BOSS"],"build_version":"2019-07-17","purchased_purges":2,"victory":true,"max_hp_per_floor":[80,80,80,80,80,80,80,80,80,80,80,80,80,80,80,80,80,80,80,80,80,80,80,80,80,80,80,80,80,80,80,80,80,80,80,80,80,80,80,80,80,80,80,80,80,80,80,80,80,80,80,80,80,80,80],"card_choices":[{"not_picked":["Blood for Blood","Disarm"],"picked":"Clothesline","floor":1.0},{"not_picked":["Corruption","Feel No Pain"],"picked":"Iron Wave","floor":5.0},{"not_picked":["Twin Strike","Anger"],"picked":"Uppercut","floor":7.0},{"not_picked":["Feel No Pain","Blood for Blood","Power Through"],"picked":"SKIP","floor":10.0},{"not_picked":["Anger","Armaments"],"picked":"Cleave","floor":11.0},{"not_picked":["Second Wind","Corruption"],"picked":"Fire Breathing","floor":12.0},{"not_picked":["Dropkick","Twin Strike"],"picked":"Infernal Blade","floor":14.0},{"not_picked":["Impervious","Fiend Fire"],"picked":"Barricade","floor":16.0},{"not_picked":["Pummel","Cleave+1"],"picked":"Body Slam","floor":18.0},{"not_picked":["Rupture","Corruption","True Grit+1"],"picked":"SKIP","floor":19.0},{"not_picked":["Rupture+1","Disarm"],"picked":"Armaments+1","floor":21.0},{"not_picked":["Burning Pact+1","Pommel Strike"],"picked":"Thunderclap","floor":22.0},{"not_picked":["True Grit+1","Double Tap+1"],"picked":"Whirlwind+1","floor":25},{"not_picked":["True Grit+1","Blood for Blood"],"picked":"Pommel Strike+1","floor":30},{"not_picked":["Impervious+1","Brutality"],"picked":"Double Tap+1","floor":33},{"not_picked":["Disarm+1","Ghostly Armor+1"],"picked":"Thunderclap+1","floor":35},{"not_picked":["Twin Strike","Armaments+1"],"picked":"Warcry+1","floor":36},{"not_picked":["Clothesline","True Grit+1","Power Through+1"],"picked":"SKIP","floor":37},{"not_picked":["True Grit+1","Offering+1"],"picked":"Whirlwind","floor":40},{"not_picked":["Iron Wave","Armaments+1","Thunderclap"],"picked":"SKIP","floor":42},{"not_picked":["Second Wind+1","Berserk","Feel No Pain+1"],"picked":"SKIP","floor":44},{"not_picked":["Body Slam","Perfected Strike+1"],"picked":"Flex+1","floor":45},{"not_picked":["Intimidate+1","Anger+1"],"picked":"Pommel Strike+1","floor":46},{"not_picked":["Heavy Blade","Clothesline+1","Rampage+1"],"picked":"SKIP","floor":47},{"not_picked":["Spot Weakness+1","Sword Boomerang+1","Heavy Blade"],"picked":"SKIP","floor":48},{"not_picked":["Pummel+1","Headbutt+1"],"picked":"Whirlwind","floor":54}],"player_experience":40375,"relics_obtained":[{"floor":7.0,"key":"Whetstone"},{"floor":12.0,"key":"Matryoshka"},{"floor":22.0,"key":"Red Mask"},{"floor":24.0,"key":"Happy Flower"},{"floor":24.0,"key":"Toxic Egg 2"},{"floor":25,"key":"Girya"},{"floor":26,"key":"Bag of Preparation"},{"floor":26,"key":"Bottled Lightning"},{"floor":30,"key":"Magic Flower"},{"floor":31,"key":"Necronomicon"},{"floor":36,"key":"Thread and Needle"},{"floor":40,"key":"Dodecahedron"},{"floor":40,"key":"Kunai"},{"floor":42,"key":"Shuriken"},{"floor":42,"key":"Bronze Scales"},{"floor":43,"key":"Letter Opener"},{"floor":44,"key":"Smiling Mask"},{"floor":44,"key":"Potion Belt"},{"floor":54,"key":"Mummified Hand"},{"floor":54,"key":"Self Forming Clay"}],"event_choices":[{"cards_removed":["Strike_R"],"damage_healed":0.0,"max_hp_gain":0.0,"max_hp_loss":0.0,"gold_gain":0.0,"event_name":"The Cleric","player_choice":"Card Removal","floor":2.0,"gold_loss":50.0,"damage_taken":0.0},{"cards_removed":["Clothesline"],"damage_healed":5.0,"max_hp_gain":0.0,"max_hp_loss":0.0,"gold_gain":0.0,"event_name":"Bonfire Elementals","player_choice":"Offered Common","floor":4.0,"gold_loss":0.0,"damage_taken":0.0},{"cards_removed":["Clothesline"],"damage_healed":5.0,"max_hp_gain":0.0,"max_hp_loss":0.0,"gold_gain":0.0,"event_name":"Bonfire Elementals","player_choice":"Offered Special","floor":4.0,"gold_loss":0.0,"damage_taken":0.0},{"damage_healed":0.0,"max_hp_gain":0.0,"max_hp_loss":0.0,"gold_gain":0.0,"event_name":"Accursed Blacksmith","player_choice":"Forge","floor":20.0,"gold_loss":0.0,"damage_taken":0.0,"cards_upgraded":["Body Slam"]},{"damage_healed":0.0,"max_hp_gain":0.0,"max_hp_loss":0.0,"gold_gain":0.0,"event_name":"Masked Bandits","player_choice":"Fought Bandits","floor":22.0,"gold_loss":0.0,"damage_taken":0.0},{"damage_healed":0,"gold_gain":0,"player_choice":"Ignored","damage_taken":0,"max_hp_gain":0,"max_hp_loss":0,"event_name":"Vampires","floor":29,"gold_loss":0},{"damage_healed":0,"gold_gain":0,"player_choice":"Obtained Book","damage_taken":16,"max_hp_gain":0,"max_hp_loss":0,"event_name":"Cursed Tome","floor":31,"gold_loss":0},{"damage_healed":0,"gold_gain":0,"player_choice":"Fight","damage_taken":0,"max_hp_gain":0,"max_hp_loss":0,"event_name":"MindBloom","floor":36,"gold_loss":0},{"damage_healed":20,"gold_gain":0,"player_choice":"Writhe","damage_taken":0,"max_hp_gain":0,"max_hp_loss":0,"event_name":"Winding Halls","floor":38,"gold_loss":0,"cards_obtained":["Writhe"]}],"is_beta":false,"boss_relics":[{"not_picked":["Ectoplasm","Busted Crown"],"picked":"Philosopher\u0027s Stone"},{"not_picked":["Cursed Key","Fusion Hammer"],"picked":"Black Star"}],"items_purged_floors":[39,53],"is_endless":false,"potions_floor_spawned":[1,10,16,19,22,25,30,36,40,42,46],"ascension_level":1}