{"gold_per_floor":[112,124,49,59,77,77,89,89,115,115,115,148,148,73,73,73],"floor_reached":16,"playtime":800,"items_purged":["Strike_B"],"score":195,"play_id":"18a5aac2-c8e1-4688-bf39-995c0c43c86e","local_time":"20190926084547","is_ascension_mode":true,"campfire_choices":[{"data":"Go for the Eyes","floor":6.0,"key":"SMITH"},{"floor":8.0,"key":"REST"},{"floor":11.0,"key":"REST"},{"floor":13.0,"key":"REST"},{"data":"Recycle","floor":15.0,"key":"SMITH"}],"neow_cost":"NONE","seed_source_timestamp":1508102694001403,"circlet_count":0,"master_deck":["AscendersBane","Strike_B","Strike_B","Defend_B","Defend_B","Defend_B","Defend_B","Zap","Dualcast","Gash","Steam","Go for the Eyes+1","Recycle+1","Hologram"],"special_seed":0,"relics":["Cracked Core","Oddly Smooth Stone","Golden Idol","Strawberry"],"potions_floor_usage":[16,16],"damage_taken":[{"damage":0.0,"enemies":"Cultist","floor":1.0,"turns":4.0},{"damage":9.0,"enemies":"2 Louse","floor":2.0,"turns":3.0},{"damage":12.0,"enemies":"Jaw Worm","floor":4.0,"turns":3.0},{"damage":0.0,"enemies":"2 Fungi Beasts","floor":5.0,"turns":3.0},{"damage":41.0,"enemies":"Exordium Wildlife","floor":7.0,"turns":6.0},{"damage":52.0,"enemies":"Gremlin Nob","floor":12.0,"turns":6.0},{"damage":48,"enemies":"The Guardian","floor":16,"turns":12}],"seed_played":"5159460469394777837","potions_obtained":[{"floor":4.0,"key":"SpeedPotion"},{"floor":7.0,"key":"Regen Potion"},{"floor":12.0,"key":"Block Potion"}],"is_trial":false,"path_per_floor":["M","M","?","M","M","R","M","R","T","?","R","E","R","$","R","B"],"character_chosen":"DEFECT","items_purchased":[],"campfire_rested":3,"item_purchase_floors":[],"current_hp_per_floor":[71,62,62,50,50,50,9,32,32,32,53,8,31,31,31,0],"gold":73,"neow_bonus":"TEN_PERCENT_HP_BONUS","is_prod":false,"is_daily":false,"chose_seed":false,"campfire_upgraded":2,"win_rate":0,"timestamp":1569501947,"path_taken":["M","M","?","M","M","R","M","R","T","?","R","E","R","$","R","BOSS"],"build_version":"2019-07-17","purchased_purges":1,"victory":false,"max_hp_per_floor":[78,78,78,78,78,78,78,78,78,71,71,78,78,78,78,78],"card_choices":[{"not_picked":["Beam Cell","Reinforced Body"],"picked":"Gash","floor":1.0},{"not_picked":["Turbo","Compile Driver","Coolheaded"],"picked":"SKIP","floor":2.0},{"not_picked":["Consume","Doom and Gloom"],"picked":"Steam","floor":4.0},{"not_picked":["Defragment","Aggregate"],"picked":"Go for the Eyes","floor":5.0},{"not_picked":["Melter","Go for the Eyes"],"picked":"Recycle","floor":7.0},{"not_picked":["Go for the Eyes","Streamline"],"picked":"Hologram","floor":12.0}],"player_experience":443675,"relics_obtained":[{"floor":9.0,"key":"Oddly Smooth Stone"},{"floor":12.0,"key":"Strawberry"}],"event_choices":[{"cards_removed":["Strike_B"],"damage_healed":0.0,"max_hp_gain":0.0,"max_hp_loss":0.0,"gold_gain":0.0,"event_name":"The Cleric","player_choice":"Card Removal","floor":3.0,"gold_loss":75.0,"damage_taken":0.0},{"damage_healed":0.0,"max_hp_gain":0.0,"max_hp_loss":7.0,"gold_gain":0.0,"event_name":"Golden Idol","player_choice":"Lose Max HP","floor":10.0,"gold_loss":0.0,"damage_taken":0.0,"relics_obtained":["Golden Idol"]}],"is_beta":false,"boss_relics":[],"items_purged_floors":[14],"is_endless":false,"potions_floor_spawned":[4,7,12],"killed_by":"The Guardian","ascension_level":19}