{"gold_per_floor":[110,120,120,395,320,320,125,141,217,217,217,217,167,180,180,303,303,326,326,241,116,132,163,177,227,227,241,91,117,133,152,152,278,341,360,185,185,249,49,49,62,101,154,177,197,197,197,197,197,197],"floor_reached":51,"playtime":2994,"items_purged":["Regret","Strike_R","Strike_R","Strike_R","Defend_R","Defend_R"],"score":1080,"play_id":"734afd99-5893-490f-97a6-fc021a8f089e","local_time":"20190927001116","is_ascension_mode":true,"campfire_choices":[{"data":"Bash","floor":6.0,"key":"SMITH"},{"data":"Flash of Steel","floor":10.0,"key":"SMITH"},{"data":"Rage","floor":15.0,"key":"SMITH"},{"data":"Dual Wield","floor":32,"key":"SMITH"},{"floor":40,"key":"REST"},{"data":"Defend_R","floor":47,"key":"SMITH"},{"floor":49,"key":"RECALL"}],"neow_cost":"NONE","seed_source_timestamp":1069222310979400,"circlet_count":0,"master_deck":["Defend_R+1","Bash+1","Impatience+1","Dual Wield+1","Flash of Steel+1","Rage+1"],"special_seed":0,"relics":["Burning Blood","Meat on the Bone","Golden Idol","SlaversCollar","Thread and Needle","Omamori","Sundial","PreservedInsect","Tiny House","Pocketwatch","White Beast Statue","Boot","Toxic Egg 2"],"potions_floor_usage":[30,31,35,38,50],"damage_taken":[{"damage":2.0,"enemies":"Jaw Worm","floor":1.0,"turns":3.0},{"damage":6.0,"enemies":"Cultist","floor":2.0,"turns":3.0},{"damage":0.0,"enemies":"2 Louse","floor":8.0,"turns":2.0},{"damage":17.0,"enemies":"Large Slime","floor":14.0,"turns":7.0},{"damage":42.0,"enemies":"The Guardian","floor":16.0,"turns":15.0},{"damage":10.0,"enemies":"3 Byrds","floor":18.0,"turns":9.0},{"damage":17.0,"enemies":"Shell Parasite","floor":22.0,"turns":5.0},{"damage":36.0,"enemies":"Gremlin Leader","floor":23.0,"turns":8.0},{"damage":24.0,"enemies":"Shelled Parasite and Fungi","floor":24.0,"turns":8.0},{"damage":8,"enemies":"Snake Plant","floor":27,"turns":5},{"damage":3,"enemies":"Cultist and Chosen","floor":30,"turns":3},{"damage":14,"enemies":"Snecko","floor":31,"turns":6},{"damage":31,"enemies":"Champ","floor":33,"turns":6},{"damage":69,"enemies":"Orb Walker","floor":35,"turns":7},{"damage":19,"enemies":"2 Orb Walkers","floor":38,"turns":5},{"damage":0,"enemies":"3 Shapes","floor":41,"turns":1},{"damage":0,"enemies":"Reptomancer","floor":42,"turns":1},{"damage":0,"enemies":"Jaw Worm Horde","floor":44,"turns":1},{"damage":0,"enemies":"Writhing Mass","floor":45,"turns":2},{"damage":0,"enemies":"Donu and Deca","floor":50,"turns":2}],"seed_played":"8962164224571651571","potions_obtained":[{"floor":2.0,"key":"Strength Potion"},{"floor":8.0,"key":"Ancient Potion"},{"floor":18.0,"key":"Energy Potion"},{"floor":23.0,"key":"SkillPotion"},{"floor":30,"key":"Weak Potion"},{"floor":34,"key":"ElixirPotion"},{"floor":35,"key":"GamblersBrew"},{"floor":41,"key":"PowerPotion"},{"floor":44,"key":"BloodPotion"},{"floor":45,"key":"Weak Potion"}],"is_trial":false,"path_per_floor":["M","M","$","?","$","R","$","M","T","R","?","?","?","M","R","B",null,"M","?","?","$","M","E","M","?","T","M","$","T","M","M","R","B",null,"M","$","?","?","$","R","M","E","T","M","M","$","R","T","R","B",null],"character_chosen":"IRONCLAD","items_purchased":["Flash of Steel"],"campfire_rested":1,"item_purchase_floors":[7],"current_hp_per_floor":[80,80,80,80,80,80,80,80,80,80,80,60,60,49,49,25,80,76,76,76,76,65,47,41,41,41,51,51,51,54,58,58,45,85,34,34,55,54,54,79,85,85,85,85,85,85,85,85,85,85],"gold":197,"neow_bonus":"RANDOM_COLORLESS","is_prod":false,"is_daily":false,"chose_seed":false,"campfire_upgraded":5,"win_rate":0,"timestamp":1569535876,"path_taken":["M","M","$","?","$","R","?","M","T","R","?","?","?","?","R","BOSS","M","?","?","$","?","E","M","?","T","M","$","?","M","M","R","BOSS","M","$","?","?","$","R","M","E","T","M","M","$","R","?","R","BOSS"],"build_version":"2019-09-26","purchased_purges":6,"victory":true,"max_hp_per_floor":[80,80,80,80,80,80,80,80,80,80,80,80,80,80,80,80,80,80,80,80,80,80,80,80,80,80,80,80,80,80,80,80,80,85,85,85,85,85,85,85,85,85,85,85,85,85,85,85,85,85],"card_choices":[{"not_picked":["Blind","Discovery"],"picked":"Impatience","floor":0.0},{"not_picked":["Corruption","Seeing Red","Clash"],"picked":"SKIP","floor":1.0},{"not_picked":["Pummel","Shockwave"],"picked":"Dual Wield","floor":2.0},{"not_picked":["Infernal Blade","Heavy Blade","Shrug It Off"],"picked":"SKIP","floor":8.0},{"not_picked":["Power Through","Havoc"],"picked":"Rage","floor":14.0},{"not_picked":["Armaments","Twin Strike","Cleave"],"picked":"SKIP","floor":18.0},{"not_picked":["Bloodletting+1","Body Slam","Ghostly Armor"],"picked":"SKIP","floor":22.0},{"not_picked":["Headbutt","Intimidate","True Grit+1"],"picked":"SKIP","floor":23.0},{"not_picked":["Thunderclap","Reckless Charge","Sentinel+1"],"picked":"SKIP","floor":24.0},{"not_picked":["Searing Blow+1","Hemokinesis+1","Flex+1"],"picked":"SKIP","floor":27},{"not_picked":["Wild Strike","Armaments","Feel No Pain"],"picked":"SKIP","floor":30},{"not_picked":["Intimidate","Clash+1","True Grit"],"picked":"SKIP","floor":31},{"not_picked":["Sentinel","Ghostly Armor+1","Pommel Strike"],"picked":"SKIP","floor":35},{"not_picked":["Armaments+1","Intimidate+1","Heavy Blade"],"picked":"SKIP","floor":41},{"not_picked":["Body Slam+1","Perfected Strike","Clothesline"],"picked":"SKIP","floor":42},{"not_picked":["Offering","Armaments+1","Metallicize+1"],"picked":"SKIP","floor":44},{"not_picked":["Sword Boomerang+1","Clash+1","Warcry"],"picked":"SKIP","floor":45}],"player_experience":290580,"relics_obtained":[{"floor":9.0,"key":"Meat on the Bone"},{"floor":23.0,"key":"Omamori"},{"floor":26,"key":"Sundial"},{"floor":29,"key":"PreservedInsect"},{"floor":38,"key":"Pocketwatch"},{"floor":42,"key":"White Beast Statue"},{"floor":43,"key":"Boot"},{"floor":48,"key":"Toxic Egg 2"}],"event_choices":[{"damage_healed":0.0,"max_hp_gain":0.0,"max_hp_loss":0.0,"gold_gain":275.0,"event_name":"Golden Shrine","player_choice":"Desecrate","floor":4.0,"gold_loss":0.0,"damage_taken":0.0,"cards_obtained":["Regret"]},{"cards_removed":["Strike_R"],"damage_healed":0.0,"max_hp_gain":0.0,"max_hp_loss":0.0,"gold_gain":0.0,"event_name":"Living Wall","player_choice":"Forget","floor":11.0,"gold_loss":0.0,"damage_taken":0.0},{"damage_healed":0.0,"max_hp_gain":0.0,"max_hp_loss":0.0,"gold_gain":0.0,"event_name":"Golden Idol","player_choice":"Take Damage","floor":12.0,"gold_loss":0.0,"damage_taken":20.0,"relics_obtained":["Golden Idol"]},{"cards_removed":["Strike_R"],"damage_healed":0.0,"max_hp_gain":0.0,"max_hp_loss":0.0,"gold_gain":0.0,"event_name":"The Cleric","player_choice":"Card Removal","floor":13.0,"gold_loss":50.0,"damage_taken":0.0},{"cards_removed":["Defend_R"],"damage_healed":0.0,"max_hp_gain":0.0,"max_hp_loss":0.0,"gold_gain":0.0,"event_name":"Back to Basics","player_choice":"Elegance","floor":19.0,"gold_loss":0.0,"damage_taken":0.0},{"damage_healed":0.0,"max_hp_gain":0.0,"max_hp_loss":0.0,"gold_gain":0.0,"event_name":"Addict","player_choice":"Obtained Relic","floor":20.0,"gold_loss":85.0,"damage_taken":0.0,"relics_obtained":["Thread and Needle"]},{"damage_healed":0,"gold_gain":100,"player_choice":"Bet on Murderer","damage_taken":0,"max_hp_gain":0,"max_hp_loss":0,"event_name":"The Joust","floor":25,"gold_loss":50},{"damage_healed":21,"gold_gain":0,"player_choice":"Writhe","damage_taken":0,"max_hp_gain":0,"max_hp_loss":0,"event_name":"Winding Halls","floor":37,"gold_loss":0,"cards_obtained":["Writhe"]},{"damage_healed":0,"gold_gain":0,"player_choice":"Fight","damage_taken":0,"max_hp_gain":0,"max_hp_loss":0,"event_name":"Mysterious Sphere","floor":38,"gold_loss":0}],"is_beta":true,"boss_relics":[{"not_picked":["Runic Pyramid","Cursed Key"],"picked":"SlaversCollar"},{"not_picked":["Snecko Eye","Runic Dome"],"picked":"Tiny House"}],"items_purged_floors":[5,7,21,28,36,39],"is_endless":false,"potions_floor_spawned":[2,8,18,23,30,35,41,44,45],"ascension_level":4}