{"gold_per_floor":[112,125,139,150,150,179,179,205,251,264,264,299,53,53,53,153,153,163,175,23,43,43,43,72,91,91,18,76,76,105,105,105,105],"floor_reached":33,"playtime":1079,"items_purged":[],"score":408,"play_id":"20b9f75b-4f55-42af-95df-daa4188fd208","local_time":"20190923202402","is_ascension_mode":true,"campfire_choices":[{"data":"Doom and Gloom","floor":7.0,"key":"SMITH"},{"data":"Barrage","floor":11.0,"key":"SMITH"},{"data":"Conserve Battery","floor":15.0,"key":"SMITH"},{"data":"Electrodynamics","floor":23.0,"key":"SMITH"},{"floor":29.0,"key":"REST"},{"floor":32.0,"key":"REST"}],"neow_cost":"NONE","seed_source_timestamp":822319007242422,"circlet_count":0,"master_deck":["Strike_B","Strike_B","Strike_B","Strike_B","Defend_B","Defend_B","Defend_B","Defend_B","Zap","Dualcast","Doom and Gloom+1","Barrage+1","Self Repair","Ball Lightning","Leap","Conserve Battery+1","Decay","Electrodynamics+1","Coolheaded+1","Leap+1","Barrage+1","Genetic Algorithm+1","Shame","Reinforced Body+1","Static Discharge+1"],"special_seed":0,"relics":["Cracked Core","Singing Bowl","Shuriken","Ancient Tea Set","Lantern","Toxic Egg 2","Mercury Hourglass","Cursed Key","Bag of Preparation","Dodecahedron","Tiny Chest","Question Card","Enchiridion"],"potions_floor_usage":[],"damage_taken":[{"damage":1.0,"enemies":"Cultist","floor":1.0,"turns":4.0},{"damage":7.0,"enemies":"2 Louse","floor":2.0,"turns":2.0},{"damage":2.0,"enemies":"Jaw Worm","floor":3.0,"turns":3.0},{"damage":20.0,"enemies":"3 Louse","floor":4.0,"turns":3.0},{"damage":11.0,"enemies":"Lagavulin","floor":6.0,"turns":7.0},{"damage":16.0,"enemies":"3 Sentries","floor":8.0,"turns":5.0},{"damage":0.0,"enemies":"2 Fungi Beasts","floor":10.0,"turns":2.0},{"damage":15.0,"enemies":"Lagavulin","floor":12.0,"turns":5.0},{"damage":30.0,"enemies":"Slime Boss","floor":16.0,"turns":7.0},{"damage":38.0,"enemies":"Shell Parasite","floor":18.0,"turns":6.0},{"damage":1.0,"enemies":"Spheric Guardian","floor":19.0,"turns":3.0},{"damage":8.0,"enemies":"Snecko","floor":21.0,"turns":3.0},{"damage":9.0,"enemies":"Slavers","floor":24.0,"turns":3.0},{"damage":12.0,"enemies":"Snake Plant","floor":25.0,"turns":3.0},{"damage":0.0,"enemies":"Gremlin Leader","floor":28.0,"turns":3.0},{"damage":9.0,"enemies":"Book of Stabbing","floor":30.0,"turns":3.0},{"damage":62,"enemies":"Champ","floor":33,"turns":8}],"seed_played":"-5927962862187969382","potions_obtained":[{"floor":1.0,"key":"FearPotion"},{"floor":4.0,"key":"Weak Potion"},{"floor":6.0,"key":"GamblersBrew"},{"floor":12.0,"key":"Energy Potion"},{"floor":19.0,"key":"Weak Potion"},{"floor":25.0,"key":"Strength Potion"}],"is_trial":false,"path_per_floor":["M","M","M","M","T","E","R","E","T","M","R","E","$","?","R","B",null,"M","M","$","M","?","R","E","M","T","$","E","R","E","?","R","B"],"character_chosen":"DEFECT","items_purchased":["Mercury Hourglass","Bag of Preparation","Reinforced Body+1"],"campfire_rested":2,"item_purchase_floors":[13,20,27],"current_hp_per_floor":[81,74,72,59,59,55,55,48,48,55,55,49,49,49,49,26,86,57,63,63,55,38,38,29,17,17,17,17,44,37,21,49,0],"gold":105,"neow_bonus":"TEN_PERCENT_HP_BONUS","is_prod":false,"is_daily":false,"chose_seed":false,"campfire_upgraded":4,"win_rate":0,"timestamp":1569288242,"path_taken":["M","?","?","M","?","E","R","E","T","M","R","E","$","?","R","BOSS","M","M","$","M","?","R","E","M","T","$","E","R","E","?","R","BOSS"],"build_version":"2019-09-23","purchased_purges":0,"victory":false,"max_hp_per_floor":[82,82,82,82,82,82,82,84,84,84,84,86,86,86,86,86,86,88,88,88,88,93,93,93,93,93,93,93,93,95,95,95,95],"card_choices":[{"not_picked":["Glacier","Steam"],"picked":"Doom and Gloom","floor":1.0},{"not_picked":["FTL","Force Field"],"picked":"Barrage","floor":2.0},{"not_picked":["Rebound","Reprogram"],"picked":"Self Repair","floor":3.0},{"not_picked":["Compile Driver","Chaos"],"picked":"Ball Lightning","floor":4.0},{"not_picked":["Coolheaded","Barrage"],"picked":"Leap","floor":6.0},{"not_picked":["Leap","Rebound","White Noise"],"picked":"Singing Bowl","floor":8.0},{"not_picked":["Go for the Eyes","Reprogram"],"picked":"Conserve Battery","floor":10.0},{"not_picked":["Steam","Double Energy","Conserve Battery"],"picked":"Singing Bowl","floor":12.0},{"not_picked":["Rainbow+1","Buffer"],"picked":"Electrodynamics","floor":16.0},{"not_picked":["Barrage","Reprogram+1","Rebound+1"],"picked":"Singing Bowl","floor":18.0},{"not_picked":["White Noise+1","Tempest+1"],"picked":"Coolheaded+1","floor":19.0},{"not_picked":["Barrage","Sweeping Beam+1"],"picked":"Leap+1","floor":21.0},{"not_picked":["Skim+1","Compile Driver"],"picked":"Barrage+1","floor":24.0},{"not_picked":["Compile Driver","Melter"],"picked":"Genetic Algorithm+1","floor":25.0},{"not_picked":["Genetic Algorithm+1","Leap+1"],"picked":"Static Discharge+1","floor":28.0},{"not_picked":["Seek+1","Hologram+1","Heatsinks"],"picked":"Singing Bowl","floor":30.0}],"player_experience":317762,"relics_obtained":[{"floor":5.0,"key":"Singing Bowl"},{"floor":6.0,"key":"Shuriken"},{"floor":8.0,"key":"Ancient Tea Set"},{"floor":9.0,"key":"Lantern"},{"floor":12.0,"key":"Toxic Egg 2"},{"floor":24.0,"key":"Dodecahedron"},{"floor":28.0,"key":"Tiny Chest"},{"floor":30.0,"key":"Question Card"},{"floor":31.0,"key":"Enchiridion"}],"event_choices":[{"damage_healed":0.0,"max_hp_gain":0.0,"max_hp_loss":0.0,"gold_gain":0.0,"event_name":"Wheel of Change","player_choice":"Cursed","floor":14.0,"gold_loss":0.0,"damage_taken":0.0,"cards_obtained":["Decay"]},{"damage_healed":0.0,"max_hp_gain":5.0,"max_hp_loss":0.0,"gold_gain":0.0,"event_name":"Forgotten Altar","player_choice":"Shed Blood","floor":22.0,"gold_loss":0.0,"damage_taken":22.0},{"damage_healed":0.0,"max_hp_gain":0.0,"max_hp_loss":0.0,"gold_gain":0.0,"event_name":"Cursed Tome","player_choice":"Obtained Book","floor":31.0,"gold_loss":0.0,"damage_taken":16.0}],"is_beta":true,"boss_relics":[{"not_picked":["FrozenCore","Runic Pyramid"],"picked":"Cursed Key"}],"items_purged_floors":[],"is_endless":false,"potions_floor_spawned":[1,4,6,12,19,25],"killed_by":"Champ","ascension_level":2}