{"gold_per_floor":[117,127,1,14,14,14,52,52,52,127,127],"floor_reached":11,"playtime":422,"items_purged":[],"score":78,"play_id":"2202d605-63e9-40ea-a1c0-ca9057889b49","local_time":"20190808170304","is_ascension_mode":true,"campfire_choices":[{"data":"Defragment","floor":6,"key":"SMITH"},{"data":"Sunder","floor":8,"key":"SMITH"}],"neow_cost":"NONE","seed_source_timestamp":32648355426792,"circlet_count":0,"master_deck":["Strike_B","Strike_B","Strike_B","Strike_B","Defend_B","Defend_B","Defend_B","Defend_B","Zap","Dualcast","Sunder+1","Defragment+1","Hello World","Capacitor","Cold Snap"],"relics":["Cracked Core","Golden Idol","Dead Branch","Pantograph"],"potions_floor_usage":[7,7],"damage_taken":[{"damage":8,"enemies":"2 Louse","floor":1,"turns":3},{"damage":0,"enemies":"Small Slimes","floor":2,"turns":2},{"damage":1,"enemies":"Cultist","floor":4,"turns":3},{"damage":30,"enemies":"3 Sentries","floor":7,"turns":5},{"damage":12,"enemies":"3 Louse","floor":11,"turns":2}],"seed_played":"8683278005354266470","potions_obtained":[{"floor":2,"key":"Strength Potion"},{"floor":4,"key":"LiquidBronze"}],"is_trial":false,"path_per_floor":["M","M","$","M","?","R","E","R","T","?","M"],"character_chosen":"DEFECT","items_purchased":["Hello World","Weak Potion"],"campfire_rested":0,"item_purchase_floors":[3,3],"current_hp_per_floor":[74,74,74,73,53,53,23,23,23,12,0],"gold":127,"neow_bonus":"TEN_PERCENT_HP_BONUS","is_prod":false,"is_daily":false,"chose_seed":false,"campfire_upgraded":2,"win_rate":0,"timestamp":1565301784,"path_taken":["M","M","$","M","?","R","E","R","T","?","M"],"build_version":"2019-07-17","purchased_purges":0,"victory":false,"max_hp_per_floor":[82,82,82,82,82,82,82,82,82,82,82],"card_choices":[{"not_picked":["Gash","Static Discharge"],"picked":"Sunder","floor":1},{"not_picked":["Steam","Barrage"],"picked":"Defragment","floor":2},{"not_picked":["Gash","Rebound"],"picked":"Capacitor","floor":4},{"not_picked":["Go for the Eyes","Auto Shields"],"picked":"Cold Snap","floor":7}],"player_experience":111104,"relics_obtained":[{"floor":7,"key":"Dead Branch"},{"floor":9,"key":"Pantograph"}],"event_choices":[{"damage_healed":0,"gold_gain":0,"player_choice":"Take Damage","damage_taken":20,"relics_obtained":["Golden Idol"],"max_hp_gain":0,"max_hp_loss":0,"event_name":"Golden Idol","floor":5,"gold_loss":0},{"damage_healed":0,"gold_gain":75,"player_choice":"Gather Gold","damage_taken":11,"max_hp_gain":0,"max_hp_loss":0,"event_name":"World of Goop","floor":10,"gold_loss":0}],"is_beta":false,"boss_relics":[],"items_purged_floors":[],"is_endless":false,"potions_floor_spawned":[2,4],"killed_by":"3 Louse","ascension_level":2}