{"gold_per_floor":[361,11,11,11,29,29,64,80,80,108,108,126,126,161,161,161],"floor_reached":16,"playtime":403,"items_purged":[],"score":159,"play_id":"35d7dc61-746a-4a06-85ad-ac6daff86067","local_time":"20190824111502","is_ascension_mode":true,"campfire_choices":[{"data":"Immolate","floor":6.0,"key":"SMITH"},{"floor":11.0,"key":"DIG"},{"floor":15.0,"key":"DIG"}],"neow_cost":"PERCENT_DAMAGE","seed_source_timestamp":363521410890268,"circlet_count":0,"master_deck":["Strike_R","Strike_R","Strike_R","Strike_R","Strike_R","Defend_R","Defend_R","Defend_R","Defend_R","Bash","Sword Boomerang","Immolate+1","Shrug It Off","True Grit","Headbutt","Rampage","Combust"],"special_seed":0,"relics":["Burning Blood","Tiny Chest","Pantograph","Dream Catcher","Shovel","Strawberry","Omamori","Golden Idol","Prayer Wheel","Happy Flower"],"potions_floor_usage":[16],"damage_taken":[{"damage":8.0,"enemies":"Jaw Worm","floor":1.0,"turns":4.0},{"damage":0.0,"enemies":"Cultist","floor":5.0,"turns":3.0},{"damage":30.0,"enemies":"Gremlin Nob","floor":7.0,"turns":4.0},{"damage":3.0,"enemies":"2 Louse","floor":8.0,"turns":3.0},{"damage":21.0,"enemies":"Lagavulin","floor":10.0,"turns":5.0},{"damage":0.0,"enemies":"2 Fungi Beasts","floor":12.0,"turns":2.0},{"damage":10.0,"enemies":"Gremlin Nob","floor":14.0,"turns":3.0},{"damage":55,"enemies":"The Guardian","floor":16,"turns":7}],"seed_played":"3745981364446705618","potions_obtained":[{"floor":7.0,"key":"Poison Potion"},{"floor":10.0,"key":"SteroidPotion"},{"floor":12.0,"key":"Swift Potion"}],"is_trial":false,"path_per_floor":["M","$","?","$","M","R","E","M","T","E","R","M","?","E","R","B"],"character_chosen":"IRONCLAD","items_purchased":["Immolate","Tiny Chest","Finesse"],"campfire_rested":0,"item_purchase_floors":[2,2,2],"current_hp_per_floor":[49,49,49,49,55,55,31,34,34,26,26,32,32,28,28,0],"gold":161,"neow_bonus":"TWO_FIFTY_GOLD","is_prod":false,"is_daily":false,"chose_seed":false,"campfire_upgraded":1,"win_rate":0,"timestamp":1566663302,"path_taken":["M","$","?","?","M","R","E","M","T","E","R","M","?","E","R","BOSS"],"build_version":"2019-07-17","purchased_purges":0,"victory":false,"max_hp_per_floor":[80,80,80,80,80,80,80,80,80,87,87,87,81,81,81,81],"card_choices":[{"not_picked":["Clothesline","Heavy Blade"],"picked":"Sword Boomerang","floor":1.0},{"not_picked":["Carnage","Thunderclap"],"picked":"Shrug It Off","floor":5.0},{"not_picked":["Heavy Blade","Pummel"],"picked":"True Grit","floor":7.0},{"not_picked":["Metallicize","Warcry"],"picked":"Headbutt","floor":8.0},{"not_picked":["Rage","Perfected Strike"],"picked":"Rampage","floor":10.0},{"not_picked":["Twin Strike","Rampage","Headbutt"],"picked":"SKIP","floor":12.0},{"not_picked":["Warcry","Clothesline"],"picked":"Combust","floor":14.0}],"player_experience":206361,"relics_obtained":[{"floor":7.0,"key":"Dream Catcher"},{"floor":9.0,"key":"Shovel"},{"floor":10.0,"key":"Strawberry"},{"floor":11.0,"key":"Omamori"},{"floor":14.0,"key":"Prayer Wheel"},{"floor":15.0,"key":"Happy Flower"}],"event_choices":[{"cards_removed":["Finesse"],"damage_healed":0.0,"max_hp_gain":0.0,"max_hp_loss":0.0,"gold_gain":0.0,"event_name":"WeMeetAgain","player_choice":"Gave Card","floor":3.0,"gold_loss":0.0,"damage_taken":0.0,"relics_obtained":["Pantograph"]},{"damage_healed":0.0,"max_hp_gain":0.0,"max_hp_loss":6.0,"gold_gain":0.0,"event_name":"Golden Idol","player_choice":"Lose Max HP","floor":13.0,"gold_loss":0.0,"damage_taken":0.0,"relics_obtained":["Golden Idol"]}],"is_beta":false,"boss_relics":[],"items_purged_floors":[],"is_endless":false,"potions_floor_spawned":[7,10,12],"killed_by":"The Guardian","ascension_level":7}