{"gold_per_floor":[117,117,137,147,163,163,196,196,219,252,252,271,304,328,335,441,441,464,563,110,128,151,192,192,107,182,222,222,257,93,128,128,233,233,250,84,108,125,140,140],"floor_reached":40,"playtime":2090,"items_purged":["Strike_P","Shame","Defend_P"],"score":591,"play_id":"545b1c01-9fb9-45da-b788-941a3c90a69b","local_time":"20190927142747","is_ascension_mode":true,"campfire_choices":[{"data":"Eruption","floor":6,"key":"SMITH"},{"data":"Conclude","floor":8,"key":"SMITH"},{"data":"ForeignInfluence","floor":11,"key":"SMITH"},{"floor":15,"key":"REST"},{"data":"Nirvana","floor":24,"key":"SMITH"},{"data":"Meditate","floor":28,"key":"SMITH"},{"data":"Swivel","floor":32,"key":"SMITH"}],"neow_cost":"NONE","seed_source_timestamp":256836483964992,"circlet_count":0,"master_deck":["Defend_P","Defend_P","Defend_P","Eruption+1","Vigilance","Protect","ForeignInfluence+1","Weave","Conclude+1","ThirdEye","Weave","SashWhip","Wireheading","Brilliance","Nirvana+1","CutThroughFate+1","Meditate+1","Swivel+1","WreathOfFlame","Consecrate+1","Weave","Weave+1","Bite+1","Bite+1","Bite+1","Bite+1","Bite+1","Weave+1","Protect","WreathOfFlame","Omniscience","ClearTheMind","Crescendo","Tantrum+1","Crescendo+1"],"relics":["PureWater","MealTicket","Dream Catcher","Orichalcum","Vajra","CeramicFish","Lantern","Cursed Key","Bottled Flame","Art of War","Molten Egg 2","Mummified Hand","Bag of Preparation","Pantograph","Black Star"],"potions_floor_usage":[10,10,16,23,33,37,38],"damage_taken":[{"damage":6,"enemies":"Cultist","floor":1,"turns":5},{"damage":0,"enemies":"2 Louse","floor":3,"turns":3},{"damage":0,"enemies":"Jaw Worm","floor":4,"turns":5},{"damage":2,"enemies":"Blue Slaver","floor":5,"turns":4},{"damage":31,"enemies":"Lagavulin","floor":7,"turns":5},{"damage":0,"enemies":"Gremlin Nob","floor":10,"turns":2},{"damage":0,"enemies":"2 Fungi Beasts","floor":12,"turns":2},{"damage":10,"enemies":"3 Sentries","floor":13,"turns":2},{"damage":0,"enemies":"Red Slaver","floor":14,"turns":1},{"damage":35,"enemies":"Hexaghost","floor":16,"turns":6},{"damage":9,"enemies":"3 Byrds","floor":18,"turns":5},{"damage":6,"enemies":"Spheric Guardian","floor":21,"turns":3},{"damage":12,"enemies":"Shelled Parasite and Fungi","floor":22,"turns":6},{"damage":10,"enemies":"Book of Stabbing","floor":23,"turns":3},{"damage":19,"enemies":"Slavers","floor":27,"turns":2},{"damage":12,"enemies":"Book of Stabbing","floor":31,"turns":3},{"damage":2,"enemies":"Automaton","floor":33,"turns":4},{"damage":13,"enemies":"Orb Walker","floor":35,"turns":4},{"damage":6,"enemies":"3 Darklings","floor":37,"turns":3},{"damage":29,"enemies":"Maw","floor":38,"turns":6},{"damage":7,"enemies":"Jaw Worm Horde","floor":39,"turns":3},{"damage":40,"enemies":"Nemesis","floor":40,"turns":2}],"seed_played":"4515221962943386714","potions_obtained":[{"floor":1,"key":"Weak Potion"},{"floor":3,"key":"FearPotion"},{"floor":7,"key":"Swift Potion"},{"floor":14,"key":"Weak Potion"},{"floor":21,"key":"FearPotion"},{"floor":23,"key":"SteroidPotion"},{"floor":27,"key":"Weak Potion"},{"floor":31,"key":"PowerPotion"},{"floor":35,"key":"Energy Potion"}],"is_trial":false,"path_per_floor":["M","?","M","M","M","R","E","R","T","E","R","M","E","M","R","B",null,"M","?","$","M","M","E","R","?","T","E","R","?","$","E","R","B",null,"M","$","M","M","M","E"],"character_chosen":"WATCHER","items_purchased":["Bottled Flame","Meditate","Swivel","Weave+1","Protect","Crescendo"],"campfire_rested":1,"item_purchase_floors":[20,20,20,30,30,36],"current_hp_per_floor":[66,66,66,66,64,64,33,33,33,33,33,33,23,23,44,9,72,63,63,72,66,60,56,56,56,56,37,37,37,50,43,43,50,50,42,50,44,33,35,0],"gold":140,"neow_bonus":"RANDOM_COMMON_RELIC","is_prod":false,"is_daily":false,"chose_seed":false,"campfire_upgraded":6,"win_rate":0,"timestamp":1569587267,"path_taken":["M","?","M","M","M","R","E","R","T","E","R","M","E","?","R","BOSS","M","?","$","M","M","E","R","?","T","E","R","?","$","E","R","BOSS","M","$","M","M","M","E"],"build_version":"2019-09-26","purchased_purges":3,"victory":false,"max_hp_per_floor":[72,72,72,72,72,72,72,72,72,72,72,72,72,72,72,72,72,72,72,72,72,72,72,72,72,72,72,72,50,50,50,50,50,50,50,50,50,50,50,50],"card_choices":[{"not_picked":["Fasting","EmptyMind"],"picked":"Protect","floor":1},{"not_picked":["MentalFortress","Collect","Halt"],"picked":"SKIP","floor":3},{"not_picked":["EmptyMind","EmptyBody"],"picked":"ForeignInfluence","floor":4},{"not_picked":["FlowState","Prostrate"],"picked":"Weave","floor":5},{"not_picked":["BowlingBash","SandsOfTime"],"picked":"Conclude","floor":7},{"not_picked":["Worship","Tantrum"],"picked":"ThirdEye","floor":10},{"not_picked":["Swivel","Wallop"],"picked":"Weave","floor":12},{"not_picked":["FlyingSleeves","Sanctity"],"picked":"SashWhip","floor":13},{"not_picked":["SpiritShield","FlurryOfBlows"],"picked":"Wireheading","floor":14},{"not_picked":["Protect","PathToVictory"],"picked":"Brilliance","floor":15},{"not_picked":["Pray","Vault"],"picked":"Nirvana","floor":16},{"not_picked":["Scrawl","Sanctity+1"],"picked":"CutThroughFate+1","floor":18},{"not_picked":["FlurryOfBlows","PathToVictory"],"picked":"WreathOfFlame","floor":21},{"not_picked":["Perseverance","Sanctity"],"picked":"Consecrate+1","floor":22},{"not_picked":["Tantrum","CutThroughFate"],"picked":"Weave","floor":23},{"not_picked":["ClearTheMind","FlowState"],"picked":"Weave+1","floor":27},{"not_picked":["Halt","Vengeance"],"picked":"WreathOfFlame","floor":31},{"not_picked":["Pray","ReachHeaven+1"],"picked":"Omniscience","floor":33},{"not_picked":["BowlingBash+1","FlowState+1"],"picked":"ClearTheMind","floor":35},{"not_picked":["JustLucky+1","EmptyFist+1"],"picked":"Tantrum+1","floor":37},{"not_picked":["Perseverance","ThirdEye+1"],"picked":"Crescendo+1","floor":38},{"not_picked":["ThirdEye+1","SashWhip+1","Prostrate+1"],"picked":"SKIP","floor":39}],"player_experience":253950,"relics_obtained":[{"floor":7,"key":"Orichalcum"},{"floor":9,"key":"Vajra"},{"floor":10,"key":"CeramicFish"},{"floor":13,"key":"Lantern"},{"floor":23,"key":"Art of War"},{"floor":26,"key":"Mummified Hand"},{"floor":27,"key":"Bag of Preparation"},{"floor":31,"key":"Pantograph"}],"event_choices":[{"damage_healed":0,"gold_gain":0,"player_choice":"Gave Potion","damage_taken":0,"relics_obtained":["Dream Catcher"],"max_hp_gain":0,"max_hp_loss":0,"event_name":"WeMeetAgain","floor":2,"gold_loss":0},{"damage_healed":0,"gold_gain":99,"player_choice":"Stole From Cult","damage_taken":0,"max_hp_gain":0,"max_hp_loss":0,"event_name":"Nest","floor":19,"gold_loss":0},{"damage_healed":0,"gold_gain":0,"player_choice":"Obtained Relic","damage_taken":0,"relics_obtained":["Molten Egg 2"],"max_hp_gain":0,"max_hp_loss":0,"event_name":"Addict","floor":25,"gold_loss":85},{"damage_healed":0,"gold_gain":0,"player_choice":"Became a vampire","damage_taken":0,"max_hp_gain":0,"max_hp_loss":22,"event_name":"Vampires","floor":29,"gold_loss":0,"cards_obtained":["Bite","Bite","Bite","Bite","Bite"]}],"is_beta":true,"boss_relics":[{"not_picked":["Runic Pyramid","Coffee Dripper"],"picked":"Cursed Key"},{"not_picked":["Empty Cage","SacredBark"],"picked":"Black Star"}],"items_purged_floors":[20,30,36],"is_endless":false,"potions_floor_spawned":[1,3,7,14,21,23,27,31,35],"killed_by":"Nemesis","ascension_level":1}