{"gold_per_floor":[18,18,38,52,63,93,93,105,158,11,30,30],"floor_reached":12,"playtime":666,"items_purged":[],"score":90,"play_id":"003c442f-db99-4bd0-99a6-4d6c15037404","local_time":"20190811181204","is_ascension_mode":true,"campfire_choices":[{"data":"Coolheaded","floor":7,"key":"SMITH"}],"neow_cost":"NO_GOLD","seed_source_timestamp":208192818068796,"circlet_count":0,"master_deck":["Strike_B","Strike_B","Strike_B","Strike_B","Defend_B","Defend_B","Defend_B","Defend_B","Zap","Dualcast","Echo Form","Storm+1","FTL","Cold Snap","Cold Snap","Coolheaded+1","Storm","Defragment","Consume","Sweeping Beam"],"relics":["Cracked Core","Potion Belt","Ancient Tea Set"],"potions_floor_usage":[8],"damage_taken":[{"damage":4,"enemies":"Jaw Worm","floor":1,"turns":4},{"damage":14,"enemies":"Small Slimes","floor":3,"turns":4},{"damage":1,"enemies":"Cultist","floor":4,"turns":3},{"damage":8,"enemies":"Blue Slaver","floor":5,"turns":4},{"damage":12,"enemies":"Lagavulin","floor":6,"turns":7},{"damage":14,"enemies":"Exordium Thugs","floor":8,"turns":5},{"damage":18,"enemies":"Looter","floor":11,"turns":4},{"damage":8,"enemies":"Lots of Slimes","floor":12,"turns":1}],"seed_played":"-3733186524987653152","potions_obtained":[{"floor":1,"key":"FearPotion"},{"floor":3,"key":"Block Potion"},{"floor":11,"key":"SkillPotion"}],"is_trial":false,"path_per_floor":["M","?","M","M","M","E","R","M","T","$","M","M"],"character_chosen":"DEFECT","items_purchased":["Defragment","Consume"],"campfire_rested":0,"item_purchase_floors":[10,10],"current_hp_per_floor":[71,71,57,56,48,36,36,22,22,22,4,0],"gold":30,"neow_bonus":"THREE_RARE_CARDS","is_prod":false,"is_daily":false,"chose_seed":false,"campfire_upgraded":1,"win_rate":0,"timestamp":1565565124,"path_taken":["M","?","M","M","M","E","R","M","T","$","M","M"],"build_version":"2019-07-17","purchased_purges":0,"victory":false,"max_hp_per_floor":[75,75,75,75,75,75,75,75,75,75,75,75],"card_choices":[{"not_picked":["Amplify","Multi-Cast"],"picked":"Echo Form","floor":0},{"not_picked":["Rip and Tear","Streamline"],"picked":"Storm","floor":1},{"not_picked":["Redo","Skim"],"picked":"FTL","floor":3},{"not_picked":["Reprogram","Undo"],"picked":"Cold Snap","floor":4},{"not_picked":["Go for the Eyes","Darkness"],"picked":"Cold Snap","floor":5},{"not_picked":["Scrape","Streamline"],"picked":"Coolheaded","floor":6},{"not_picked":["Tempest","Conserve Battery"],"picked":"Storm","floor":8},{"not_picked":["Reprogram","Steam"],"picked":"Sweeping Beam","floor":11}],"player_experience":122732,"relics_obtained":[{"floor":6,"key":"Potion Belt"},{"floor":9,"key":"Ancient Tea Set"}],"event_choices":[{"damage_healed":0,"gold_gain":0,"player_choice":"Grow","damage_taken":0,"max_hp_gain":0,"max_hp_loss":0,"event_name":"Living Wall","floor":2,"gold_loss":0,"cards_upgraded":["Storm"]}],"is_beta":false,"boss_relics":[],"items_purged_floors":[],"is_endless":false,"potions_floor_spawned":[1,3,11],"killed_by":"Lots of Slimes","ascension_level":2}