{"gold_per_floor":[119,194,28,38,53,53,109,109,133,149,149,178,178,191,191,265,265,284,284],"floor_reached":19,"playtime":790,"items_purged":["Strike_R"],"score":379,"play_id":"4c4d011b-fc8c-4a26-81c0-25272250023e","local_time":"20190927152113","is_ascension_mode":true,"campfire_choices":[{"data":"Madness","floor":6,"key":"SMITH"},{"data":"Cleave","floor":8,"key":"SMITH"},{"data":"Fire Breathing","floor":11,"key":"SMITH"},{"floor":15,"key":"REST"}],"neow_cost":"NONE","seed_source_timestamp":261342320387128,"circlet_count":0,"master_deck":["AscendersBane","Strike_R","Strike_R","Strike_R","Strike_R","Defend_R","Defend_R","Defend_R","Defend_R","Bash","Pommel Strike","Madness+1","Fire Breathing+1","Thunderclap","Cleave+1","Flame Barrier","Limit Break","Whirlwind"],"relics":["Black Blood","Tiny Chest","Boot","Pear"],"potions_floor_usage":[12,12,16,19],"damage_taken":[{"damage":18,"enemies":"Jaw Worm","floor":1,"turns":4},{"damage":7,"enemies":"2 Louse","floor":4,"turns":3},{"damage":5,"enemies":"Small Slimes","floor":5,"turns":4},{"damage":36,"enemies":"Gremlin Nob","floor":7,"turns":5},{"damage":7,"enemies":"Looter","floor":10,"turns":3},{"damage":0,"enemies":"Lagavulin","floor":12,"turns":3},{"damage":19,"enemies":"Exordium Wildlife","floor":14,"turns":5},{"damage":57,"enemies":"Hexaghost","floor":16,"turns":9},{"damage":38,"enemies":"Spheric Guardian","floor":18,"turns":6},{"damage":51,"enemies":"Shell Parasite","floor":19,"turns":6}],"seed_played":"-1239278751420748574","potions_obtained":[{"floor":1,"key":"GamblersBrew"},{"floor":5,"key":"SteroidPotion"},{"floor":10,"key":"AttackPotion"},{"floor":14,"key":"Fire Potion"},{"floor":18,"key":"Energy Potion"}],"is_trial":false,"path_per_floor":["M","?","$","M","M","R","E","R","T","M","R","E","?","M","R","B",null,"M","M"],"character_chosen":"IRONCLAD","items_purchased":["Madness"],"campfire_rested":1,"item_purchase_floors":[3],"current_hp_per_floor":[63,52,52,51,52,52,22,22,22,21,21,37,42,29,58,7,75,49,0],"gold":284,"neow_bonus":"TEN_PERCENT_HP_BONUS","is_prod":false,"is_daily":false,"chose_seed":false,"campfire_upgraded":3,"win_rate":0,"timestamp":1569590473,"path_taken":["M","?","$","M","M","R","E","R","T","M","R","E","?","M","R","BOSS","M","M"],"build_version":"2019-09-26","purchased_purges":1,"victory":false,"max_hp_per_floor":[82,82,82,82,82,82,82,82,82,82,82,92,97,97,97,97,97,97,97],"card_choices":[{"not_picked":["Power Through","Rage"],"picked":"Pommel Strike","floor":1},{"not_picked":["Twin Strike","Combust"],"picked":"Fire Breathing","floor":4},{"not_picked":["Dual Wield","Fiend Fire"],"picked":"Thunderclap","floor":5},{"not_picked":["Anger","Shrug It Off"],"picked":"Cleave","floor":7},{"not_picked":["Combust","Clash","True Grit"],"picked":"SKIP","floor":10},{"not_picked":["Hemokinesis","Warcry","Carnage"],"picked":"SKIP","floor":12},{"not_picked":["Clothesline","Twin Strike"],"picked":"Flame Barrier","floor":14},{"not_picked":["Juggernaut","Bludgeon"],"picked":"Limit Break","floor":16},{"not_picked":["Warcry","Anger"],"picked":"Whirlwind","floor":18}],"player_experience":257848,"relics_obtained":[{"floor":7,"key":"Tiny Chest"},{"floor":9,"key":"Boot"},{"floor":12,"key":"Pear"}],"event_choices":[{"damage_healed":0,"gold_gain":75,"player_choice":"Gather Gold","damage_taken":11,"max_hp_gain":0,"max_hp_loss":0,"event_name":"World of Goop","floor":2,"gold_loss":0},{"damage_healed":0,"gold_gain":0,"player_choice":"Donut","damage_taken":0,"max_hp_gain":5,"max_hp_loss":0,"event_name":"Big Fish","floor":13,"gold_loss":0}],"is_beta":true,"boss_relics":[{"not_picked":["Fusion Hammer","SacredBark"],"picked":"Black Blood"}],"items_purged_floors":[3],"is_endless":false,"potions_floor_spawned":[1,5,10,14,18],"killed_by":"Shell Parasite","ascension_level":15}