{"gold_per_floor":[113,113,130,150,150,150,176,176,200,231,242,24,24,24,24,145,145,55,55,0,0,0,0,0,0,0,0,0,0,0,0,0,0],"floor_reached":33,"playtime":1410,"items_purged":["Strike_P"],"score":390,"play_id":"9e11e3d8-dbfd-4987-9815-f2b1c498be7a","local_time":"20190927015617","is_ascension_mode":false,"campfire_choices":[{"data":"SandsOfTime","floor":6.0,"key":"SMITH"},{"data":"Devotion","floor":8.0,"key":"SMITH"},{"data":"Prostrate","floor":15.0,"key":"SMITH"},{"data":"Alpha","floor":23.0,"key":"SMITH"},{"floor":25.0,"key":"REST"},{"floor":32.0,"key":"REST"}],"neow_cost":"NONE","seed_source_timestamp":212320533915685,"circlet_count":0,"master_deck":["Strike_P","Defend_P","Defend_P","Defend_P","Eruption+1","Vigilance","SandsOfTime+1","SashWhip+1","Protect","Devotion+1","Prostrate+1","Consecrate","Alpha+1","Weave","Crescendo","CutThroughFate","Writhe","Devotion"],"special_seed":0,"relics":["PureWater","InkBottle","Odd Mushroom","Juzu Bracelet","Whetstone","Sling","Golden Idol","Ectoplasm","Bag of Marbles","MutagenicStrength","PreservedInsect","Pen Nib"],"potions_floor_usage":[],"damage_taken":[{"damage":0.0,"enemies":"2 Louse","floor":1.0,"turns":3.0},{"damage":0.0,"enemies":"Jaw Worm","floor":3.0,"turns":3.0},{"damage":0.0,"enemies":"Cultist","floor":4.0,"turns":2.0},{"damage":5.0,"enemies":"The Mushroom Lair","floor":7.0,"turns":3.0},{"damage":0.0,"enemies":"Gremlin Nob","floor":10.0,"turns":2.0},{"damage":0.0,"enemies":"Large Slime","floor":11.0,"turns":4.0},{"damage":7.0,"enemies":"Hexaghost","floor":16.0,"turns":8.0},{"damage":30.0,"enemies":"2 Thieves","floor":18.0,"turns":5.0},{"damage":0.0,"enemies":"Chosen","floor":21.0,"turns":3.0},{"damage":0.0,"enemies":"Snake Plant","floor":22.0,"turns":2.0},{"damage":23.0,"enemies":"Centurion and Healer","floor":24.0,"turns":5.0},{"damage":0.0,"enemies":"Snecko","floor":29.0,"turns":3.0},{"damage":33.0,"enemies":"Slavers","floor":30.0,"turns":3.0},{"damage":3.0,"enemies":"Snake Plant","floor":31.0,"turns":3.0},{"damage":37,"enemies":"Collector","floor":33,"turns":3}],"seed_played":"1958280012482226160","potions_obtained":[{"floor":3.0,"key":"SteroidPotion"},{"floor":4.0,"key":"FearPotion"},{"floor":7.0,"key":"DuplicationPotion"},{"floor":11.0,"key":"Ancient Potion"},{"floor":21.0,"key":"Fire Potion"},{"floor":29.0,"key":"FearPotion"},{"floor":31.0,"key":"LiquidBronze"}],"is_trial":false,"path_per_floor":["M","?","M","M","?","R","?","R","T","E","M","$","?","?","R","B",null,"M","?","?","M","M","R","M","R","T","?","?","M","E","M","R","B"],"character_chosen":"WATCHER","items_purchased":["Sling"],"campfire_rested":2,"item_purchase_floors":[12],"current_hp_per_floor":[72,65,65,65,53,53,48,48,48,48,48,48,48,30,30,23,72,42,42,42,42,42,42,19,40,40,40,40,40,7,4,25,0],"gold":0,"neow_bonus":"RANDOM_COLORLESS","is_prod":false,"is_daily":false,"chose_seed":false,"campfire_upgraded":4,"win_rate":0.0,"timestamp":1569542177,"path_taken":["M","?","M","M","?","R","?","R","T","E","M","$","?","?","R","BOSS","M","?","?","M","M","R","M","R","T","?","?","M","E","M","R","BOSS"],"build_version":"2019-09-26","purchased_purges":1,"victory":false,"max_hp_per_floor":[72,72,72,72,72,72,72,72,72,72,72,72,72,72,72,72,72,72,72,72,72,72,72,72,72,72,72,72,72,72,72,72,72],"card_choices":[{"not_picked":["Impatience","Purity"],"picked":"Forethought","floor":0.0},{"not_picked":["ForeignInfluence","Wireheading"],"picked":"SandsOfTime","floor":1.0},{"not_picked":["JustLucky","Scrawl"],"picked":"SashWhip","floor":3.0},{"not_picked":["Halt","TalkToTheHand"],"picked":"Protect","floor":4.0},{"not_picked":["CarveReality","Sanctity"],"picked":"Devotion","floor":7.0},{"not_picked":["Vengeance","Evaluate"],"picked":"Prostrate","floor":10.0},{"not_picked":["MasterReality","Swivel","SashWhip"],"picked":"SKIP","floor":11.0},{"not_picked":["Vault","Pray"],"picked":"Alpha","floor":16.0},{"not_picked":["Meditate","EmptyBody"],"picked":"Weave","floor":18.0},{"not_picked":["WaveOfTheHand","Conclude"],"picked":"Crescendo","floor":21.0},{"not_picked":["Protect","TalkToTheHand"],"picked":"CutThroughFate","floor":22.0},{"not_picked":["MasterReality+1","BowlingBash","Perseverance"],"picked":"SKIP","floor":24.0},{"not_picked":["EmptyFist","MentalFortress+1"],"picked":"Devotion","floor":29.0},{"not_picked":["Wallop","ClearTheMind","Indignation+1"],"picked":"SKIP","floor":30.0},{"not_picked":["Evaluate","EmptyBody","Protect"],"picked":"SKIP","floor":31.0}],"player_experience":242328,"relics_obtained":[{"floor":7.0,"key":"Odd Mushroom"},{"floor":9.0,"key":"Juzu Bracelet"},{"floor":10.0,"key":"Whetstone"},{"floor":26.0,"key":"Bag of Marbles"},{"floor":30.0,"key":"Pen Nib"}],"event_choices":[{"cards_removed":["Strike_P"],"damage_healed":0.0,"max_hp_gain":0.0,"max_hp_loss":0.0,"gold_gain":0.0,"event_name":"Golden Wing","player_choice":"Card Removal","floor":2.0,"gold_loss":0.0,"damage_taken":7.0},{"damage_healed":0.0,"max_hp_gain":0.0,"max_hp_loss":0.0,"gold_gain":0.0,"event_name":"Scrap Ooze","player_choice":"Success","floor":5.0,"gold_loss":0.0,"damage_taken":12.0,"relics_obtained":["InkBottle"]},{"damage_healed":0.0,"max_hp_gain":0.0,"max_hp_loss":0.0,"gold_gain":0.0,"event_name":"Mushrooms","player_choice":"Fought Mushrooms","floor":7.0,"gold_loss":0.0,"damage_taken":0.0},{"damage_healed":0.0,"max_hp_gain":0.0,"max_hp_loss":0.0,"gold_gain":0.0,"cards_transformed":["Defend_P"],"event_name":"Living Wall","player_choice":"Change","floor":13.0,"gold_loss":0.0,"damage_taken":0.0,"cards_obtained":["Consecrate"]},{"damage_healed":0.0,"max_hp_gain":0.0,"max_hp_loss":0.0,"gold_gain":0.0,"event_name":"Golden Idol","player_choice":"Take Damage","floor":14.0,"gold_loss":0.0,"damage_taken":18.0,"relics_obtained":["Golden Idol"]},{"cards_removed":["Strike_P"],"damage_healed":0.0,"max_hp_gain":0.0,"max_hp_loss":0.0,"gold_gain":0.0,"event_name":"Purifier","player_choice":"Purged","floor":19.0,"gold_loss":0.0,"damage_taken":0.0},{"damage_healed":0.0,"max_hp_gain":0.0,"max_hp_loss":0.0,"gold_gain":0.0,"event_name":"Masked Bandits","player_choice":"Paid Fearfully","floor":20.0,"gold_loss":55.0,"damage_taken":0.0},{"damage_healed":0.0,"max_hp_gain":0.0,"max_hp_loss":0.0,"gold_gain":0.0,"event_name":"Drug Dealer","player_choice":"Inject Mutagens","floor":27.0,"gold_loss":0.0,"damage_taken":0.0,"relics_obtained":["MutagenicStrength"]},{"damage_healed":0.0,"max_hp_gain":0.0,"max_hp_loss":0.0,"gold_gain":0.0,"event_name":"The Mausoleum","player_choice":"Opened","floor":28.0,"gold_loss":0.0,"damage_taken":0.0,"relics_obtained":["PreservedInsect"],"cards_obtained":["Writhe"]}],"is_beta":true,"boss_relics":[{"not_picked":["HolyWater","Tiny House"],"picked":"Ectoplasm"}],"items_purged_floors":[12],"is_endless":false,"potions_floor_spawned":[3,4,7,11,21,29,31],"killed_by":"Collector","ascension_level":0}