{"gold_per_floor":[113,123,123,133,147,180,197,522,522,522,557,557,557,572,572,676,676,694,370,386,406,420,450,450,481,505,536,536,231,243,259,259,359,359,372,391,54,54,154,154,169,195,264,264,298,94,107,127,127,127],"floor_reached":51,"playtime":4478,"items_purged":["Defend_R","Strike_R","Strike_R","Strike_R"],"score":982,"play_id":"fa7dca6f-3809-479a-868e-0a206bd8e029","local_time":"20190811163028","is_ascension_mode":true,"campfire_choices":[{"data":"Seeing Red","floor":10,"key":"SMITH"},{"data":"Uppercut","floor":13,"key":"SMITH"},{"data":"Immolate","floor":15,"key":"SMITH"},{"data":"Feed","floor":24,"key":"SMITH"},{"floor":28,"key":"REST"},{"data":"Infernal Blade","floor":32,"key":"SMITH"},{"data":"Double Tap","floor":40,"key":"SMITH"},{"data":"Demon Form","floor":49,"key":"SMITH"}],"neow_cost":"PERCENT_DAMAGE","seed_source_timestamp":198258831924017,"circlet_count":0,"master_deck":["Strike_R","Strike_R","Defend_R+1","Defend_R","Bash","Seeing Red+1","Uppercut+1","Ghostly Armor","Immolate+1","Impervious+1","Shrug It Off","Armaments","Demon Form+1","Clothesline+1","Headbutt+1","Feed+1","Metallicize","Infernal Blade+1","Double Tap+1","Infernal Blade+1","Warcry+1","Secret Technique","Spot Weakness+1","Heavy Blade+1","Heavy Blade+1"],"relics":["Burning Blood","Thread and Needle","Dodecahedron","Old Coin","Singing Bowl","Philosopher\u0027s Stone","Gremlin Horn","Mummified Hand","Oddly Smooth Stone","Smiling Mask","Lantern","Letter Opener","Eternal Feather","Mango","Calipers","Pear","Kunai","Dream Catcher","War Paint"],"potions_floor_usage":[4,5,7,8,16,16,23,23,25,35,36,47,50],"damage_taken":[{"damage":0,"enemies":"2 Louse","floor":1,"turns":4},{"damage":1,"enemies":"Cultist","floor":2,"turns":4},{"damage":0,"enemies":"Small Slimes","floor":4,"turns":2},{"damage":15,"enemies":"Gremlin Gang","floor":5,"turns":5},{"damage":18,"enemies":"3 Sentries","floor":6,"turns":6},{"damage":0,"enemies":"3 Louse","floor":7,"turns":2},{"damage":5,"enemies":"Lagavulin","floor":8,"turns":5},{"damage":19,"enemies":"Gremlin Nob","floor":11,"turns":6},{"damage":0,"enemies":"Blue Slaver","floor":14,"turns":2},{"damage":30,"enemies":"Slime Boss","floor":16,"turns":11},{"damage":5,"enemies":"Shell Parasite","floor":18,"turns":4},{"damage":17,"enemies":"Spheric Guardian","floor":20,"turns":4},{"damage":0,"enemies":"Snake Plant","floor":21,"turns":3},{"damage":10,"enemies":"Centurion and Healer","floor":22,"turns":5},{"damage":31,"enemies":"Slavers","floor":23,"turns":3},{"damage":6,"enemies":"Book of Stabbing","floor":25,"turns":5},{"damage":45,"enemies":"Slavers","floor":27,"turns":8},{"damage":10,"enemies":"3 Cultists","floor":30,"turns":3},{"damage":0,"enemies":"Snake Plant","floor":31,"turns":3},{"damage":24,"enemies":"Collector","floor":33,"turns":10},{"damage":15,"enemies":"3 Shapes","floor":35,"turns":3},{"damage":14,"enemies":"3 Darklings","floor":36,"turns":4},{"damage":0,"enemies":"Mind Bloom Boss Battle","floor":39,"turns":5},{"damage":0,"enemies":"Maw","floor":41,"turns":6},{"damage":0,"enemies":"Nemesis","floor":42,"turns":5},{"damage":74,"enemies":"Giant Head","floor":45,"turns":9},{"damage":7,"enemies":"4 Shapes","floor":47,"turns":3},{"damage":5,"enemies":"Jaw Worm Horde","floor":48,"turns":2},{"damage":58,"enemies":"Donu and Deca","floor":50,"turns":7}],"seed_played":"8295389590825679762","potions_obtained":[{"floor":2,"key":"Block Potion"},{"floor":4,"key":"FearPotion"},{"floor":6,"key":"AttackPotion"},{"floor":7,"key":"AttackPotion"},{"floor":11,"key":"SpeedPotion"},{"floor":12,"key":"GamblersBrew"},{"floor":12,"key":"SmokeBomb"},{"floor":18,"key":"Strength Potion"},{"floor":20,"key":"Explosive Potion"},{"floor":23,"key":"Block Potion"},{"floor":27,"key":"FearPotion"},{"floor":33,"key":"PowerPotion"},{"floor":36,"key":"Ancient Potion"},{"floor":45,"key":"AttackPotion"},{"floor":48,"key":"SkillPotion"}],"is_trial":false,"path_per_floor":["M","M","?","M","M","E","M","E","T","R","E","?","R","M","R","B",null,"M","$","M","M","M","E","R","E","T","E","R","$","M","M","R","B",null,"M","M","$","?","?","R","M","E","T","?","E","$","M","M","R","B",null],"character_chosen":"IRONCLAD","items_purchased":["Gremlin Horn","Letter Opener","Mango","War Paint"],"campfire_rested":1,"item_purchase_floors":[19,29,37,46],"current_hp_per_floor":[62,67,67,73,64,52,58,59,59,59,46,46,46,54,54,30,82,82,82,71,77,75,50,50,50,50,13,38,38,36,44,44,26,90,85,77,91,91,97,108,110,120,120,120,54,54,53,56,71,19],"gold":127,"neow_bonus":"ONE_RARE_RELIC","is_prod":false,"is_daily":false,"chose_seed":false,"campfire_upgraded":7,"win_rate":0,"timestamp":1565559028,"path_taken":["M","M","?","M","?","E","M","E","T","R","E","?","R","M","R","BOSS","M","$","M","M","?","E","R","E","T","E","R","$","M","M","R","BOSS","M","M","$","?","?","R","M","E","T","?","E","$","M","M","R","BOSS"],"build_version":"2019-07-17","purchased_purges":4,"victory":true,"max_hp_per_floor":[80,80,80,80,80,80,80,80,80,80,80,80,80,82,82,82,82,82,82,82,82,84,84,84,84,84,86,86,86,88,90,90,90,90,94,94,108,108,108,108,110,120,120,120,122,122,122,124,124,124],"card_choices":[{"not_picked":["Wild Strike","Dual Wield"],"picked":"Seeing Red","floor":1},{"not_picked":["Dual Wield","Clothesline"],"picked":"Uppercut","floor":2},{"not_picked":["Anger","Clothesline"],"picked":"Ghostly Armor","floor":4},{"not_picked":["Havoc","Warcry"],"picked":"Immolate","floor":5},{"not_picked":["Seeing Red","Clothesline"],"picked":"Impervious","floor":6},{"not_picked":["Flex","Havoc"],"picked":"Shrug It Off","floor":7},{"not_picked":["Metallicize","Brutality"],"picked":"Armaments","floor":8},{"not_picked":["Pommel Strike","True Grit"],"picked":"Rupture","floor":11},{"not_picked":["Heavy Blade","Sword Boomerang","Wild Strike"],"picked":"Singing Bowl","floor":14},{"not_picked":["Barricade","Bludgeon"],"picked":"Demon Form","floor":16},{"not_picked":["Thunderclap+1","Uppercut"],"picked":"Clothesline+1","floor":18},{"not_picked":["Thunderclap+1","True Grit+1"],"picked":"Headbutt+1","floor":20},{"not_picked":["Clash","Twin Strike"],"picked":"Feed","floor":21},{"not_picked":["Entrench+1","Warcry","Body Slam"],"picked":"Singing Bowl","floor":22},{"not_picked":["Havoc","Rampage"],"picked":"Metallicize","floor":23},{"not_picked":["Body Slam","Iron Wave"],"picked":"Infernal Blade","floor":25},{"not_picked":["Second Wind","Sentinel+1","Body Slam"],"picked":"Singing Bowl","floor":27},{"not_picked":["True Grit","Second Wind","Searing Blow"],"picked":"Singing Bowl","floor":30},{"not_picked":["Sword Boomerang","Thunderclap+1","Cleave"],"picked":"Singing Bowl","floor":31},{"not_picked":["Offering","Dark Embrace"],"picked":"Double Tap","floor":33},{"not_picked":["Entrench","Sever Soul"],"picked":"Infernal Blade+1","floor":35},{"not_picked":["Whirlwind","Havoc+1"],"picked":"Warcry+1","floor":36},{"not_picked":["Good Instincts","Finesse"],"picked":"Secret Technique","floor":38},{"not_picked":["Headbutt","Pummel+1"],"picked":"Spot Weakness+1","floor":39},{"not_picked":["Power Through+1","True Grit+1","Searing Blow+1"],"picked":"Singing Bowl","floor":41},{"not_picked":["Feel No Pain+1","Iron Wave"],"picked":"Heavy Blade+1","floor":42},{"not_picked":["Shrug It Off","Power Through+1","Twin Strike+1"],"picked":"Singing Bowl","floor":45},{"not_picked":["Blood for Blood","Warcry+1"],"picked":"Heavy Blade+1","floor":47},{"not_picked":["Body Slam","Pommel Strike+1","Sword Boomerang"],"picked":"Singing Bowl","floor":48}],"player_experience":118254,"relics_obtained":[{"floor":6,"key":"Dodecahedron"},{"floor":8,"key":"Old Coin"},{"floor":11,"key":"Singing Bowl"},{"floor":23,"key":"Mummified Hand"},{"floor":25,"key":"Oddly Smooth Stone"},{"floor":26,"key":"Smiling Mask"},{"floor":27,"key":"Lantern"},{"floor":39,"key":"Calipers"},{"floor":42,"key":"Pear"},{"floor":43,"key":"Kunai"},{"floor":45,"key":"Dream Catcher"}],"event_choices":[{"cards_removed":["Defend_R"],"damage_healed":0,"gold_gain":0,"player_choice":"Purged","damage_taken":0,"max_hp_gain":0,"max_hp_loss":0,"event_name":"Purifier","floor":3,"gold_loss":0},{"damage_healed":0,"gold_gain":0,"player_choice":"Got Potions","damage_taken":0,"max_hp_gain":0,"max_hp_loss":0,"event_name":"Lab","floor":12,"gold_loss":0},{"damage_healed":0,"gold_gain":0,"player_choice":"Memory 1","damage_taken":0,"max_hp_gain":0,"max_hp_loss":0,"event_name":"SensoryStone","floor":38,"gold_loss":0},{"damage_healed":0,"gold_gain":0,"player_choice":"Fight","damage_taken":0,"max_hp_gain":0,"max_hp_loss":0,"event_name":"MindBloom","floor":39,"gold_loss":0},{"cards_removed":["Rupture"],"damage_healed":0,"gold_gain":0,"player_choice":"Removed Power","damage_taken":0,"max_hp_gain":0,"max_hp_loss":0,"event_name":"Falling","floor":44,"gold_loss":0}],"is_beta":false,"boss_relics":[{"not_picked":["Busted Crown","Black Blood"],"picked":"Philosopher\u0027s Stone"},{"not_picked":["Runic Pyramid","Tiny House"],"picked":"Eternal Feather"}],"items_purged_floors":[19,29,37,46],"is_endless":false,"potions_floor_spawned":[2,4,6,7,11,18,20,23,27,33,36,45,48],"ascension_level":3}