{"gold_per_floor":[99,99,99,99,99,99,99,99,99,99,99,99,99,84,84,84,84,84,84,0,0,0,0,0,0,0,0,0,0,0,0,0,0,0,0,0,0,0,0,0,0,0,0,0,0,0,0,0,0,0],"floor_reached":50,"playtime":1885,"items_purged":[],"score":787,"play_id":"1196c813-90b6-481e-a884-7bd405f9d668","local_time":"20190925185423","is_ascension_mode":true,"campfire_choices":[{"floor":6.0,"key":"REST"},{"floor":15.0,"key":"REST"},{"floor":23.0,"key":"REST"},{"floor":29.0,"key":"REST"},{"floor":32.0,"key":"REST"},{"floor":41.0,"key":"REST"},{"floor":46.0,"key":"REST"},{"floor":49.0,"key":"REST"}],"neow_cost":"NONE","seed_source_timestamp":0,"circlet_count":0,"master_deck":["Strike_R+1","Strike_R","Strike_R+1","Strike_R","Strike_R","Defend_R","Defend_R","Defend_R","Defend_R","Bash","Corruption","Regret","Pain","Clash","Headbutt","Ghostly Armor","Inflame+1","Infernal Blade","Thunderclap","Impervious","Headbutt+1","Flash of Steel","Thunderclap","Clash","Pommel Strike","Inflame+1","Headbutt","Infernal Blade","Blood for Blood","Impervious","Shame","Parasite","Shame","Anger+1","HandOfGreed","Chrysalis","Mayhem","Cleave+1","Blood for Blood+1","Searing Blow+1","Blood for Blood+1","Heavy Blade+1","Spot Weakness+1","Thunderclap","Headbutt+1"],"special_seed":0,"relics":["Ectoplasm","Red Skull","Tiny Chest","WarpedTongs","Blue Candle","Mummified Hand","Dodecahedron","Vajra","Fusion Hammer","Kunai","Whetstone","MawBank","Boot","Calling Bell","Dream Catcher","Matryoshka","Gambling Chip","Pear","Charon\u0027s Ashes","Lantern","Shuriken","Meat on the Bone","Bag of Marbles","Toxic Egg 2"],"potions_floor_usage":[50],"damage_taken":[{"damage":9.0,"enemies":"2 Louse","floor":1.0,"turns":2.0},{"damage":15.0,"enemies":"Small Slimes","floor":5.0,"turns":4.0},{"damage":24.0,"enemies":"Gremlin Nob","floor":7.0,"turns":5.0},{"damage":2.0,"enemies":"Cultist","floor":8.0,"turns":2.0},{"damage":9.0,"enemies":"Blue Slaver","floor":11.0,"turns":3.0},{"damage":17.0,"enemies":"3 Sentries","floor":12.0,"turns":6.0},{"damage":13.0,"enemies":"Exordium Thugs","floor":13.0,"turns":3.0},{"damage":11.0,"enemies":"Looter","floor":14.0,"turns":2.0},{"damage":28.0,"enemies":"The Guardian","floor":16.0,"turns":5.0},{"damage":24.0,"enemies":"Shell Parasite","floor":18.0,"turns":4.0},{"damage":4.0,"enemies":"2 Thieves","floor":22.0,"turns":3.0},{"damage":30.0,"enemies":"Slavers","floor":24.0,"turns":5.0},{"damage":21.0,"enemies":"Snecko","floor":25.0,"turns":4.0},{"damage":3.0,"enemies":"3 Cultists","floor":27.0,"turns":4.0},{"damage":0.0,"enemies":"Gremlin Leader","floor":28.0,"turns":4.0},{"damage":14.0,"enemies":"Shelled Parasite and Fungi","floor":30.0,"turns":3.0},{"damage":25.0,"enemies":"Snake Plant","floor":31.0,"turns":2.0},{"damage":53.0,"enemies":"Automaton","floor":33.0,"turns":7.0},{"damage":0.0,"enemies":"Orb Walker","floor":35.0,"turns":3.0},{"damage":32.0,"enemies":"3 Darklings","floor":38.0,"turns":5.0},{"damage":37.0,"enemies":"Reptomancer","floor":40.0,"turns":4.0},{"damage":25.0,"enemies":"Writhing Mass","floor":44.0,"turns":4.0},{"damage":2.0,"enemies":"Transient","floor":45.0,"turns":5.0},{"damage":59.0,"enemies":"Maw","floor":47.0,"turns":5.0},{"damage":8.0,"enemies":"Nemesis","floor":48.0,"turns":3.0},{"damage":63,"enemies":"Awakened One","floor":50,"turns":3}],"seed_played":"8231762049541438859","potions_obtained":[{"floor":1.0,"key":"Swift Potion"},{"floor":8.0,"key":"SteroidPotion"},{"floor":12.0,"key":"Poison Potion"},{"floor":13.0,"key":"Poison Potion"},{"floor":14.0,"key":"Regen Potion"},{"floor":22.0,"key":"Regen Potion"},{"floor":27.0,"key":"Block Potion"},{"floor":28.0,"key":"BloodPotion"},{"floor":30.0,"key":"Swift Potion"},{"floor":45.0,"key":"AttackPotion"},{"floor":47.0,"key":"FearPotion"},{"floor":48.0,"key":"Strength Potion"}],"is_trial":false,"path_per_floor":["M","?","?","?","M","R","E","M","T","T","M","E","M","M","R","B",null,"M","T","$","?","M","R","E","M","T","M","E","R","M","M","R","B",null,"M","T","?","M","T","E","R","$","T","M","M","R","M","E","R","B"],"character_chosen":"IRONCLAD","items_purchased":["Flash of Steel"],"campfire_rested":8,"item_purchase_floors":[20],"current_hp_per_floor":[71,71,68,68,53,77,53,51,51,51,42,25,12,1,25,9,80,56,56,56,56,52,76,60,39,39,36,36,60,46,21,45,12,80,80,90,80,48,48,11,38,38,38,25,35,62,15,19,46,0],"gold":0,"neow_bonus":"BOSS_RELIC","is_prod":false,"is_daily":false,"chose_seed":false,"campfire_upgraded":0,"win_rate":0,"timestamp":1569430463,"path_taken":["M","?","?","?","?","R","E","M","T","?","M","E","M","M","R","BOSS","M","?","?","?","?","R","E","M","T","M","E","R","?","M","R","BOSS","M","?","?","M","?","E","R","$","T","M","?","R","M","E","R","BOSS"],"build_version":"2019-07-17","purchased_purges":0,"victory":false,"max_hp_per_floor":[80,80,80,80,80,80,80,80,80,80,80,80,80,80,80,80,80,80,80,80,80,80,80,80,80,80,80,80,80,80,80,80,80,80,80,90,90,90,90,90,90,90,90,90,90,90,90,90,90,90],"card_choices":[{"not_picked":["True Grit","Cleave"],"picked":"Corruption","floor":1.0},{"not_picked":["Rage","Perfected Strike"],"picked":"Clash","floor":5.0},{"not_picked":["Juggernaut","Exhume"],"picked":"Headbutt","floor":7.0},{"not_picked":["Rage","Sword Boomerang","Warcry"],"picked":"SKIP","floor":8.0},{"not_picked":["Warcry","True Grit"],"picked":"Ghostly Armor","floor":11.0},{"not_picked":["Heavy Blade","Sword Boomerang"],"picked":"Inflame","floor":12.0},{"not_picked":["Warcry","Iron Wave"],"picked":"Infernal Blade","floor":13.0},{"not_picked":["Power Through","Havoc"],"picked":"Thunderclap","floor":14.0},{"not_picked":["Exhume","Barricade"],"picked":"Impervious","floor":16.0},{"not_picked":["Body Slam","Havoc+1"],"picked":"Headbutt+1","floor":18.0},{"not_picked":["Havoc","Body Slam+1"],"picked":"Thunderclap","floor":22.0},{"not_picked":["Pummel","Intimidate+1"],"picked":"Clash","floor":24.0},{"not_picked":["Hemokinesis","Power Through+1"],"picked":"Pommel Strike","floor":25.0},{"not_picked":["Disarm","Perfected Strike"],"picked":"Inflame+1","floor":27.0},{"not_picked":["Whirlwind+1","Rupture"],"picked":"Headbutt","floor":28.0},{"not_picked":["Cleave","Double Tap"],"picked":"Infernal Blade","floor":30.0},{"not_picked":["Warcry+1","Clash"],"picked":"Blood for Blood","floor":31.0},{"not_picked":["Berserk","Brutality"],"picked":"Impervious","floor":33.0},{"not_picked":["Flex","Twin Strike"],"picked":"Anger+1","floor":35.0},{"not_picked":["Flash of Steel","Impatience"],"picked":"HandOfGreed","floor":37.0},{"not_picked":["Secret Technique","Magnetism"],"picked":"Chrysalis","floor":37.0},{"not_picked":["Dark Shackles","Trip"],"picked":"Mayhem","floor":37.0},{"not_picked":["Dropkick+1","Thunderclap"],"picked":"Cleave+1","floor":38.0},{"not_picked":["Heavy Blade","Intimidate"],"picked":"Blood for Blood+1","floor":40.0},{"not_picked":["Entrench","Sword Boomerang"],"picked":"Searing Blow+1","floor":41.0},{"not_picked":["Armaments","Second Wind+1"],"picked":"Blood for Blood+1","floor":44.0},{"not_picked":["Shrug It Off+1","Sentinel+1"],"picked":"Heavy Blade+1","floor":45.0},{"not_picked":["Hemokinesis+1","Clothesline+1"],"picked":"Spot Weakness+1","floor":46.0},{"not_picked":["Whirlwind+1","Iron Wave+1"],"picked":"Thunderclap","floor":47.0},{"not_picked":["Intimidate","Sword Boomerang+1"],"picked":"Headbutt+1","floor":48.0}],"player_experience":406828,"relics_obtained":[{"floor":7.0,"key":"Blue Candle"},{"floor":9.0,"key":"Mummified Hand"},{"floor":10.0,"key":"Dodecahedron"},{"floor":12.0,"key":"Vajra"},{"floor":19.0,"key":"Kunai"},{"floor":24.0,"key":"Whetstone"},{"floor":26.0,"key":"MawBank"},{"floor":28.0,"key":"Boot"},{"floor":34.0,"key":"Dream Catcher"},{"floor":34.0,"key":"Matryoshka"},{"floor":34.0,"key":"Gambling Chip"},{"floor":36.0,"key":"Pear"},{"floor":36.0,"key":"Charon\u0027s Ashes"},{"floor":39.0,"key":"Lantern"},{"floor":39.0,"key":"Shuriken"},{"floor":40.0,"key":"Meat on the Bone"},{"floor":43.0,"key":"Bag of Marbles"},{"floor":48.0,"key":"Toxic Egg 2"}],"event_choices":[{"damage_healed":0.0,"max_hp_gain":0.0,"max_hp_loss":0.0,"gold_gain":0.0,"event_name":"Big Fish","player_choice":"Box","floor":2.0,"gold_loss":0.0,"damage_taken":0.0,"relics_obtained":["Red Skull"],"cards_obtained":["Regret"]},{"damage_healed":0.0,"max_hp_gain":0.0,"max_hp_loss":0.0,"gold_gain":0.0,"event_name":"Scrap Ooze","player_choice":"Success","floor":3.0,"gold_loss":0.0,"damage_taken":3.0,"relics_obtained":["Tiny Chest"]},{"damage_healed":0.0,"max_hp_gain":0.0,"max_hp_loss":0.0,"gold_gain":0.0,"event_name":"Accursed Blacksmith","player_choice":"Rummage","floor":4.0,"gold_loss":0.0,"damage_taken":0.0,"relics_obtained":["WarpedTongs"],"cards_obtained":["Pain"]},{"damage_healed":0.0,"max_hp_gain":0.0,"max_hp_loss":0.0,"gold_gain":0.0,"event_name":"Upgrade Shrine","player_choice":"Upgraded","floor":21.0,"gold_loss":0.0,"damage_taken":0.0,"cards_upgraded":["Inflame"]},{"damage_healed":0.0,"max_hp_gain":0.0,"max_hp_loss":0.0,"gold_gain":0.0,"event_name":"SensoryStone","player_choice":"Memory 3","floor":37.0,"gold_loss":0.0,"damage_taken":10.0}],"is_beta":false,"boss_relics":[{"not_picked":["Runic Pyramid","Runic Dome"],"picked":"Fusion Hammer"},{"not_picked":["Tiny House","Mark of Pain"],"picked":"Calling Bell"}],"items_purged_floors":[],"is_endless":false,"potions_floor_spawned":[1,8,12,13,14,22,27,28,30,45,47,48],"killed_by":"Awakened One","ascension_level":2}