{"gold_per_floor":[369,369,319,88,102,136,150,150,150,150,166,166,66,66,66,162,162,172,172,185,185,201,201,214,214,214,231,247,0,0,0,0,103,103,113,113,132,132,148,148,148,148,148,158,172,172,203,223,223,223],"floor_reached":50,"playtime":3573,"items_purged":["Regret","Strike_P"],"score":572,"play_id":"16bf782d-04e3-4086-8d17-7329417e4ec7","local_time":"20190927004209","is_ascension_mode":false,"campfire_choices":[{"data":"Nirvana","floor":8.0,"key":"SMITH"},{"data":"Consecrate","floor":10.0,"key":"SMITH"},{"floor":15.0,"key":"REST"},{"floor":23,"key":"REST"},{"data":"JustLucky","floor":25,"key":"SMITH"},{"data":"Eruption","floor":30,"key":"SMITH"},{"data":"Weave","floor":32,"key":"SMITH"},{"data":"Discovery","floor":40,"key":"SMITH"},{"data":"ReachHeaven","floor":42,"key":"SMITH"},{"data":"TalkToTheHand","floor":46,"key":"SMITH"},{"floor":49,"key":"RECALL"}],"neow_cost":"TEN_PERCENT_HP_LOSS","seed_source_timestamp":205574735782652,"circlet_count":0,"master_deck":["Defend_P","Defend_P+1","Defend_P+1","Eruption+1","Vigilance+1","SashWhip+1","Nirvana+1","Consecrate+1","ThirdEye","Weave+1","ThirdEye+1","CutThroughFate","JustLucky+1","ThirdEye+1","ReachHeaven+1","FlurryOfBlows+1","Establishment+1","Conclude+1","DeceiveReality+1","CutThroughFate","Jack Of All Trades","Discovery+1","SandsOfTime+1","TalkToTheHand+1"],"special_seed":0,"relics":["PureWater","Pear","Singing Bowl","HornCleat","Sozu","Enchiridion","MealTicket","Astrolabe","Thread and Needle","War Paint"],"potions_floor_usage":[16],"damage_taken":[{"damage":12.0,"enemies":"Jaw Worm","floor":1.0,"turns":5.0},{"damage":0.0,"enemies":"Small Slimes","floor":5.0,"turns":5.0},{"damage":45.0,"enemies":"3 Sentries","floor":6.0,"turns":8.0},{"damage":0.0,"enemies":"2 Louse","floor":7.0,"turns":1.0},{"damage":2.0,"enemies":"Looter","floor":11.0,"turns":4.0},{"damage":0,"enemies":"Slime Boss","floor":16,"turns":5},{"damage":15,"enemies":"3 Byrds","floor":18,"turns":4},{"damage":13,"enemies":"Shell Parasite","floor":20,"turns":7},{"damage":8,"enemies":"Sentry and Sphere","floor":22,"turns":6},{"damage":5,"enemies":"Snecko","floor":24,"turns":4},{"damage":6,"enemies":"Cultist and Chosen","floor":27,"turns":6},{"damage":0,"enemies":"Snake Plant","floor":28,"turns":7},{"damage":22,"enemies":"Automaton","floor":33,"turns":11},{"damage":6,"enemies":"3 Shapes","floor":35,"turns":4},{"damage":0,"enemies":"3 Darklings","floor":37,"turns":5},{"damage":6,"enemies":"Spire Growth","floor":39,"turns":7},{"damage":0,"enemies":"Transient","floor":44,"turns":5},{"damage":27,"enemies":"Jaw Worm Horde","floor":45,"turns":3},{"damage":0,"enemies":"Nemesis","floor":47,"turns":7},{"damage":6,"enemies":"4 Shapes","floor":48,"turns":5},{"damage":46,"enemies":"Time Eater","floor":50,"turns":10}],"seed_played":"5178403298779305873","potions_obtained":[{"floor":6.0,"key":"FearPotion"}],"is_trial":false,"path_per_floor":["M","?","?","$","M","E","M","R","T","R","M","?","$","?","R","B",null,"M","?","M","?","M","R","M","R","T","M","M","?","R","$","R","B",null,"M","?","M","?","M","R","T","R","T","M","M","R","E","M","R","B"],"character_chosen":"WATCHER","items_purchased":["Nirvana"],"campfire_rested":2,"item_purchase_floors":[4],"current_hp_per_floor":[53,63,63,63,63,18,20,20,20,20,18,3,3,3,26,28,79,64,49,38,22,14,39,34,34,34,30,30,30,30,45,45,23,88,82,82,82,77,71,71,71,71,71,73,46,46,48,44,44,0],"gold":223,"neow_bonus":"TWO_FIFTY_GOLD","is_prod":false,"is_daily":false,"chose_seed":false,"campfire_upgraded":8,"win_rate":0.0,"timestamp":1569537729,"path_taken":["M","?","?","$","M","E","M","R","T","R","M","?","?","?","R","BOSS","M","?","M","?","M","R","M","R","T","M","M","?","R","?","R","BOSS","M","?","M","?","M","R","?","R","T","M","?","R","E","M","R","BOSS"],"build_version":"2019-09-26","purchased_purges":2,"victory":false,"max_hp_per_floor":[65,75,75,75,75,75,77,77,77,77,77,77,77,77,77,79,79,79,84,86,86,86,86,86,86,86,88,88,88,88,88,88,88,88,88,88,88,88,88,88,88,88,88,90,90,90,92,94,94,94],"card_choices":[{"not_picked":["ThirdEye","EmptyBody"],"picked":"SashWhip","floor":1.0},{"not_picked":["SashWhip","CutThroughFate"],"picked":"Consecrate","floor":5.0},{"not_picked":["Conclude","Judgement"],"picked":"ThirdEye","floor":6.0},{"not_picked":["Halt","EmptyBody","Fasting"],"picked":"Singing Bowl","floor":7.0},{"not_picked":["BowlingBash","ThirdEye"],"picked":"Weave","floor":11.0},{"not_picked":["DeusExMachina","Blasphemy","Vault"],"picked":"Singing Bowl","floor":16},{"not_picked":["Meditate","Protect"],"picked":"ThirdEye+1","floor":18},{"not_picked":["ClearTheMind","BowlingBash+1","Meditate"],"picked":"Singing Bowl","floor":20},{"not_picked":["EmptyBody","Sanctity"],"picked":"CutThroughFate","floor":22},{"not_picked":["FlowState","WaveOfTheHand"],"picked":"JustLucky","floor":24},{"not_picked":["Protect","BowlingBash","Ragnarok"],"picked":"Singing Bowl","floor":27},{"not_picked":["BowlingBash","SashWhip"],"picked":"ThirdEye+1","floor":28},{"not_picked":["DeusExMachina","SignatureMove"],"picked":"ReachHeaven","floor":33},{"not_picked":["JustLucky","Protect"],"picked":"DeceiveReality+1","floor":35},{"not_picked":["Wallop+1","EmptyFist"],"picked":"CutThroughFate","floor":37},{"not_picked":["Good Instincts","Secret Weapon"],"picked":"Jack Of All Trades","floor":38},{"not_picked":["The Bomb","Metamorphosis"],"picked":"Discovery","floor":38},{"not_picked":["Indignation","ClearTheMind"],"picked":"SandsOfTime+1","floor":39},{"not_picked":["Indignation+1","FlowState","Protect"],"picked":"Singing Bowl","floor":44},{"not_picked":["EmptyFist+1","PathToVictory+1"],"picked":"TalkToTheHand","floor":45},{"not_picked":["FlyingSleeves","PathToVictory","Sanctity+1"],"picked":"Singing Bowl","floor":47},{"not_picked":["EmptyBody+1","Prostrate+1","ThirdEye"],"picked":"Singing Bowl","floor":48}],"player_experience":236787,"relics_obtained":[{"floor":6.0,"key":"Singing Bowl"},{"floor":9.0,"key":"HornCleat"},{"floor":21,"key":"Enchiridion"},{"floor":26,"key":"MealTicket"},{"floor":43,"key":"Thread and Needle"},{"floor":47,"key":"War Paint"}],"event_choices":[{"damage_healed":0.0,"max_hp_gain":0.0,"max_hp_loss":0.0,"gold_gain":0.0,"event_name":"Big Fish","player_choice":"Box","floor":2.0,"gold_loss":0.0,"damage_taken":0.0,"relics_obtained":["Pear"],"cards_obtained":["Regret"]},{"cards_removed":["Strike_P"],"damage_healed":0.0,"max_hp_gain":0.0,"max_hp_loss":0.0,"gold_gain":0.0,"event_name":"The Cleric","player_choice":"Card Removal","floor":3.0,"gold_loss":50.0,"damage_taken":0.0},{"damage_healed":0.0,"max_hp_gain":0.0,"max_hp_loss":0.0,"gold_gain":0.0,"event_name":"Shining Light","player_choice":"Entered Light","floor":12.0,"gold_loss":0.0,"damage_taken":15.0,"cards_upgraded":["Defend_P","SashWhip"]},{"damage_healed":0.0,"max_hp_gain":0.0,"max_hp_loss":0.0,"gold_gain":0.0,"event_name":"Liars Game","player_choice":"Ignored","floor":14.0,"gold_loss":0.0,"damage_taken":0.0},{"damage_healed":0,"gold_gain":0,"player_choice":"Shed Blood","damage_taken":20,"max_hp_gain":5,"max_hp_loss":0,"event_name":"Forgotten Altar","floor":19,"gold_loss":0},{"damage_healed":0,"gold_gain":0,"player_choice":"Obtained Book","damage_taken":16,"max_hp_gain":0,"max_hp_loss":0,"event_name":"Cursed Tome","floor":21,"gold_loss":0},{"damage_healed":0,"gold_gain":0,"player_choice":"Paid Fearfully","damage_taken":0,"max_hp_gain":0,"max_hp_loss":0,"event_name":"Masked Bandits","floor":29,"gold_loss":247},{"damage_healed":0,"gold_gain":0,"player_choice":"Ignored","damage_taken":0,"max_hp_gain":0,"max_hp_loss":0,"event_name":"Tomb of Lord Red Mask","floor":36,"gold_loss":0},{"damage_healed":0,"gold_gain":0,"player_choice":"Memory 2","damage_taken":5,"max_hp_gain":0,"max_hp_loss":0,"event_name":"SensoryStone","floor":38,"gold_loss":0}],"is_beta":true,"boss_relics":[{"not_picked":["Busted Crown","Calling Bell"],"picked":"Sozu"},{"not_picked":["Runic Pyramid","Empty Cage"],"picked":"Astrolabe"}],"items_purged_floors":[4,13],"is_endless":false,"potions_floor_spawned":[6,22,24,28,37,48],"killed_by":"Time Eater","ascension_level":0}