{"gold_per_floor":[110,110,110,185,199,234,234,267,267,237,237,13,13,27,27,127,127,138,156,167,180,34,62,62,96,96,96,109,109,40,55,55,154,154,172,72,72,82,93,122,122,32,87,99,99,134,144,156,156,156],"floor_reached":50,"playtime":5279,"items_purged":["Strike_G","Strike_G"],"score":600,"play_id":"501cbf7e-4a6d-4880-a065-d4ab56fce21a","local_time":"20190819151108","is_ascension_mode":false,"campfire_choices":[{"floor":7.0,"key":"REST"},{"floor":11.0,"key":"REST"},{"data":"Backstab","floor":13.0,"key":"SMITH"},{"data":"Backflip","floor":15.0,"key":"SMITH"},{"floor":24.0,"key":"REST"},{"data":"Envenom","floor":29.0,"key":"SMITH"},{"data":"Tools of the Trade","floor":32.0,"key":"SMITH"},{"floor":41.0,"key":"REST"},{"data":"Tactician","floor":45.0,"key":"SMITH"},{"floor":49.0,"key":"REST"}],"neow_cost":"NONE","seed_source_timestamp":72141496829733,"circlet_count":0,"master_deck":["Strike_G","Strike_G","Strike_G+1","Defend_G","Defend_G","Defend_G","Survivor","Neutralize+1","Poisoned Stab","Dagger Spray","Backflip","Escape Plan","Backflip+1","Backstab+1","Slice+1","Tools of the Trade+1","Bane","Deadly Poison+1","Underhanded Strike+1","Quick Slash","Acrobatics","Poisoned Stab","Envenom+1","Quick Slash","Expertise+1","Backstab","Quick Slash+1","Corpse Explosion","Poisoned Stab+1","Terror+1","Dagger Spray+1","Acrobatics","Tactician+1","Dagger Spray+1","Outmaneuver+1","Backflip+1"],"special_seed":0,"relics":["Ring of the Snake","Letter Opener","Nunchaku","Ninja Scroll","Blood Vial","Sozu","Anchor","Snake Skull","Question Card","Frozen Egg 2","Black Star","Gremlin Horn","Pear","Bronze Scales","Ornamental Fan","Whetstone"],"potions_floor_usage":[50],"damage_taken":[{"damage":0.0,"enemies":"Small Slimes","floor":1.0,"turns":5.0},{"damage":0.0,"enemies":"Jaw Worm","floor":5.0,"turns":5.0},{"damage":58.0,"enemies":"Gremlin Nob","floor":6.0,"turns":6.0},{"damage":11.0,"enemies":"3 Sentries","floor":8.0,"turns":9.0},{"damage":0.0,"enemies":"Cultist","floor":14.0,"turns":2.0},{"damage":17.0,"enemies":"Slime Boss","floor":16.0,"turns":9.0},{"damage":11.0,"enemies":"Spheric Guardian","floor":18.0,"turns":4.0},{"damage":10.0,"enemies":"2 Thieves","floor":19.0,"turns":3.0},{"damage":18.0,"enemies":"Snake Plant","floor":20.0,"turns":4.0},{"damage":1.0,"enemies":"Centurion and Healer","floor":21.0,"turns":4.0},{"damage":29.0,"enemies":"Book of Stabbing","floor":23.0,"turns":5.0},{"damage":11.0,"enemies":"Slavers","floor":25.0,"turns":5.0},{"damage":0.0,"enemies":"Cultist and Chosen","floor":28.0,"turns":4.0},{"damage":0.0,"enemies":"Chosen and Byrds","floor":31.0,"turns":3.0},{"damage":25.0,"enemies":"Collector","floor":33.0,"turns":6.0},{"damage":20.0,"enemies":"3 Darklings","floor":35.0,"turns":3.0},{"damage":0.0,"enemies":"Orb Walker","floor":38.0,"turns":2.0},{"damage":27.0,"enemies":"3 Darklings","floor":39.0,"turns":3.0},{"damage":23.0,"enemies":"Nemesis","floor":40.0,"turns":5.0},{"damage":8.0,"enemies":"Transient","floor":44.0,"turns":5.0},{"damage":9.0,"enemies":"Reptomancer","floor":46.0,"turns":3.0},{"damage":29.0,"enemies":"Spire Growth","floor":47.0,"turns":3.0},{"damage":5.0,"enemies":"Sphere and 2 Shapes","floor":48.0,"turns":3.0},{"damage":50,"enemies":"Donu and Deca","floor":50,"turns":5}],"seed_played":"-3978557297789014274","potions_obtained":[{"floor":5.0,"key":"Weak Potion"},{"floor":10.0,"key":"FearPotion"},{"floor":10.0,"key":"Poison Potion"},{"floor":14.0,"key":"Fire Potion"},{"floor":16.0,"key":"Block Potion"}],"is_trial":false,"path_per_floor":["M","?","?","?","M","E","R","E","T","?","R","$","R","M","R","B",null,"M","M","M","M","$","E","R","E","T","T","M","R","$","M","R","B",null,"M","$","?","M","M","E","R","?","T","M","R","E","M","M","R","B"],"character_chosen":"THE_SILENT","items_purchased":["Blood Vial","Backstab","Acrobatics","Poisoned Stab","Backstab"],"campfire_rested":5,"item_purchase_floors":[12,12,22,22,30],"current_hp_per_floor":[77,82,82,71,71,13,37,26,26,26,50,50,50,52,52,37,82,71,63,47,48,48,21,45,36,36,36,38,38,38,40,40,17,82,62,62,62,64,39,28,54,54,54,48,48,41,14,11,37,0],"gold":156,"neow_bonus":"TEN_PERCENT_HP_BONUS","is_prod":false,"is_daily":false,"chose_seed":false,"campfire_upgraded":5,"win_rate":0,"timestamp":1566220268,"path_taken":["M","?","?","?","?","E","R","E","T","?","R","$","R","M","R","BOSS","M","M","M","M","$","E","R","E","T","?","?","R","$","M","R","BOSS","M","$","?","M","M","E","R","?","T","M","R","E","M","M","R","BOSS"],"build_version":"2019-07-17","purchased_purges":2,"victory":false,"max_hp_per_floor":[77,82,82,82,82,82,82,82,82,82,82,82,82,82,82,82,82,82,82,82,82,82,82,82,82,82,82,82,82,82,82,82,82,82,82,82,78,78,78,88,88,88,88,88,88,88,88,88,88,88],"card_choices":[{"not_picked":["Prepared","Deflect"],"picked":"Poisoned Stab","floor":1.0},{"not_picked":["Deflect","Dagger Throw"],"picked":"Backflip","floor":5.0},{"not_picked":["Phantasmal Killer","Masterful Stab"],"picked":"Escape Plan","floor":6.0},{"not_picked":["Heel Hook","Poisoned Stab"],"picked":"Backflip","floor":8.0},{"not_picked":["PiercingWail","Reflex"],"picked":"Slice","floor":14.0},{"not_picked":["Venomology","Adrenaline"],"picked":"Tools of the Trade","floor":16.0},{"not_picked":["Riddle With Holes","PiercingWail"],"picked":"Bane","floor":18.0},{"not_picked":["Backflip","Dodge and Roll"],"picked":"Deadly Poison+1","floor":19.0},{"not_picked":["Skewer","Poisoned Stab"],"picked":"Underhanded Strike+1","floor":20.0},{"not_picked":["Footwork","Riddle With Holes"],"picked":"Quick Slash","floor":21.0},{"not_picked":["Eviscerate+1","Dagger Spray"],"picked":"Envenom","floor":23.0},{"not_picked":["Leg Sweep","PiercingWail"],"picked":"Quick Slash","floor":25.0},{"not_picked":["Sucker Punch","PiercingWail","Underhanded Strike"],"picked":"Expertise+1","floor":28.0},{"not_picked":["Acrobatics","Prepared","Sucker Punch+1"],"picked":"Quick Slash+1","floor":31.0},{"not_picked":["Venomology","Adrenaline","Malaise"],"picked":"Corpse Explosion","floor":33.0},{"not_picked":["Prepared","Deadly Poison","PiercingWail+1"],"picked":"Poisoned Stab+1","floor":35.0},{"not_picked":["Deadly Poison+1","Backflip","Burst"],"picked":"Terror+1","floor":38.0},{"not_picked":["Deadly Poison","Endless Agony+1","Eviscerate"],"picked":"Dagger Spray+1","floor":39.0},{"not_picked":["Deflect","PiercingWail+1","Skewer"],"picked":"Acrobatics","floor":40.0},{"not_picked":["Riddle With Holes+1","Outmaneuver","Underhanded Strike+1"],"picked":"Tactician","floor":44.0},{"not_picked":["Deadly Poison+1","Slice","Malaise"],"picked":"Dagger Spray+1","floor":46.0},{"not_picked":["Deadly Poison+1","All Out Attack+1","PiercingWail"],"picked":"Outmaneuver+1","floor":47.0},{"not_picked":["Quick Slash","Malaise","Outmaneuver"],"picked":"Backflip+1","floor":48.0}],"player_experience":17280,"relics_obtained":[{"floor":6.0,"key":"Letter Opener"},{"floor":8.0,"key":"Nunchaku"},{"floor":9.0,"key":"Ninja Scroll"},{"floor":23.0,"key":"Anchor"},{"floor":25.0,"key":"Snake Skull"},{"floor":26.0,"key":"Question Card"},{"floor":27.0,"key":"Frozen Egg 2"},{"floor":40.0,"key":"Gremlin Horn"},{"floor":40.0,"key":"Pear"},{"floor":43.0,"key":"Bronze Scales"},{"floor":46.0,"key":"Ornamental Fan"},{"floor":46.0,"key":"Whetstone"}],"event_choices":[{"damage_healed":0.0,"max_hp_gain":5.0,"max_hp_loss":0.0,"gold_gain":0.0,"event_name":"Big Fish","player_choice":"Donut","floor":2.0,"gold_loss":0.0,"damage_taken":0.0},{"damage_healed":0.0,"max_hp_gain":0.0,"max_hp_loss":0.0,"gold_gain":0.0,"cards_transformed":["Defend_G"],"event_name":"Living Wall","player_choice":"Change","floor":3.0,"gold_loss":0.0,"damage_taken":0.0,"cards_obtained":["Dagger Spray"]},{"damage_healed":0.0,"max_hp_gain":0.0,"max_hp_loss":0.0,"gold_gain":75.0,"event_name":"World of Goop","player_choice":"Gather Gold","floor":4.0,"gold_loss":0.0,"damage_taken":11.0},{"damage_healed":0.0,"max_hp_gain":0.0,"max_hp_loss":0.0,"gold_gain":0.0,"event_name":"The Woman in Blue","player_choice":"Bought 2 Potions","floor":10.0,"gold_loss":0.0,"damage_taken":0.0},{"damage_healed":0.0,"max_hp_gain":0.0,"max_hp_loss":4.0,"gold_gain":0.0,"event_name":"Winding Halls","player_choice":"Max HP","floor":37.0,"gold_loss":0.0,"damage_taken":0.0},{"cards_removed":["Defend_G"],"damage_healed":0.0,"max_hp_gain":0.0,"max_hp_loss":0.0,"gold_gain":0.0,"event_name":"Designer","player_choice":"Upgrade and Remove","floor":42.0,"gold_loss":90.0,"damage_taken":0.0,"cards_upgraded":["Strike_G"]}],"is_beta":false,"boss_relics":[{"not_picked":["Empty Cage","Busted Crown"],"picked":"Sozu"},{"not_picked":["Eternal Feather","Fusion Hammer"],"picked":"Black Star"}],"items_purged_floors":[22,36],"is_endless":false,"potions_floor_spawned":[5,14,16,19,21,28,31,38,39,46,48],"killed_by":"Donu and Deca","ascension_level":0}