{"gold_per_floor":[113,113,113,131,131,166,182,199,199,209,43,43,75,88,88,165,165,181,181,231,247,247,247],"floor_reached":23,"playtime":1500,"items_purged":["Strike_B"],"score":441,"play_id":"f30e9597-2d68-4053-b4c4-e549532148d2","local_time":"20190926091518","is_ascension_mode":true,"campfire_choices":[{"data":"Sunder","floor":12.0,"key":"SMITH"},{"data":"1","floor":15.0,"key":"LIFT"}],"neow_cost":"NONE","seed_source_timestamp":1509180735347577,"circlet_count":0,"master_deck":["AscendersBane","Strike_B","Strike_B","Strike_B","Defend_B","Defend_B","Defend_B","Defend_B","Zap","Dualcast","Cold Snap","Glacier","Ball Lightning","Cold Snap","Sunder+1","Genetic Algorithm","Steam","Ball Lightning","Electrodynamics","Conserve Battery+1","Genetic Algorithm","Loop","Necronomicurse"],"special_seed":0,"relics":["Cracked Core","NeowsBlessing","Blood Vial","Incense Burner","Blue Candle","Girya","Sozu","Necronomicon"],"potions_floor_usage":[],"damage_taken":[{"damage":0.0,"enemies":"2 Louse","floor":1.0,"turns":1.0},{"damage":0.0,"enemies":"Small Slimes","floor":4.0,"turns":1.0},{"damage":0.0,"enemies":"Gremlin Nob","floor":6.0,"turns":1.0},{"damage":2.0,"enemies":"Cultist","floor":7.0,"turns":3.0},{"damage":0.0,"enemies":"3 Louse","floor":8.0,"turns":3.0},{"damage":2.0,"enemies":"Red Slaver","floor":10.0,"turns":4.0},{"damage":7.0,"enemies":"3 Sentries","floor":13.0,"turns":6.0},{"damage":0.0,"enemies":"Blue Slaver","floor":14.0,"turns":3.0},{"damage":18.0,"enemies":"Slime Boss","floor":16.0,"turns":10.0},{"damage":3.0,"enemies":"Chosen","floor":18.0,"turns":5.0},{"damage":19,"enemies":"2 Thieves","floor":21,"turns":4},{"damage":34,"enemies":"Gremlin Leader","floor":23,"turns":5}],"seed_played":"-8875770459434257229","potions_obtained":[{"floor":4.0,"key":"FocusPotion"},{"floor":6.0,"key":"Block Potion"},{"floor":7.0,"key":"SkillPotion"},{"floor":14.0,"key":"Dexterity Potion"}],"is_trial":false,"path_per_floor":["M","?","?","M","?","E","M","M","T","M","$","R","E","M","R","B",null,"M","?","?","M","?","E"],"character_chosen":"DEFECT","items_purchased":["Genetic Algorithm","Block Potion"],"campfire_rested":0,"item_purchase_floors":[11,11],"current_hp_per_floor":[64,64,64,66,66,68,68,70,70,69,69,69,64,66,66,50,66,65,65,65,48,27,0],"gold":247,"neow_bonus":"THREE_ENEMY_KILL","is_prod":false,"is_daily":false,"chose_seed":false,"campfire_upgraded":1,"win_rate":0,"timestamp":1569503718,"path_taken":["M","?","?","M","?","E","M","M","T","?","$","R","E","M","R","BOSS","M","?","?","?","?","E"],"build_version":"2019-07-17","purchased_purges":1,"victory":false,"max_hp_per_floor":[71,71,71,71,71,71,71,71,71,71,71,71,71,71,71,71,71,71,71,71,71,71,71],"card_choices":[{"not_picked":["Turbo","Redo"],"picked":"Cold Snap","floor":1.0},{"not_picked":["Scrape","Steam"],"picked":"Glacier","floor":4.0},{"not_picked":["Heatsinks","Conserve Battery"],"picked":"Ball Lightning","floor":6.0},{"not_picked":["Streamline","All For One"],"picked":"Cold Snap","floor":7.0},{"not_picked":["Redo","Sweeping Beam","Go for the Eyes"],"picked":"SKIP","floor":8.0},{"not_picked":["Reprogram","Ball Lightning"],"picked":"Sunder","floor":10.0},{"not_picked":["Streamline","Fusion"],"picked":"Steam","floor":13.0},{"not_picked":["Static Discharge","Blizzard"],"picked":"Ball Lightning","floor":14.0},{"not_picked":["Hyperbeam","Machine Learning"],"picked":"Electrodynamics","floor":16.0},{"not_picked":["Hologram","Barrage"],"picked":"Conserve Battery+1","floor":18.0},{"not_picked":["Rebound","Conserve Battery"],"picked":"Loop","floor":21}],"player_experience":444503,"relics_obtained":[{"floor":6.0,"key":"Incense Burner"},{"floor":9.0,"key":"Blue Candle"},{"floor":13.0,"key":"Girya"},{"floor":22,"key":"Necronomicon"}],"event_choices":[{"damage_healed":0.0,"max_hp_gain":0.0,"max_hp_loss":0.0,"gold_gain":0.0,"event_name":"Big Fish","player_choice":"Box","floor":2.0,"gold_loss":0.0,"damage_taken":0.0,"relics_obtained":["Blood Vial"],"cards_obtained":["Regret"]},{"damage_healed":0.0,"max_hp_gain":0.0,"max_hp_loss":0.0,"gold_gain":0.0,"event_name":"Liars Game","player_choice":"Ignored","floor":3.0,"gold_loss":0.0,"damage_taken":0.0},{"cards_removed":["Regret"],"damage_healed":0.0,"max_hp_gain":0.0,"max_hp_loss":0.0,"gold_gain":0.0,"event_name":"Fountain of Cleansing","player_choice":"Removed Curses","floor":5.0,"gold_loss":0.0,"damage_taken":0.0},{"damage_healed":0.0,"max_hp_gain":0.0,"max_hp_loss":0.0,"gold_gain":0.0,"event_name":"The Library","player_choice":"Read","floor":19.0,"gold_loss":0.0,"damage_taken":0.0,"cards_obtained":["Genetic Algorithm"]},{"damage_healed":0.0,"max_hp_gain":0.0,"max_hp_loss":0.0,"gold_gain":100.0,"event_name":"The Joust","player_choice":"Bet on Murderer","floor":20.0,"gold_loss":50.0,"damage_taken":0.0},{"damage_healed":0,"gold_gain":0,"player_choice":"Obtained Book","damage_taken":21,"max_hp_gain":0,"max_hp_loss":0,"event_name":"Cursed Tome","floor":22,"gold_loss":0}],"is_beta":false,"boss_relics":[{"not_picked":["Black Star","Calling Bell"],"picked":"Sozu"}],"items_purged_floors":[11],"is_endless":false,"potions_floor_spawned":[4,6,7,14],"killed_by":"Gremlin Leader","ascension_level":19}