{"gold_per_floor":[113,188,188,27,27,70,82,135,173,185,197,134,171,196,208,319,331,357,394,431,443,470,482,510,522,611,623,243,268,286,305,305,394,394,415,435,460,142,142,142,173,173,196,210,231,249,270,283,283,283],"floor_reached":51,"playtime":1717,"items_purged":["Strike_R","Strike_R"],"score":1367,"play_id":"03f01328-b04f-4056-9949-482d38790621","local_time":"20190927235915","is_ascension_mode":true,"campfire_choices":[{"data":"Thunderclap","floor":7.0,"key":"SMITH"},{"data":"Bash","floor":11.0,"key":"SMITH"},{"data":"Flex","floor":15.0,"key":"SMITH"},{"data":"Immolate","floor":23.0,"key":"SMITH"},{"data":"Body Slam","floor":25.0,"key":"SMITH"},{"data":"Iron Wave","floor":27.0,"key":"SMITH"},{"data":"Heavy Blade","floor":32.0,"key":"SMITH"},{"data":"Pommel Strike","floor":40.0,"key":"SMITH"},{"data":"Defend_R","floor":42.0,"key":"SMITH"},{"data":"Cleave","floor":49.0,"key":"SMITH"}],"neow_cost":"NONE","seed_source_timestamp":291277402397575,"circlet_count":0,"master_deck":["AscendersBane","Strike_R","Defend_R+1","Defend_R","Defend_R","Defend_R","Bash+1","Pommel Strike+1","Thunderclap+1","Flex+1","Immolate+1","True Grit+1","Iron Wave+1","Flex+1","Body Slam+1","Heavy Blade+1","Limit Break+1","Impervious+1","Flex+1","Shockwave+1","Shrug It Off+1","Inflame+1","Cleave+1","Iron Wave+1","Shrug It Off+1"],"special_seed":0,"relics":["Black Blood","NeowsBlessing","Golden Idol","PreservedInsect","MawBank","Red Skull","Bag of Preparation","Toxic Egg 2","Happy Flower","Lee\u0027s Waffle","Philosopher\u0027s Stone","Vajra","Sundial","Potion Belt","Anchor"],"potions_floor_usage":[50,50],"damage_taken":[{"damage":0.0,"enemies":"Shell Parasite","floor":1.0,"turns":1.0},{"damage":0.0,"enemies":"Gremlin Nob","floor":6.0,"turns":1.0},{"damage":0.0,"enemies":"Lagavulin","floor":8.0,"turns":1.0},{"damage":7.0,"enemies":"2 Louse","floor":13.0,"turns":2.0},{"damage":3.0,"enemies":"Small Slimes","floor":14.0,"turns":3.0},{"damage":79.0,"enemies":"The Guardian","floor":16.0,"turns":14.0},{"damage":32.0,"enemies":"3 Byrds","floor":18.0,"turns":5.0},{"damage":17.0,"enemies":"2 Thieves","floor":19.0,"turns":2.0},{"damage":10.0,"enemies":"Snecko","floor":20.0,"turns":4.0},{"damage":14.0,"enemies":"Snake Plant","floor":22.0,"turns":3.0},{"damage":12.0,"enemies":"Chosen and Byrds","floor":24.0,"turns":3.0},{"damage":28.0,"enemies":"Shelled Parasite and Fungi","floor":29.0,"turns":5.0},{"damage":17.0,"enemies":"Snake Plant","floor":30.0,"turns":2.0},{"damage":12.0,"enemies":"Cultist and Chosen","floor":31.0,"turns":3.0},{"damage":37.0,"enemies":"Collector","floor":33.0,"turns":5.0},{"damage":28.0,"enemies":"3 Darklings","floor":35.0,"turns":4.0},{"damage":18.0,"enemies":"Orb Walker","floor":36.0,"turns":4.0},{"damage":8.0,"enemies":"4 Shapes","floor":37.0,"turns":3.0},{"damage":5.0,"enemies":"Giant Head","floor":41.0,"turns":4.0},{"damage":65.0,"enemies":"Writhing Mass","floor":44.0,"turns":4.0},{"damage":0.0,"enemies":"3 Darklings","floor":45.0,"turns":2.0},{"damage":7.0,"enemies":"Spire Growth","floor":46.0,"turns":3.0},{"damage":30.0,"enemies":"Sphere and 2 Shapes","floor":47.0,"turns":4.0},{"damage":0.0,"enemies":"3 Darklings","floor":48.0,"turns":1.0},{"damage":29,"enemies":"Time Eater","floor":50,"turns":6}],"seed_played":"-3088512038361977462","potions_obtained":[{"floor":8.0,"key":"BloodPotion"},{"floor":13.0,"key":"SpeedPotion"},{"floor":14.0,"key":"FairyPotion"},{"floor":22.0,"key":"Strength Potion"},{"floor":29.0,"key":"EssenceOfSteel"},{"floor":41.0,"key":"BloodPotion"},{"floor":45.0,"key":"FearPotion"},{"floor":46.0,"key":"Strength Potion"},{"floor":48.0,"key":"ElixirPotion"}],"is_trial":false,"path_per_floor":["M","?","?","$","?","E","R","E","T","?","R","?","M","M","R","B",null,"M","M","M","?","M","R","M","R","T","R","$","M","M","M","R","B",null,"M","M","M","$","?","R","E","R","T","M","M","M","M","M","R","B",null],"character_chosen":"IRONCLAD","items_purchased":["PreservedInsect","Happy Flower","Lee\u0027s Waffle","Shrug It Off+1","Vajra"],"campfire_rested":0,"item_purchase_floors":[4,28,28,38,38],"current_hp_per_floor":[74,63,63,63,68,73,73,73,73,66,66,66,65,73,73,24,61,41,36,38,38,36,36,36,36,36,36,80,64,59,59,59,34,69,53,47,51,51,51,51,58,58,58,21,33,38,20,32,32,15],"gold":283,"neow_bonus":"THREE_ENEMY_KILL","is_prod":false,"is_daily":false,"chose_seed":false,"campfire_upgraded":10,"win_rate":0,"timestamp":1569621555,"path_taken":["M","?","?","$","?","E","R","E","T","?","R","?","M","M","R","BOSS","M","M","M","?","M","R","M","R","T","R","$","?","M","M","R","BOSS","M","M","M","?","?","R","E","R","T","M","M","M","M","M","R","BOSS"],"build_version":"2019-09-27","purchased_purges":2,"victory":true,"max_hp_per_floor":[75,75,68,68,73,73,73,73,73,73,73,73,73,73,73,73,73,73,73,73,73,73,73,73,73,73,73,80,80,80,80,80,80,80,80,80,80,80,80,80,80,80,80,80,80,80,80,80,80,80],"card_choices":[{"not_picked":["Anger","Uppercut"],"picked":"Pommel Strike","floor":1.0},{"not_picked":["Flex","Second Wind"],"picked":"Thunderclap","floor":6.0},{"not_picked":["Wild Strike","Second Wind","Twin Strike"],"picked":"SKIP","floor":8.0},{"not_picked":["Carnage","Warcry","Clash"],"picked":"SKIP","floor":13.0},{"not_picked":["Perfected Strike","Berserk"],"picked":"Flex","floor":14.0},{"not_picked":["Brutality","Dark Embrace"],"picked":"Immolate","floor":16.0},{"not_picked":["Hemokinesis","Uppercut","Anger"],"picked":"SKIP","floor":18.0},{"not_picked":["Headbutt","Rampage"],"picked":"True Grit+1","floor":19.0},{"not_picked":["Dropkick","Clothesline"],"picked":"Iron Wave","floor":20.0},{"not_picked":["Power Through","Sever Soul"],"picked":"Body Slam","floor":22.0},{"not_picked":["Headbutt","Rupture","Twin Strike"],"picked":"SKIP","floor":24.0},{"not_picked":["Wild Strike","Flex+1"],"picked":"Heavy Blade","floor":29.0},{"not_picked":["Dropkick","Anger","Rampage"],"picked":"SKIP","floor":30.0},{"not_picked":["Ghostly Armor+1","Body Slam"],"picked":"Limit Break+1","floor":31.0},{"not_picked":["Exhume+1","Immolate"],"picked":"Impervious+1","floor":33.0},{"not_picked":["Clothesline","Pommel Strike"],"picked":"Flex+1","floor":35.0},{"not_picked":["Rage+1","Clash"],"picked":"Shockwave+1","floor":36.0},{"not_picked":["Dropkick","Intimidate+1","Searing Blow"],"picked":"SKIP","floor":37.0},{"not_picked":["Whirlwind","Perfected Strike+1"],"picked":"Inflame+1","floor":41.0},{"not_picked":["Heavy Blade+1","Havoc+1"],"picked":"Cleave","floor":44.0},{"not_picked":["Clothesline","Intimidate+1","Rage+1"],"picked":"SKIP","floor":45.0},{"not_picked":["Headbutt","Corruption"],"picked":"Iron Wave+1","floor":46.0},{"not_picked":["Anger+1","Iron Wave","Dual Wield+1"],"picked":"SKIP","floor":47.0},{"not_picked":["Bludgeon","Clash+1"],"picked":"Shrug It Off+1","floor":48.0}],"player_experience":266889,"relics_obtained":[{"floor":6.0,"key":"MawBank"},{"floor":8.0,"key":"Red Skull"},{"floor":9.0,"key":"Bag of Preparation"},{"floor":26.0,"key":"Toxic Egg 2"},{"floor":41.0,"key":"Potion Belt"},{"floor":43.0,"key":"Anchor"}],"event_choices":[{"damage_healed":0.0,"max_hp_gain":0.0,"max_hp_loss":0.0,"gold_gain":75.0,"event_name":"World of Goop","player_choice":"Gather Gold","floor":2.0,"gold_loss":0.0,"damage_taken":11.0},{"damage_healed":0.0,"max_hp_gain":0.0,"max_hp_loss":7.0,"gold_gain":0.0,"event_name":"Golden Idol","player_choice":"Lose Max HP","floor":3.0,"gold_loss":0.0,"damage_taken":0.0,"relics_obtained":["Golden Idol"]},{"damage_healed":0.0,"max_hp_gain":5.0,"max_hp_loss":0.0,"gold_gain":0.0,"event_name":"Big Fish","player_choice":"Donut","floor":5.0,"gold_loss":0.0,"damage_taken":0.0},{"cards_removed":["Strike_R"],"damage_healed":0.0,"max_hp_gain":0.0,"max_hp_loss":0.0,"gold_gain":0.0,"event_name":"Golden Wing","player_choice":"Card Removal","floor":10.0,"gold_loss":0.0,"damage_taken":7.0},{"cards_removed":["Strike_R"],"damage_healed":0.0,"max_hp_gain":0.0,"max_hp_loss":0.0,"gold_gain":0.0,"event_name":"The Cleric","player_choice":"Card Removal","floor":12.0,"gold_loss":75.0,"damage_taken":0.0},{"damage_healed":0.0,"max_hp_gain":0.0,"max_hp_loss":0.0,"gold_gain":0.0,"event_name":"Duplicator","player_choice":"Copied","floor":21.0,"gold_loss":0.0,"damage_taken":0.0,"cards_obtained":["Flex"]},{"damage_healed":0.0,"max_hp_gain":0.0,"max_hp_loss":0.0,"gold_gain":0.0,"event_name":"WeMeetAgain","player_choice":"Gave Potion","floor":39.0,"gold_loss":0.0,"damage_taken":0.0,"relics_obtained":["Sundial"]}],"is_beta":true,"boss_relics":[{"not_picked":["Tiny House","Ectoplasm"],"picked":"Black Blood"},{"not_picked":["SacredBark","Cursed Key"],"picked":"Philosopher\u0027s Stone"}],"items_purged_floors":[28,38],"is_endless":false,"potions_floor_spawned":[8,13,14,22,29,30,31,37,41,45,46,48],"ascension_level":16}