{"gold_per_floor":[119,119,69,69,90,130,145,181,181,181],"floor_reached":10,"playtime":352,"items_purged":[],"score":106,"play_id":"34cbb735-090e-453a-8809-41d973ab64e8","local_time":"20190911203514","is_ascension_mode":true,"campfire_choices":[],"neow_cost":"NONE","seed_source_timestamp":86487229580679,"circlet_count":0,"master_deck":["Strike_R","Strike_R","Strike_R","Defend_R","Defend_R","Defend_R","Defend_R","Bash","Searing Blow","Sword Boomerang","Metallicize","Shrug It Off","Rampage","Clothesline"],"special_seed":0,"relics":["Burning Blood","Golden Idol","Bag of Marbles","Eternal Feather","Regal Pillow"],"potions_floor_usage":[8,10],"damage_taken":[{"damage":2,"enemies":"Jaw Worm","floor":1,"turns":3},{"damage":4,"enemies":"Small Slimes","floor":5,"turns":3},{"damage":35,"enemies":"Gremlin Nob","floor":6,"turns":5},{"damage":1,"enemies":"2 Louse","floor":7,"turns":4},{"damage":16,"enemies":"Lagavulin","floor":8,"turns":5},{"damage":18,"enemies":"3 Sentries","floor":10,"turns":4}],"seed_played":"5848091074104824182","potions_obtained":[{"floor":7,"key":"AttackPotion"},{"floor":8,"key":"AttackPotion"}],"is_trial":false,"path_per_floor":["M","?","?","?","M","E","M","E","T","E"],"character_chosen":"IRONCLAD","items_purchased":[],"campfire_rested":0,"item_purchase_floors":[],"current_hp_per_floor":[76,56,56,49,51,22,27,17,17,0],"gold":181,"neow_bonus":"THREE_CARDS","is_prod":false,"is_daily":false,"chose_seed":false,"campfire_upgraded":0,"win_rate":0,"timestamp":1568252114,"path_taken":["M","?","?","?","?","E","M","E","T","E"],"build_version":"2019-09-10","purchased_purges":0,"victory":false,"max_hp_per_floor":[80,80,80,80,80,80,80,80,80,80],"card_choices":[{"not_picked":["Rage","Wild Strike"],"picked":"Searing Blow","floor":0.0},{"not_picked":["Clothesline","Body Slam"],"picked":"Sword Boomerang","floor":1},{"not_picked":["Hemokinesis","Iron Wave"],"picked":"Metallicize","floor":5},{"not_picked":["Havoc","Berserk"],"picked":"Shrug It Off","floor":6},{"not_picked":["Perfected Strike","Havoc"],"picked":"Rampage","floor":7},{"not_picked":["Sever Soul","Clash"],"picked":"Clothesline","floor":8}],"player_experience":266452,"relics_obtained":[{"floor":6,"key":"Bag of Marbles"},{"floor":8,"key":"Eternal Feather"},{"floor":9,"key":"Regal Pillow"}],"event_choices":[{"damage_healed":0,"gold_gain":0,"player_choice":"Take Damage","damage_taken":20,"relics_obtained":["Golden Idol"],"max_hp_gain":0,"max_hp_loss":0,"event_name":"Golden Idol","floor":2,"gold_loss":0},{"cards_removed":["Strike_R"],"damage_healed":0,"gold_gain":0,"player_choice":"Card Removal","damage_taken":0,"max_hp_gain":0,"max_hp_loss":0,"event_name":"The Cleric","floor":3,"gold_loss":50},{"cards_removed":["Strike_R"],"damage_healed":0,"gold_gain":0,"player_choice":"Card Removal","damage_taken":7,"max_hp_gain":0,"max_hp_loss":0,"event_name":"Golden Wing","floor":4,"gold_loss":0}],"is_beta":true,"boss_relics":[],"items_purged_floors":[],"is_endless":false,"potions_floor_spawned":[7,8],"killed_by":"3 Sentries","ascension_level":8}