{"gold_per_floor":[363,376,389,38,213,241,269,304,359,379,412,424,458,482,482,586,586,599,649,151,161,180,212,212,247,284,296,21,33,33,46,46,46],"floor_reached":33,"playtime":1608,"items_purged":["Strike_B","Strike_B"],"score":399,"play_id":"1adfde5e-2fba-4b9f-a1a1-7cad17e3725a","local_time":"20190827162022","is_ascension_mode":true,"campfire_choices":[{"floor":15.0,"key":"REST"},{"data":"Self Repair","floor":24.0,"key":"SMITH"},{"data":"Barrage","floor":27.0,"key":"SMITH"},{"data":"Coolheaded","floor":32.0,"key":"SMITH"}],"neow_cost":"PERCENT_DAMAGE","seed_source_timestamp":76396481116955,"circlet_count":0,"master_deck":["Strike_B","Strike_B","Defend_B","Defend_B+1","Defend_B","Defend_B","Zap","Dualcast","Glacier+1","Cold Snap","Coolheaded+1","Melter","Barrage+1","Ball Lightning","Sweeping Beam","Conserve Battery","Self Repair+1","Coolheaded","Echo Form","Sweeping Beam+1","Static Discharge","Skim+1","Genetic Algorithm","Compile Driver+1","Static Discharge+1"],"special_seed":0,"relics":["Cracked Core","Gremlin Horn","Symbiotic Virus","Odd Mushroom","War Paint","Vajra","Anchor","Dodecahedron","Potion Belt","Coffee Dripper","Tiny Chest","OrangePellets","Frozen Egg 2","MawBank","Art of War","StoneCalendar"],"potions_floor_usage":[33,33],"damage_taken":[{"damage":1.0,"enemies":"Cultist","floor":1.0,"turns":3.0},{"damage":1.0,"enemies":"Jaw Worm","floor":2.0,"turns":4.0},{"damage":0.0,"enemies":"2 Louse","floor":3.0,"turns":3.0},{"damage":27.0,"enemies":"Lagavulin","floor":6.0,"turns":7.0},{"damage":4.0,"enemies":"The Mushroom Lair","floor":7.0,"turns":4.0},{"damage":15.0,"enemies":"3 Sentries","floor":8.0,"turns":6.0},{"damage":6.0,"enemies":"Red Slaver","floor":10.0,"turns":3.0},{"damage":4.0,"enemies":"Lagavulin","floor":11.0,"turns":4.0},{"damage":0.0,"enemies":"Blue Slaver","floor":12.0,"turns":2.0},{"damage":0.0,"enemies":"3 Sentries","floor":13.0,"turns":6.0},{"damage":33.0,"enemies":"Hexaghost","floor":16.0,"turns":12.0},{"damage":10.0,"enemies":"3 Byrds","floor":18.0,"turns":5.0},{"damage":20.0,"enemies":"Shell Parasite","floor":21.0,"turns":4.0},{"damage":18.0,"enemies":"Centurion and Healer","floor":22.0,"turns":6.0},{"damage":46.0,"enemies":"Slavers","floor":23.0,"turns":4.0},{"damage":15.0,"enemies":"Book of Stabbing","floor":25.0,"turns":6.0},{"damage":2.0,"enemies":"Chosen and Byrds","floor":29.0,"turns":4.0},{"damage":6.0,"enemies":"3 Cultists","floor":31.0,"turns":4.0},{"damage":34,"enemies":"Collector","floor":33,"turns":6}],"seed_played":"-2955751993108497902","potions_obtained":[{"floor":1.0,"key":"Energy Potion"},{"floor":2.0,"key":"Poison Potion"},{"floor":6.0,"key":"Regen Potion"},{"floor":7.0,"key":"Swift Potion"},{"floor":10.0,"key":"Poison Potion"},{"floor":23.0,"key":"Dexterity Potion"},{"floor":29.0,"key":"AttackPotion"},{"floor":31.0,"key":"FearPotion"}],"is_trial":false,"path_per_floor":["M","M","M","$","?","E","?","E","T","M","E","M","E","T","R","B",null,"M","?","$","M","M","E","R","E","T","R","$","M","?","M","R","B"],"character_chosen":"DEFECT","items_purchased":["Gremlin Horn","Melter","Tiny Chest","OrangePellets","Static Discharge","StoneCalendar"],"campfire_rested":1,"item_purchase_floors":[4,4,20,20,20,28],"current_hp_per_floor":[53,52,52,52,52,25,21,21,21,15,11,11,18,18,40,14,75,75,75,75,69,58,19,19,14,14,14,14,22,22,26,26,0],"gold":46,"neow_bonus":"TWO_FIFTY_GOLD","is_prod":false,"is_daily":false,"chose_seed":false,"campfire_upgraded":3,"win_rate":0,"timestamp":1566940822,"path_taken":["M","M","M","$","?","E","?","E","T","M","E","M","E","?","R","BOSS","M","?","$","?","M","E","R","E","T","R","$","M","?","M","R","BOSS"],"build_version":"2019-07-17","purchased_purges":2,"victory":false,"max_hp_per_floor":[75,75,75,75,75,75,75,75,75,75,75,75,75,75,75,75,75,75,75,75,75,75,75,75,75,75,75,75,75,75,75,75,75],"card_choices":[{"not_picked":["Scrape","Capacitor"],"picked":"Glacier","floor":1.0},{"not_picked":["Leap","Chill"],"picked":"Cold Snap","floor":2.0},{"not_picked":["Skim","Auto Shields"],"picked":"Coolheaded","floor":3.0},{"not_picked":["Beam Cell","Hologram"],"picked":"Barrage","floor":6.0},{"not_picked":["Static Discharge","Leap"],"picked":"Ball Lightning","floor":7.0},{"not_picked":["Conserve Battery","Auto Shields"],"picked":"Sweeping Beam","floor":8.0},{"not_picked":["Undo","Sweeping Beam"],"picked":"Conserve Battery","floor":10.0},{"not_picked":["Meteor Strike","Double Energy"],"picked":"Self Repair","floor":11.0},{"not_picked":["Double Energy","Rip and Tear","Go for the Eyes"],"picked":"SKIP","floor":12.0},{"not_picked":["Compile Driver","Turbo"],"picked":"Coolheaded","floor":13.0},{"not_picked":["Rainbow","Biased Cognition"],"picked":"Echo Form","floor":16.0},{"not_picked":["Go for the Eyes","Steam"],"picked":"Sweeping Beam+1","floor":18.0},{"not_picked":["Force Field","Turbo","Stack+1"],"picked":"SKIP","floor":21.0},{"not_picked":["Streamline","Sunder"],"picked":"Skim+1","floor":22.0},{"not_picked":["Multi-Cast","Leap"],"picked":"Genetic Algorithm","floor":23.0},{"not_picked":["Tempest","Sweeping Beam"],"picked":"Compile Driver+1","floor":25.0},{"not_picked":["Beam Cell","Redo","Stack"],"picked":"SKIP","floor":29.0},{"not_picked":["Redo","Streamline+1"],"picked":"Static Discharge+1","floor":31.0}],"player_experience":228981,"relics_obtained":[{"floor":6.0,"key":"Symbiotic Virus"},{"floor":7.0,"key":"Odd Mushroom"},{"floor":8.0,"key":"War Paint"},{"floor":9.0,"key":"Vajra"},{"floor":11.0,"key":"Anchor"},{"floor":13.0,"key":"Dodecahedron"},{"floor":14.0,"key":"Potion Belt"},{"floor":23.0,"key":"Frozen Egg 2"},{"floor":25.0,"key":"MawBank"},{"floor":26.0,"key":"Art of War"}],"event_choices":[{"damage_healed":0.0,"max_hp_gain":0.0,"max_hp_loss":0.0,"gold_gain":175.0,"event_name":"Liars Game","player_choice":"AGREE","floor":5.0,"gold_loss":0.0,"damage_taken":0.0,"cards_obtained":["Doubt"]},{"damage_healed":0.0,"max_hp_gain":0.0,"max_hp_loss":0.0,"gold_gain":0.0,"event_name":"Mushrooms","player_choice":"Fought Mushrooms","floor":7.0,"gold_loss":0.0,"damage_taken":0.0},{"damage_healed":0.0,"max_hp_gain":0.0,"max_hp_loss":0.0,"gold_gain":100.0,"event_name":"The Joust","player_choice":"Bet on Murderer","floor":19.0,"gold_loss":50.0,"damage_taken":0.0},{"cards_removed":["Doubt"],"damage_healed":0.0,"max_hp_gain":0.0,"max_hp_loss":0.0,"gold_gain":0.0,"event_name":"Fountain of Cleansing","player_choice":"Removed Curses","floor":30.0,"gold_loss":0.0,"damage_taken":0.0}],"is_beta":false,"boss_relics":[{"not_picked":["Lizard Tail","Runic Dome"],"picked":"Coffee Dripper"}],"items_purged_floors":[4,20],"is_endless":false,"potions_floor_spawned":[1,2,6,7,10,23,29,31],"killed_by":"Collector","ascension_level":2}