{"gold_per_floor":[111,131,144,161,180,180,190,225,225,241,261,292,292,311,311,416,466,484,484,170,184,201,201],"floor_reached":23,"playtime":1014,"items_purged":["Strike_R"],"score":286,"play_id":"274326ed-6b9d-4ca6-b364-09b46fba016f","local_time":"20190818182548","is_ascension_mode":true,"campfire_choices":[{"data":"Armaments","floor":6,"key":"SMITH"},{"data":"Flame Barrier","floor":13,"key":"SMITH"},{"data":"Immolate","floor":15,"key":"SMITH"}],"neow_cost":"PERCENT_DAMAGE","seed_source_timestamp":555206389273996,"circlet_count":0,"master_deck":["Strike_R","Strike_R","Strike_R","Strike_R","Defend_R","Defend_R","Defend_R","Defend_R","Bash+1","Ghostly Armor","Clothesline","Anger","Pommel Strike","Armaments+1","Flame Barrier+1","Body Slam","Whirlwind","Shrug It Off","Immolate+1","Juggernaut","Entrench","Havoc+1"],"relics":["Burning Blood","Mango","Orichalcum","Blood Vial","Turnip","Tiny House","Letter Opener"],"potions_floor_usage":[8,8,16,21,23,23,23],"damage_taken":[{"damage":1,"enemies":"Cultist","floor":1,"turns":3},{"damage":2,"enemies":"Jaw Worm","floor":2,"turns":3},{"damage":0,"enemies":"2 Louse","floor":3,"turns":3},{"damage":8,"enemies":"Large Slime","floor":4,"turns":5},{"damage":11,"enemies":"Lots of Slimes","floor":5,"turns":4},{"damage":4,"enemies":"Blue Slaver","floor":7,"turns":4},{"damage":25,"enemies":"Lagavulin","floor":8,"turns":5},{"damage":1,"enemies":"Looter","floor":10,"turns":4},{"damage":2,"enemies":"3 Louse","floor":11,"turns":4},{"damage":12,"enemies":"Gremlin Nob","floor":12,"turns":5},{"damage":11,"enemies":"Lots of Slimes","floor":14,"turns":4},{"damage":37,"enemies":"Hexaghost","floor":16,"turns":10},{"damage":22,"enemies":"3 Byrds","floor":18,"turns":4},{"damage":3,"enemies":"Spheric Guardian","floor":21,"turns":4},{"damage":39,"enemies":"Shelled Parasite and Fungi","floor":22,"turns":7},{"damage":27,"enemies":"Book of Stabbing","floor":23,"turns":5}],"seed_played":"-8443679716234396383","potions_obtained":[{"floor":1,"key":"SpeedPotion"},{"floor":2,"key":"Energy Potion"},{"floor":4,"key":"Strength Potion"},{"floor":7,"key":"AttackPotion"},{"floor":10,"key":"SmokeBomb"},{"floor":16,"key":"Ancient Potion"},{"floor":17,"key":"SkillPotion"},{"floor":18,"key":"Dexterity Potion"},{"floor":22,"key":"Swift Potion"}],"is_trial":false,"path_per_floor":["M","M","M","M","M","R","M","E","T","M","M","E","R","M","R","B",null,"M","?","$","M","M","E"],"character_chosen":"IRONCLAD","items_purchased":["Letter Opener"],"campfire_rested":0,"item_purchase_floors":[20],"current_hp_per_floor":[75,79,85,83,78,78,80,61,61,68,74,70,70,67,67,38,85,71,51,51,56,25,0],"gold":201,"neow_bonus":"ONE_RARE_RELIC","is_prod":false,"is_daily":false,"chose_seed":false,"campfire_upgraded":3,"win_rate":0,"timestamp":1566170748,"path_taken":["M","?","M","M","M","R","M","E","T","M","M","E","R","M","R","BOSS","M","?","$","M","M","E"],"build_version":"2019-07-17","purchased_purges":1,"victory":false,"max_hp_per_floor":[94,94,94,94,94,94,94,94,94,94,94,94,94,94,94,94,99,99,104,104,104,104,104],"card_choices":[{"not_picked":["Thunderclap","Body Slam"],"picked":"Ghostly Armor","floor":1},{"not_picked":["Intimidate","Wild Strike"],"picked":"Clothesline","floor":2},{"not_picked":["Shrug It Off","Reckless Charge"],"picked":"Anger","floor":3},{"not_picked":["Metallicize","True Grit"],"picked":"Pommel Strike","floor":4},{"not_picked":["Wild Strike","Body Slam"],"picked":"Armaments","floor":5},{"not_picked":["Armaments","Anger","Heavy Blade"],"picked":"SKIP","floor":7},{"not_picked":["Pummel","Burning Pact"],"picked":"Flame Barrier","floor":8},{"not_picked":["Body Slam","Pummel","Warcry"],"picked":"SKIP","floor":10},{"not_picked":["Pummel","Warcry"],"picked":"Body Slam","floor":10},{"not_picked":["Spot Weakness","Clothesline"],"picked":"Whirlwind","floor":11},{"not_picked":["Havoc","Heavy Blade"],"picked":"Shrug It Off","floor":12},{"not_picked":["Sword Boomerang","Armaments"],"picked":"Immolate","floor":14},{"not_picked":["Exhume","Offering"],"picked":"Juggernaut","floor":16},{"not_picked":["Burning Pact","Havoc"],"picked":"Entrench","floor":18},{"not_picked":["Twin Strike","Seeing Red"],"picked":"Havoc+1","floor":21},{"not_picked":["Anger+1","Clash+1","Iron Wave"],"picked":"SKIP","floor":22}],"player_experience":168849,"relics_obtained":[{"floor":8,"key":"Orichalcum"},{"floor":9,"key":"Blood Vial"},{"floor":12,"key":"Turnip"}],"event_choices":[{"damage_healed":0,"gold_gain":0,"player_choice":"Shed Blood","damage_taken":25,"max_hp_gain":5,"max_hp_loss":0,"event_name":"Forgotten Altar","floor":19,"gold_loss":0}],"is_beta":false,"boss_relics":[{"not_picked":["Velvet Choker","Orrery"],"picked":"Tiny House"}],"items_purged_floors":[20],"is_endless":false,"potions_floor_spawned":[1,2,4,7,10,16,18,22],"killed_by":"Book of Stabbing","ascension_level":5}