{"gold_per_floor":[115,215,140,159,38,38,38,67,67,77,91,91,104,134,134,238,288,308,308,327,12,29,63,63,92,168,168,194,194,194,52,52,52],"floor_reached":33,"playtime":3238,"items_purged":["Defend_B","Strike_B"],"score":353,"play_id":"fbebfca2-5f82-4d91-97f1-3e13c4b78a77","local_time":"20190822115653","is_ascension_mode":true,"campfire_choices":[{"data":"Sweeping Beam","floor":6.0,"key":"SMITH"},{"data":"Cold Snap","floor":12.0,"key":"SMITH"},{"data":"Redo","floor":15.0,"key":"SMITH"},{"floor":24.0,"key":"REST"},{"data":"Blizzard","floor":27.0,"key":"SMITH"},{"data":"Chill","floor":29.0,"key":"SMITH"},{"data":"Blizzard","floor":32.0,"key":"SMITH"}],"neow_cost":"NONE","seed_source_timestamp":0,"circlet_count":0,"master_deck":["Strike_B","Strike_B","Defend_B","Defend_B","Defend_B","Zap","Dualcast","Conserve Battery","Sweeping Beam+1","Bandage Up","Heatsinks","Cold Snap+1","Conserve Battery","Glacier","Redo+1","Sweeping Beam","Amplify+1","Coolheaded","Double Energy+1","Rainbow","Skim","Blizzard+1","Chill+1","All For One","Necronomicurse","Blizzard+1"],"special_seed":0,"relics":["Cracked Core","Oddly Smooth Stone","The Courier","Darkstone Periapt","Tiny House","Meat on the Bone","Lantern","Bottled Lightning","Kunai","Bottled Tornado","Mercury Hourglass","Bag of Marbles","Necronomicon"],"potions_floor_usage":[33],"damage_taken":[{"damage":0.0,"enemies":"Cultist","floor":1.0,"turns":3.0},{"damage":0.0,"enemies":"2 Louse","floor":4.0,"turns":2.0},{"damage":35.0,"enemies":"Gremlin Nob","floor":8.0,"turns":5.0},{"damage":0.0,"enemies":"Small Slimes","floor":10.0,"turns":2.0},{"damage":10.0,"enemies":"Blue Slaver","floor":11.0,"turns":3.0},{"damage":0.0,"enemies":"Looter","floor":13.0,"turns":3.0},{"damage":0.0,"enemies":"Lagavulin","floor":14.0,"turns":7.0},{"damage":24.0,"enemies":"The Guardian","floor":16.0,"turns":17.0},{"damage":8.0,"enemies":"Chosen","floor":18.0,"turns":5.0},{"damage":2.0,"enemies":"Spheric Guardian","floor":20.0,"turns":6.0},{"damage":1.0,"enemies":"3 Cultists","floor":22.0,"turns":6.0},{"damage":73.0,"enemies":"Book of Stabbing","floor":23.0,"turns":11.0},{"damage":12.0,"enemies":"Gremlin Leader","floor":25.0,"turns":9.0},{"damage":23.0,"enemies":"Slavers","floor":28.0,"turns":4.0},{"damage":35,"enemies":"Automaton","floor":33,"turns":6}],"seed_played":"6398540152186131243","potions_obtained":[{"floor":4.0,"key":"Energy Potion"},{"floor":10.0,"key":"Strength Potion"},{"floor":11.0,"key":"SkillPotion"},{"floor":13.0,"key":"FocusPotion"},{"floor":17.0,"key":"Block Potion"}],"is_trial":false,"path_per_floor":["M","?","$","M","$","R","$","E","T","M","M","R","M","E","R","B",null,"M","?","M","$","M","E","R","E","T","R","E","R","?","$","R","B"],"character_chosen":"DEFECT","items_purchased":["Bandage Up","Heatsinks","Lantern","Bottled Lightning","Blizzard"],"campfire_rested":1,"item_purchase_floors":[5,5,21,21,31],"current_hp_per_floor":[75,75,75,75,75,75,75,40,40,44,38,38,42,46,46,26,80,72,72,74,74,77,20,44,48,48,48,41,41,31,31,31,0],"gold":52,"neow_bonus":"REMOVE_CARD","is_prod":false,"is_daily":false,"chose_seed":false,"campfire_upgraded":6,"win_rate":0,"timestamp":1566467813,"path_taken":["M","?","$","?","$","R","?","E","T","M","M","R","M","E","R","BOSS","M","?","M","$","M","E","R","E","T","R","E","R","?","$","R","BOSS"],"build_version":"2019-07-17","purchased_purges":2,"victory":false,"max_hp_per_floor":[75,75,75,75,75,75,75,75,75,75,75,75,75,75,75,75,80,80,80,80,80,80,80,80,80,80,80,80,80,86,86,86,86],"card_choices":[{"not_picked":["Rebound","Streamline"],"picked":"Conserve Battery","floor":1.0},{"not_picked":["Redo","Gash"],"picked":"Sweeping Beam","floor":4.0},{"not_picked":["Redo","Self Repair"],"picked":"Cold Snap","floor":8.0},{"not_picked":["Genetic Algorithm","Barrage"],"picked":"Conserve Battery","floor":10.0},{"not_picked":["Static Discharge","Buffer"],"picked":"Glacier","floor":11.0},{"not_picked":["Streamline","Cold Snap"],"picked":"Redo","floor":13.0},{"not_picked":["Coolheaded","Gash"],"picked":"Sweeping Beam","floor":14.0},{"not_picked":["Fission","Biased Cognition"],"picked":"Amplify","floor":16.0},{"not_picked":["Go for the Eyes","Hologram"],"picked":"Coolheaded","floor":17.0},{"not_picked":["Stack","Coolheaded"],"picked":"Double Energy+1","floor":18.0},{"not_picked":["Cold Snap","Hologram"],"picked":"Rainbow","floor":20.0},{"not_picked":["Steam","Barrage"],"picked":"Skim","floor":22.0},{"not_picked":["Hologram","Skim"],"picked":"Blizzard","floor":23.0},{"not_picked":["Ball Lightning","Rebound"],"picked":"Chill","floor":25.0},{"not_picked":["Go for the Eyes","Steam+1"],"picked":"All For One","floor":28.0}],"player_experience":57894,"relics_obtained":[{"floor":8.0,"key":"Oddly Smooth Stone"},{"floor":9.0,"key":"The Courier"},{"floor":14.0,"key":"Darkstone Periapt"},{"floor":23.0,"key":"Kunai"},{"floor":25.0,"key":"Bottled Tornado"},{"floor":26.0,"key":"Mercury Hourglass"},{"floor":28.0,"key":"Bag of Marbles"},{"floor":30.0,"key":"Necronomicon"}],"event_choices":[{"damage_healed":0.0,"max_hp_gain":0.0,"max_hp_loss":0.0,"gold_gain":100.0,"event_name":"Golden Shrine","player_choice":"Pray","floor":2.0,"gold_loss":0.0,"damage_taken":0.0},{"damage_healed":0.0,"max_hp_gain":0.0,"max_hp_loss":0.0,"gold_gain":0.0,"event_name":"The Mausoleum","player_choice":"Opened","floor":19.0,"gold_loss":0.0,"damage_taken":0.0,"relics_obtained":["Meat on the Bone"]},{"damage_healed":0.0,"max_hp_gain":0.0,"max_hp_loss":0.0,"gold_gain":0.0,"event_name":"Cursed Tome","player_choice":"Obtained Book","floor":30.0,"gold_loss":0.0,"damage_taken":16.0}],"is_beta":false,"boss_relics":[{"not_picked":["Runic Dome","Ectoplasm"],"picked":"Tiny House"}],"items_purged_floors":[3,31],"is_endless":false,"potions_floor_spawned":[4,10,11,13,22,25],"killed_by":"Automaton","ascension_level":1}