{"gold_per_floor":[110,185,202,202,11,41,58,58,84,112,126,126,14,28,28,129,129,144,144,7,24,43,43,108,125,425,444,544,32,47,0,0,0],"floor_reached":33,"playtime":2854,"items_purged":["Shame","Pain"],"score":316,"play_id":"dd1edcc3-f3a1-49fa-ae20-e6670f274853","local_time":"20190722212843","is_ascension_mode":true,"campfire_choices":[{"floor":8,"key":"REST"},{"floor":12,"key":"REST"},{"data":"Offering","floor":15,"key":"SMITH"},{"data":"Uppercut","floor":23,"key":"SMITH"},{"data":"1","floor":32,"key":"LIFT"}],"neow_cost":"PERCENT_DAMAGE","seed_source_timestamp":984980892709625,"circlet_count":0,"master_deck":["Strike_R+1","Strike_R+1","Strike_R+1","Strike_R+1","Strike_R+1","Defend_R+1","Defend_R+1","Defend_R+1","Defend_R+1","Bash+1","Whirlwind","Disarm","Reckless Charge","Armaments","Pummel","Twin Strike","Uppercut+1","Offering+1","Ghostly Armor","Demon Form","Writhe","Ghostly Armor","Shrug It Off","Perfected Strike+1","Shockwave","Perfected Strike","Searing Blow+1","Bludgeon","Barricade"],"relics":["Burning Blood","Membership Card","Oddly Smooth Stone","Pantograph","Calling Bell","Bronze Scales","Self Forming Clay","Ginger","Vajra","Tiny Chest","Old Coin","Girya","Bottled Flame","Sundial","Question Card","TheAbacus"],"potions_floor_usage":[10,11,22,27,28,30,30,30,33],"damage_taken":[{"damage":5,"enemies":"Small Slimes","floor":1,"turns":3},{"damage":11,"enemies":"Jaw Worm","floor":3,"turns":5},{"damage":39,"enemies":"3 Sentries","floor":6,"turns":7},{"damage":0,"enemies":"2 Louse","floor":7,"turns":1},{"damage":52,"enemies":"Lagavulin","floor":10,"turns":12},{"damage":4,"enemies":"Looter","floor":11,"turns":3},{"damage":0,"enemies":"3 Louse","floor":14,"turns":1},{"damage":55,"enemies":"Hexaghost","floor":16,"turns":14},{"damage":21,"enemies":"Shell Parasite","floor":18,"turns":6},{"damage":20,"enemies":"Spheric Guardian","floor":21,"turns":5},{"damage":3,"enemies":"Centurion and Healer","floor":22,"turns":5},{"damage":32,"enemies":"Slavers","floor":24,"turns":5},{"damage":17,"enemies":"3 Cultists","floor":25,"turns":5},{"damage":24,"enemies":"Snake Plant","floor":27,"turns":3},{"damage":15,"enemies":"Colosseum Slavers","floor":28,"turns":5},{"damage":18,"enemies":"Colosseum Nobs","floor":28,"turns":4},{"damage":10,"enemies":"Centurion and Healer","floor":30,"turns":4},{"damage":45,"enemies":"Automaton","floor":33,"turns":6}],"seed_played":"3185389314045174583","potions_obtained":[{"floor":6,"key":"Dexterity Potion"},{"floor":10,"key":"Fruit Juice"},{"floor":14,"key":"GamblersBrew"},{"floor":16,"key":"Fire Potion"},{"floor":24,"key":"LiquidBronze"},{"floor":25,"key":"BloodPotion"},{"floor":30,"key":"SkillPotion"}],"is_trial":false,"path_per_floor":["M","?","M","?","$","E","M","R","T","E","M","R","$","M","R","B",null,"M","?","$","M","M","R","E","M","T","M","?","$","M","?","R","B"],"character_chosen":"IRONCLAD","items_purchased":["Membership Card","Uppercut","Offering","Vajra","Shrug It Off","Energy Potion","Fire Potion","Sundial","Question Card","TheAbacus","Bludgeon"],"campfire_rested":2,"item_purchase_floors":[5,13,13,20,20,29,29,29,29,29,29],"current_hp_per_floor":[73,62,57,57,57,24,30,58,58,12,19,49,49,55,55,31,101,86,86,86,72,75,75,49,38,38,45,24,24,20,20,20,0],"gold":0,"neow_bonus":"TWENTY_PERCENT_HP_BONUS","is_prod":false,"is_daily":false,"chose_seed":false,"campfire_upgraded":2,"win_rate":0,"timestamp":1563848923,"path_taken":["M","?","M","?","?","E","M","R","T","E","M","R","$","M","R","BOSS","M","?","$","M","M","R","E","M","T","M","?","$","M","?","R","BOSS"],"build_version":"2019-07-17","purchased_purges":2,"victory":false,"max_hp_per_floor":[96,96,96,96,96,96,96,96,96,96,101,101,101,101,101,101,101,101,101,101,101,101,101,101,101,101,101,101,101,101,101,101,101],"card_choices":[{"not_picked":["Headbutt","Flex"],"picked":"Whirlwind","floor":1},{"not_picked":["Fire Breathing","Clash"],"picked":"Disarm","floor":3},{"not_picked":["Twin Strike","Flex"],"picked":"Reckless Charge","floor":6},{"not_picked":["Clash","Perfected Strike"],"picked":"Armaments","floor":7},{"not_picked":["Flex","Blood for Blood"],"picked":"Pummel","floor":10},{"not_picked":["Hemokinesis","Searing Blow"],"picked":"Twin Strike","floor":11},{"not_picked":["Evolve","Combust"],"picked":"Ghostly Armor","floor":14},{"not_picked":["Feed","Brutality"],"picked":"Demon Form","floor":16},{"not_picked":["Anger","Perfected Strike"],"picked":"Ghostly Armor","floor":18},{"not_picked":["Body Slam","Whirlwind+1"],"picked":"Perfected Strike+1","floor":21},{"not_picked":["Sword Boomerang","Heavy Blade"],"picked":"Shockwave","floor":22},{"not_picked":["Clash","Armaments"],"picked":"Perfected Strike","floor":24},{"not_picked":["Flex","Heavy Blade"],"picked":"Searing Blow+1","floor":25},{"not_picked":["Body Slam","Headbutt","Clash"],"picked":"SKIP","floor":27},{"not_picked":["Anger","Twin Strike","Perfected Strike"],"picked":"Barricade","floor":30}],"player_experience":71950,"relics_obtained":[{"floor":6,"key":"Oddly Smooth Stone"},{"floor":10,"key":"Pantograph"},{"floor":17,"key":"Bronze Scales"},{"floor":17,"key":"Self Forming Clay"},{"floor":17,"key":"Ginger"},{"floor":24,"key":"Tiny Chest"},{"floor":26,"key":"Old Coin"},{"floor":28,"key":"Girya"},{"floor":28,"key":"Bottled Flame"}],"event_choices":[{"damage_healed":0,"gold_gain":75,"player_choice":"Gather Gold","damage_taken":11,"max_hp_gain":0,"max_hp_loss":0,"event_name":"World of Goop","floor":2,"gold_loss":0},{"damage_healed":0,"gold_gain":0,"player_choice":"Grow","damage_taken":0,"max_hp_gain":0,"max_hp_loss":0,"event_name":"Living Wall","floor":4,"gold_loss":0,"cards_upgraded":["Bash"]},{"damage_healed":0,"gold_gain":0,"player_choice":"Simplicity","damage_taken":0,"max_hp_gain":0,"max_hp_loss":0,"event_name":"Back to Basics","floor":19,"gold_loss":0,"cards_upgraded":["Strike_R","Strike_R","Strike_R","Strike_R","Strike_R","Defend_R","Defend_R","Defend_R","Defend_R"]},{"damage_healed":0,"gold_gain":0,"player_choice":"Fight","damage_taken":0,"max_hp_gain":0,"max_hp_loss":0,"event_name":"Colosseum","floor":28,"gold_loss":0},{"damage_healed":0,"gold_gain":0,"player_choice":"Fought Nobs","damage_taken":0,"max_hp_gain":0,"max_hp_loss":0,"event_name":"Colosseum","floor":28,"gold_loss":0},{"damage_healed":0,"gold_gain":0,"player_choice":"Paid Fearfully","damage_taken":0,"max_hp_gain":0,"max_hp_loss":0,"event_name":"Masked Bandits","floor":31,"gold_loss":47}],"is_beta":false,"boss_relics":[{"not_picked":["Fusion Hammer","Lizard Tail"],"picked":"Calling Bell"}],"items_purged_floors":[20,29],"is_endless":false,"potions_floor_spawned":[6,10,14,16,24,25,30],"killed_by":"Automaton","ascension_level":1}