{"gold_per_floor":[365,335,15,33,46,46,46,79,129,146,25,25,25,54,54,152,152,162,162,13,13,26,26],"floor_reached":23,"playtime":1678,"items_purged":["Regret"],"score":222,"play_id":"2ebe01b7-31b8-4f98-99bc-19432ac62460","local_time":"20190720134500","is_ascension_mode":false,"campfire_choices":[{"data":"Power Through","floor":6,"key":"SMITH"},{"data":"Clothesline","floor":13,"key":"SMITH"},{"data":"Clothesline","floor":15,"key":"SMITH"}],"neow_cost":"PERCENT_DAMAGE","seed_source_timestamp":785532291899214,"circlet_count":0,"master_deck":["Defend_R","Bash","Clothesline+1","Infernal Blade","Seeing Red","Power Through+1","Clothesline+1","Disarm+1","Armaments+1","Clothesline","Feed","Armaments+1","Searing Blow+1","Brutality+1","Dual Wield+1","Shrug It Off+1","Bite","Bite","Bite","Bite","Bite","Burning Pact+1"],"relics":["Burning Blood","Mercury Hourglass","Red Skull","Toxic Egg 2","Bronze Scales","Anchor","Astrolabe"],"potions_floor_usage":[5,5,8,8,10,14,22,23],"damage_taken":[{"damage":5,"enemies":"2 Louse","floor":1,"turns":3},{"damage":1,"enemies":"Cultist","floor":4,"turns":3},{"damage":0,"enemies":"Small Slimes","floor":5,"turns":2},{"damage":19,"enemies":"Lagavulin","floor":8,"turns":6},{"damage":6,"enemies":"Blue Slaver","floor":10,"turns":2},{"damage":4,"enemies":"3 Sentries","floor":14,"turns":4},{"damage":30,"enemies":"Slime Boss","floor":16,"turns":9},{"damage":16,"enemies":"Shell Parasite","floor":18,"turns":4},{"damage":18,"enemies":"2 Thieves","floor":22,"turns":4},{"damage":81,"enemies":"Gremlin Leader","floor":23,"turns":8}],"seed_played":"5766328821907241807","potions_obtained":[{"floor":2,"key":"AttackPotion"},{"floor":2,"key":"EntropicBrew"},{"floor":4,"key":"Dexterity Potion"},{"floor":8,"key":"Weak Potion"},{"floor":18,"key":"Dexterity Potion"},{"floor":22,"key":"Strength Potion"}],"is_trial":false,"path_per_floor":["M","?","$","M","M","R","?","E","T","M","$","?","R","E","R","B",null,"M","?","$","?","M","E"],"character_chosen":"IRONCLAD","items_purchased":["Mercury Hourglass","Infernal Blade","Armaments+1","Shrug It Off+1","Fruit Juice"],"campfire_rested":0,"item_purchase_floors":[3,3,11,20,20],"current_hp_per_floor":[57,57,57,62,68,68,68,55,55,55,55,39,39,41,41,17,80,70,55,55,55,58,0],"gold":26,"neow_bonus":"TWO_FIFTY_GOLD","is_prod":false,"is_daily":false,"chose_seed":false,"campfire_upgraded":3,"win_rate":0.0,"timestamp":1563648300,"path_taken":["M","?","?","M","M","R","?","E","T","M","$","?","R","E","R","BOSS","M","?","$","?","M","E"],"build_version":"2019-07-17","purchased_purges":1,"victory":false,"max_hp_per_floor":[80,80,80,80,80,80,80,80,80,80,80,80,80,80,80,80,80,80,85,85,59,67,67],"card_choices":[{"not_picked":["Anger","Clash"],"picked":"Clothesline","floor":1},{"not_picked":["Clothesline","Carnage"],"picked":"Seeing Red","floor":4},{"not_picked":["Anger","Limit Break"],"picked":"Power Through","floor":5},{"not_picked":["Flex","Body Slam"],"picked":"Clothesline","floor":8},{"not_picked":["Sword Boomerang","Hemokinesis"],"picked":"Disarm+1","floor":10},{"not_picked":["Sword Boomerang","Rupture"],"picked":"Clothesline","floor":14},{"not_picked":["Limit Break+1","Barricade"],"picked":"Feed","floor":16},{"not_picked":["Searing Blow","Body Slam"],"picked":"Dual Wield+1","floor":18},{"not_picked":["Anger","Armaments+1"],"picked":"Burning Pact+1","floor":22}],"player_experience":24856,"relics_obtained":[{"floor":8,"key":"Toxic Egg 2"},{"floor":9,"key":"Bronze Scales"},{"floor":14,"key":"Anchor"}],"event_choices":[{"damage_healed":0,"gold_gain":0,"player_choice":"Bought 2 Potions","damage_taken":0,"max_hp_gain":0,"max_hp_loss":0,"event_name":"The Woman in Blue","floor":2,"gold_loss":0},{"damage_healed":0,"gold_gain":0,"player_choice":"Box","damage_taken":0,"relics_obtained":["Red Skull"],"max_hp_gain":0,"max_hp_loss":0,"event_name":"Big Fish","floor":7,"gold_loss":0,"cards_obtained":["Regret"]},{"damage_healed":0,"gold_gain":0,"player_choice":"Entered Light","damage_taken":16,"max_hp_gain":0,"max_hp_loss":0,"event_name":"Shining Light","floor":12,"gold_loss":0,"cards_upgraded":["Strike_R","Strike_R"]},{"damage_healed":0,"gold_gain":0,"player_choice":"Shed Blood","damage_taken":20,"max_hp_gain":5,"max_hp_loss":0,"event_name":"Forgotten Altar","floor":19,"gold_loss":0},{"damage_healed":0,"gold_gain":0,"player_choice":"Became a vampire","damage_taken":0,"max_hp_gain":0,"max_hp_loss":26,"event_name":"Vampires","floor":21,"gold_loss":0,"cards_obtained":["Bite","Bite","Bite","Bite","Bite"]}],"is_beta":false,"boss_relics":[{"not_picked":["Busted Crown","Runic Cube"],"picked":"Astrolabe"}],"items_purged_floors":[11],"is_endless":false,"potions_floor_spawned":[4,5,8,18,22],"killed_by":"Gremlin Leader","ascension_level":0}