{"gold_per_floor":[215,234,42,52,52,52,80,80,80,111,128,147,159,171,171,273,273,291,302,33,33,53,86,103,135,182,182,198,198,224,238,238,338,388,399,11,111,129,145,145],"floor_reached":40,"playtime":2911,"items_purged":["Defend_R"],"score":464,"play_id":"583c6afa-2f90-4629-b852-8cf783282c6a","local_time":"20190723204811","is_ascension_mode":true,"campfire_choices":[{"data":"Searing Blow","floor":6.0,"key":"SMITH"},{"data":"Searing Blow+1","floor":8.0,"key":"SMITH"},{"data":"Searing Blow+2","floor":15.0,"key":"SMITH"},{"data":"Searing Blow+3","floor":27.0,"key":"SMITH"},{"data":"Searing Blow+4","floor":29.0,"key":"SMITH"},{"data":"Searing Blow+5","floor":32.0,"key":"SMITH"}],"neow_cost":"NONE","seed_source_timestamp":0,"circlet_count":0,"master_deck":["Strike_R","Strike_R+1","Strike_R","Strike_R","Strike_R","Defend_R","Bash","Searing Blow+6","Shockwave","Whirlwind","Reckless Charge","Demon Form","Shrug It Off","Shrug It Off","Pommel Strike","Corruption","Perfected Strike","Double Tap","Entrench","Twin Strike+1","Clothesline+1","Metallicize","Shrug It Off+1","Iron Wave","Metallicize","Seeing Red","Reaper","Second Wind","Warcry+1","Sever Soul+1"],"special_seed":0,"relics":["Burning Blood","Toy Ornithopter","Bottled Flame","Sundial","Velvet Choker","PreservedInsect","FossilizedHelix","Kunai","Red Skull","Red Mask","Tiny House","Happy Flower","Ornamental Fan","Incense Burner"],"potions_floor_usage":[37,40,40,40],"damage_taken":[{"damage":15.0,"enemies":"Cultist","floor":1.0,"turns":4.0},{"damage":11.0,"enemies":"Jaw Worm","floor":2.0,"turns":3.0},{"damage":9.0,"enemies":"2 Louse","floor":4.0,"turns":2.0},{"damage":31.0,"enemies":"3 Sentries","floor":7.0,"turns":6.0},{"damage":36.0,"enemies":"Lagavulin","floor":10.0,"turns":5.0},{"damage":0.0,"enemies":"Lots of Slimes","floor":11.0,"turns":1.0},{"damage":0.0,"enemies":"Looter","floor":12.0,"turns":3.0},{"damage":6.0,"enemies":"Blue Slaver","floor":13.0,"turns":4.0},{"damage":9.0,"enemies":"2 Fungi Beasts","floor":14.0,"turns":3.0},{"damage":28.0,"enemies":"Hexaghost","floor":16.0,"turns":7.0},{"damage":13.0,"enemies":"Shell Parasite","floor":18.0,"turns":4.0},{"damage":21.0,"enemies":"2 Thieves","floor":19.0,"turns":3.0},{"damage":16.0,"enemies":"Centurion and Healer","floor":22.0,"turns":5.0},{"damage":43.0,"enemies":"Slavers","floor":23.0,"turns":4.0},{"damage":7.0,"enemies":"Snake Plant","floor":24.0,"turns":3.0},{"damage":4.0,"enemies":"Book of Stabbing","floor":25.0,"turns":3.0},{"damage":6.0,"enemies":"Cultist and Chosen","floor":28.0,"turns":4.0},{"damage":5.0,"enemies":"Masked Bandits","floor":30.0,"turns":3.0},{"damage":0.0,"enemies":"Snecko","floor":31.0,"turns":2.0},{"damage":56.0,"enemies":"Champ","floor":33.0,"turns":10.0},{"damage":0.0,"enemies":"3 Shapes","floor":35.0,"turns":3.0},{"damage":14,"enemies":"Mind Bloom Boss Battle","floor":37,"turns":6},{"damage":0,"enemies":"Orb Walker","floor":38,"turns":2},{"damage":52,"enemies":"4 Shapes","floor":39,"turns":4},{"damage":59,"enemies":"Reptomancer","floor":40,"turns":2}],"seed_played":"-5637207431387322787","potions_obtained":[{"floor":2.0,"key":"SteroidPotion"},{"floor":4.0,"key":"BloodPotion"},{"floor":11.0,"key":"Block Potion"},{"floor":12.0,"key":"SteroidPotion"},{"floor":14.0,"key":"Weak Potion"},{"floor":18.0,"key":"BloodPotion"},{"floor":24.0,"key":"Block Potion"},{"floor":25.0,"key":"PowerPotion"},{"floor":30.0,"key":"Dexterity Potion"},{"floor":33.0,"key":"LiquidBronze"},{"floor":34.0,"key":"PowerPotion"},{"floor":37,"key":"Energy Potion"}],"is_trial":false,"path_per_floor":["M","M","$","M","?","R","E","R","T","E","M","M","M","M","R","B",null,"M","M","$","?","M","E","M","E","T","R","M","R","?","M","R","B",null,"M","$","?","M","M","E"],"character_chosen":"IRONCLAD","items_purchased":["Toy Ornithopter","PreservedInsect","Block Potion","Happy Flower","Ornamental Fan"],"campfire_rested":0,"item_purchase_floors":[3,20,20,36,36],"current_hp_per_floor":[71,66,66,63,63,63,43,43,43,38,44,55,55,52,52,40,80,73,58,58,58,53,41,40,42,42,42,47,47,53,59,59,9,85,85,85,77,83,37,0],"gold":145,"neow_bonus":"HUNDRED_GOLD","is_prod":false,"is_daily":false,"chose_seed":false,"campfire_upgraded":6,"win_rate":0,"timestamp":1563932891,"path_taken":["M","M","$","?","?","R","E","R","T","E","M","M","?","M","R","BOSS","M","?","$","?","M","E","?","E","T","R","?","R","?","M","R","BOSS","M","$","?","M","M","E"],"build_version":"2019-07-17","purchased_purges":1,"victory":false,"max_hp_per_floor":[80,80,80,80,80,80,80,80,80,80,80,80,80,80,80,80,80,80,80,80,80,80,80,80,80,80,80,80,80,80,80,80,80,85,85,85,85,85,85,85],"card_choices":[{"not_picked":["Havoc","Cleave"],"picked":"Searing Blow","floor":1.0},{"not_picked":["Headbutt","Barricade"],"picked":"Shockwave","floor":2.0},{"not_picked":["Power Through","Sentinel"],"picked":"Whirlwind","floor":4.0},{"not_picked":["Cleave","Burning Pact"],"picked":"Demon Form","floor":7.0},{"not_picked":["Rampage","Flex"],"picked":"Shrug It Off","floor":10.0},{"not_picked":["Thunderclap","Iron Wave"],"picked":"Shrug It Off","floor":11.0},{"not_picked":["Wild Strike","Intimidate"],"picked":"Pommel Strike","floor":12.0},{"not_picked":["Dark Embrace","Flex"],"picked":"Corruption","floor":13.0},{"not_picked":["Wild Strike","Anger"],"picked":"Perfected Strike","floor":14.0},{"not_picked":["Berserk","Brutality"],"picked":"Double Tap","floor":16.0},{"not_picked":["True Grit","Searing Blow"],"picked":"Entrench","floor":18.0},{"not_picked":["Burning Pact+1","Entrench"],"picked":"Twin Strike+1","floor":19.0},{"not_picked":["Headbutt+1","Metallicize"],"picked":"Clothesline+1","floor":22.0},{"not_picked":["Hemokinesis","Dropkick"],"picked":"Metallicize","floor":23.0},{"not_picked":["Thunderclap+1","Heavy Blade"],"picked":"Shrug It Off+1","floor":24.0},{"not_picked":["Dark Embrace","Sword Boomerang"],"picked":"Iron Wave","floor":25.0},{"not_picked":["Shrug It Off","Headbutt","Iron Wave"],"picked":"SKIP","floor":28.0},{"not_picked":["Thunderclap","Heavy Blade"],"picked":"Metallicize","floor":30.0},{"not_picked":["Shockwave","Power Through"],"picked":"Seeing Red","floor":31.0},{"not_picked":["Demon Form","Exhume"],"picked":"Reaper","floor":33.0},{"not_picked":["Anger","Searing Blow"],"picked":"Second Wind","floor":34.0},{"not_picked":["Battle Trance","Metallicize","Cleave+1"],"picked":"SKIP","floor":35},{"not_picked":["Headbutt","True Grit"],"picked":"Warcry+1","floor":37},{"not_picked":["Dual Wield+1","Flex+1"],"picked":"Sever Soul+1","floor":38},{"not_picked":["Headbutt+1","Searing Blow","Clash+1"],"picked":"SKIP","floor":39}],"player_experience":79039,"relics_obtained":[{"floor":7.0,"key":"Bottled Flame"},{"floor":10.0,"key":"Sundial"},{"floor":23.0,"key":"FossilizedHelix"},{"floor":25.0,"key":"Kunai"},{"floor":26.0,"key":"Red Skull"},{"floor":30.0,"key":"Red Mask"},{"floor":37,"key":"Incense Burner"}],"event_choices":[{"damage_healed":0.0,"max_hp_gain":0.0,"max_hp_loss":0.0,"gold_gain":0.0,"cards_transformed":["Defend_R"],"event_name":"Transmorgrifier","player_choice":"Transformed","floor":5.0,"gold_loss":0.0,"damage_taken":0.0,"cards_obtained":["Reckless Charge"]},{"cards_removed":["Defend_R"],"damage_healed":0.0,"max_hp_gain":0.0,"max_hp_loss":0.0,"gold_gain":0.0,"event_name":"Purifier","player_choice":"Purged","floor":21.0,"gold_loss":0.0,"damage_taken":0.0},{"damage_healed":0.0,"max_hp_gain":0.0,"max_hp_loss":0.0,"gold_gain":0.0,"event_name":"Masked Bandits","player_choice":"Fought Bandits","floor":30.0,"gold_loss":0.0,"damage_taken":0.0},{"damage_healed":0,"gold_gain":0,"player_choice":"Fight","damage_taken":0,"max_hp_gain":0,"max_hp_loss":0,"event_name":"MindBloom","floor":37,"gold_loss":0}],"is_beta":false,"boss_relics":[{"not_picked":["Mark of Pain","Runic Cube"],"picked":"Velvet Choker"},{"not_picked":["Runic Dome","Runic Pyramid"],"picked":"Tiny House"}],"items_purged_floors":[20],"is_endless":false,"potions_floor_spawned":[2,4,11,12,14,18,24,25,30,33,37,39],"killed_by":"Reptomancer","ascension_level":1}