{"gold_per_floor":[109,109,128,148,148,175,350,385,385,405,405],"floor_reached":11,"playtime":634,"items_purged":[],"score":87,"play_id":"42770716-c60d-4a45-868e-26b00cbf37c0","local_time":"20190721161223","is_ascension_mode":true,"campfire_choices":[],"neow_cost":"NONE","seed_source_timestamp":881826222618604,"circlet_count":0,"master_deck":["Strike_B","Strike_B","Strike_B","Strike_B","Defend_B","Defend_B","Defend_B","Defend_B","Zap","Dualcast","Consume+1","Loop","Cold Snap","Reinforced Body","Doubt","Coolheaded","Redo"],"relics":["Cracked Core","WingedGreaves","Mercury Hourglass","Nunchaku","Kunai"],"potions_floor_usage":[6,11],"damage_taken":[{"damage":1,"enemies":"Cultist","floor":1,"turns":3},{"damage":2,"enemies":"Small Slimes","floor":3,"turns":3},{"damage":13,"enemies":"Jaw Worm","floor":4,"turns":3},{"damage":3,"enemies":"Gremlin Nob","floor":6,"turns":3},{"damage":27,"enemies":"Lagavulin","floor":8,"turns":6},{"damage":6,"enemies":"Lots of Slimes","floor":10,"turns":3},{"damage":28,"enemies":"Gremlin Nob","floor":11,"turns":3}],"seed_played":"-1811507890943898994","potions_obtained":[{"floor":1,"key":"Poison Potion"},{"floor":8,"key":"SteroidPotion"}],"is_trial":false,"path_per_floor":["M","?","M","M","?","E","?","E","T","M","E"],"character_chosen":"DEFECT","items_purchased":[],"campfire_rested":0,"item_purchase_floors":[],"current_hp_per_floor":[81,81,79,66,54,51,51,24,24,18,0],"gold":405,"neow_bonus":"TEN_PERCENT_HP_BONUS","is_prod":false,"is_daily":false,"chose_seed":false,"campfire_upgraded":0,"win_rate":0,"timestamp":1563743543,"path_taken":["M","?","?","M","?","E","?","E","T","M","E"],"build_version":"2019-07-17","purchased_purges":0,"victory":false,"max_hp_per_floor":[82,82,82,82,82,82,82,82,82,82,82],"card_choices":[{"not_picked":["Darkness","Conserve Battery"],"picked":"Consume","floor":1},{"not_picked":["Hello World","Melter"],"picked":"Loop","floor":3},{"not_picked":["Compile Driver","Reinforced Body"],"picked":"Cold Snap","floor":4},{"not_picked":["Gash","Tempest"],"picked":"Reinforced Body","floor":6},{"not_picked":["Gash","Turbo"],"picked":"Coolheaded","floor":8},{"not_picked":["Turbo","Stack"],"picked":"Redo","floor":10}],"player_experience":54831,"relics_obtained":[{"floor":6,"key":"Mercury Hourglass"},{"floor":8,"key":"Nunchaku"},{"floor":9,"key":"Kunai"}],"event_choices":[{"damage_healed":0,"gold_gain":0,"player_choice":"Upgraded","damage_taken":0,"max_hp_gain":0,"max_hp_loss":0,"event_name":"Upgrade Shrine","floor":2,"gold_loss":0,"cards_upgraded":["Consume"]},{"damage_healed":0,"gold_gain":0,"player_choice":"Success","damage_taken":12,"relics_obtained":["WingedGreaves"],"max_hp_gain":0,"max_hp_loss":0,"event_name":"Scrap Ooze","floor":5,"gold_loss":0},{"damage_healed":0,"gold_gain":175,"player_choice":"AGREE","damage_taken":0,"max_hp_gain":0,"max_hp_loss":0,"event_name":"Liars Game","floor":7,"gold_loss":0,"cards_obtained":["Doubt"]}],"is_beta":false,"boss_relics":[],"items_purged_floors":[],"is_endless":false,"potions_floor_spawned":[1,8],"killed_by":"Gremlin Nob","ascension_level":1}