{"gold_per_floor":[116,39,39,54,73,73,107,107,107,107,118,118,133,133,133,238,238,254,6,19,29,29,29,48,48,71,91,110,1,16,47,47,150,150,169,169,189,189,209,209,36,36,36,62,80,100,0,19,19,19],"floor_reached":51,"playtime":5723,"items_purged":["Pain","Strike_B"],"score":676,"play_id":"920bd545-7ec4-44ba-8bc4-cc760f44f07b","local_time":"20190820094434","is_ascension_mode":false,"campfire_choices":[{"data":"Defragment","floor":6.0,"key":"SMITH"},{"data":"Machine Learning","floor":8.0,"key":"SMITH"},{"data":"White Noise","floor":10.0,"key":"SMITH"},{"data":"Self Repair","floor":12.0,"key":"SMITH"},{"data":"Chaos","floor":15.0,"key":"SMITH"},{"data":"Zap","floor":23.0,"key":"SMITH"},{"data":"Self Repair","floor":25.0,"key":"SMITH"},{"data":"Electrodynamics","floor":32.0,"key":"SMITH"},{"data":"Creative AI","floor":40.0,"key":"SMITH"},{"data":"Amplify","floor":42.0,"key":"SMITH"},{"data":"Redo","floor":49.0,"key":"SMITH"}],"neow_cost":"NONE","seed_source_timestamp":138863682836515,"circlet_count":0,"master_deck":["Strike_B","Strike_B","Defend_B","Defend_B","Defend_B","Defend_B","Zap+1","Dualcast","Self Repair+1","Chaos+1","Defragment+1","Iron Wave","Sweeping Beam","White Noise+1","Machine Learning+1","Conserve Battery","Self Repair+1","Electrodynamics+1","Stack","Compile Driver+1","Leap","Fusion+1","Redo+1","Self Repair","Redo+1","Creative AI+1","Ball Lightning+1","Chaos+1","Glacier+1","Amplify+1","Static Discharge","Defragment+1","Tempest","Glacier+1","Chill+1"],"special_seed":0,"relics":["Cracked Core","Sundial","Pantograph","Inserter","Gremlin Horn","WarpedTongs","Boot","Ornamental Fan","Coffee Dripper","Happy Flower","Mercury Hourglass"],"potions_floor_usage":[50,50,50],"damage_taken":[{"damage":1.0,"enemies":"Small Slimes","floor":1.0,"turns":3.0},{"damage":6.0,"enemies":"Cultist","floor":4.0,"turns":3.0},{"damage":2.0,"enemies":"2 Louse","floor":5.0,"turns":2.0},{"damage":17.0,"enemies":"3 Sentries","floor":7.0,"turns":6.0},{"damage":13.0,"enemies":"Gremlin Gang","floor":11.0,"turns":4.0},{"damage":15.0,"enemies":"Large Slime","floor":13.0,"turns":4.0},{"damage":25.0,"enemies":"Slime Boss","floor":16.0,"turns":6.0},{"damage":17.0,"enemies":"Spheric Guardian","floor":18.0,"turns":4.0},{"damage":13.0,"enemies":"3 Byrds","floor":20.0,"turns":3.0},{"damage":25.0,"enemies":"Snecko","floor":21.0,"turns":5.0},{"damage":31.0,"enemies":"Sentry and Sphere","floor":24.0,"turns":6.0},{"damage":20.0,"enemies":"Shelled Parasite and Fungi","floor":27.0,"turns":5.0},{"damage":27.0,"enemies":"Centurion and Healer","floor":28.0,"turns":6.0},{"damage":20.0,"enemies":"Snake Plant","floor":30.0,"turns":5.0},{"damage":47.0,"enemies":"Slavers","floor":31.0,"turns":7.0},{"damage":38.0,"enemies":"Collector","floor":33.0,"turns":7.0},{"damage":27.0,"enemies":"3 Darklings","floor":35.0,"turns":4.0},{"damage":10.0,"enemies":"Orb Walker","floor":37.0,"turns":5.0},{"damage":0.0,"enemies":"Maw","floor":39.0,"turns":6.0},{"damage":39.0,"enemies":"Giant Head","floor":44.0,"turns":9.0},{"damage":39.0,"enemies":"Transient","floor":45.0,"turns":5.0},{"damage":17.0,"enemies":"Spire Growth","floor":46.0,"turns":4.0},{"damage":30.0,"enemies":"Writhing Mass","floor":48.0,"turns":6.0},{"damage":55,"enemies":"Awakened One","floor":50,"turns":12}],"seed_played":"-3455845006284003496","potions_obtained":[{"floor":5.0,"key":"AttackPotion"},{"floor":7.0,"key":"Weak Potion"},{"floor":13.0,"key":"PowerPotion"},{"floor":14.0,"key":"PowerPotion"},{"floor":14.0,"key":"Energy Potion"},{"floor":16.0,"key":"PowerPotion"},{"floor":44.0,"key":"Dexterity Potion"}],"is_trial":false,"path_per_floor":["M","$","?","M","M","R","E","R","T","R","M","R","M","?","R","B",null,"M","$","M","M","?","R","M","R","T","M","M","$","M","E","R","B",null,"M","?","M","?","M","R","$","R","T","E","M","M","$","M","R","B",null],"character_chosen":"DEFECT","items_purchased":["Defragment","Gremlin Horn","Self Repair","Amplify","Static Discharge"],"campfire_rested":0,"item_purchase_floors":[2,19,29,41,41],"current_hp_per_floor":[75,75,75,75,73,73,63,63,63,63,57,57,52,52,52,67,75,75,75,75,60,60,60,46,46,46,46,39,39,49,29,29,33,75,75,75,75,75,75,75,75,75,75,70,48,51,51,48,48,28],"gold":19,"neow_bonus":"THREE_CARDS","is_prod":false,"is_daily":false,"chose_seed":false,"campfire_upgraded":11,"win_rate":0.0,"timestamp":1566287074,"path_taken":["M","$","?","?","M","R","E","R","T","R","M","R","M","?","R","BOSS","M","$","M","?","?","R","?","R","T","M","M","$","M","E","R","BOSS","M","?","M","?","M","R","$","R","T","E","M","M","$","M","R","BOSS"],"build_version":"2019-07-17","purchased_purges":2,"victory":true,"max_hp_per_floor":[75,75,75,75,75,75,75,75,75,75,75,75,75,75,75,75,75,75,75,75,75,75,75,75,75,75,75,75,75,75,75,75,75,75,75,75,75,75,75,75,75,75,75,75,75,75,75,75,75,75],"card_choices":[{"not_picked":["Reinforced Body","Coolheaded"],"picked":"Self Repair","floor":0.0},{"not_picked":["Redo","Coolheaded"],"picked":"Chaos","floor":1.0},{"not_picked":["Streamline","Melter"],"picked":"Sweeping Beam","floor":4.0},{"not_picked":["Blizzard","Consume"],"picked":"White Noise","floor":5.0},{"not_picked":["Compile Driver","Self Repair"],"picked":"Machine Learning","floor":7.0},{"not_picked":["Coolheaded","Go for the Eyes"],"picked":"Conserve Battery","floor":11.0},{"not_picked":["Conserve Battery","Gash"],"picked":"Self Repair","floor":13.0},{"not_picked":["Seek","Fission"],"picked":"Electrodynamics","floor":16.0},{"not_picked":["Sweeping Beam","Go for the Eyes","Reinforced Body"],"picked":"SKIP","floor":18.0},{"not_picked":["Hologram","Sweeping Beam"],"picked":"Stack","floor":20.0},{"not_picked":["Cold Snap","Sweeping Beam"],"picked":"Compile Driver+1","floor":21.0},{"not_picked":["Barrage","Compile Driver"],"picked":"Leap","floor":24.0},{"not_picked":["BootSequence","Compile Driver+1"],"picked":"Fusion+1","floor":27.0},{"not_picked":["Blizzard+1","Steam Power"],"picked":"Redo","floor":28.0},{"not_picked":["Conserve Battery","Doom and Gloom"],"picked":"Redo+1","floor":30.0},{"not_picked":["Melter","Biased Cognition","Blizzard"],"picked":"SKIP","floor":31.0},{"not_picked":["Rainbow","Amplify"],"picked":"Creative AI","floor":33.0},{"not_picked":["Redo","Streamline+1"],"picked":"Ball Lightning+1","floor":35.0},{"not_picked":["Ball Lightning+1","Heatsinks"],"picked":"Chaos+1","floor":37.0},{"not_picked":["Go for the Eyes","Compile Driver+1"],"picked":"Glacier+1","floor":39.0},{"not_picked":["Leap","Hologram+1"],"picked":"Defragment+1","floor":44.0},{"not_picked":["Gash","Steam+1"],"picked":"Tempest","floor":45.0},{"not_picked":["Redo","Streamline+1"],"picked":"Glacier+1","floor":46.0},{"not_picked":["Storm","Coolheaded"],"picked":"Chill+1","floor":48.0}],"player_experience":33119,"relics_obtained":[{"floor":7.0,"key":"Sundial"},{"floor":9.0,"key":"Pantograph"},{"floor":26.0,"key":"Boot"},{"floor":31.0,"key":"Ornamental Fan"},{"floor":43.0,"key":"Happy Flower"},{"floor":44.0,"key":"Mercury Hourglass"}],"event_choices":[{"cards_removed":["Strike_B"],"damage_healed":0.0,"max_hp_gain":0.0,"max_hp_loss":0.0,"gold_gain":0.0,"event_name":"NoteForYourself","player_choice":"Took Card","floor":3.0,"gold_loss":0.0,"damage_taken":0.0,"cards_obtained":["Iron Wave"]},{"damage_healed":0.0,"max_hp_gain":0.0,"max_hp_loss":0.0,"gold_gain":0.0,"event_name":"Lab","player_choice":"Got Potions","floor":14.0,"gold_loss":0.0,"damage_taken":0.0},{"damage_healed":0.0,"max_hp_gain":0.0,"max_hp_loss":0.0,"gold_gain":0.0,"event_name":"Accursed Blacksmith","player_choice":"Rummage","floor":22.0,"gold_loss":0.0,"damage_taken":0.0,"relics_obtained":["WarpedTongs"],"cards_obtained":["Pain"]},{"damage_healed":0.0,"max_hp_gain":0.0,"max_hp_loss":0.0,"gold_gain":0.0,"event_name":"Tomb of Lord Red Mask","player_choice":"Ignored","floor":36.0,"gold_loss":0.0,"damage_taken":0.0},{"damage_healed":0.0,"max_hp_gain":0.0,"max_hp_loss":0.0,"gold_gain":0.0,"event_name":"SecretPortal","player_choice":"Ignored","floor":38.0,"gold_loss":0.0,"damage_taken":0.0}],"is_beta":false,"boss_relics":[{"not_picked":["Philosopher\u0027s Stone","Lizard Tail"],"picked":"Inserter"},{"not_picked":["Sozu","Eternal Feather"],"picked":"Coffee Dripper"}],"items_purged_floors":[29,47],"is_endless":false,"potions_floor_spawned":[5,7,13,16,18,28,31,44,48],"ascension_level":0}