{"gold_per_floor":[14,33,33,44,61,61,92,122,203,203,215,195,229,243,243,340,340,352,370,383,82,82,82],"floor_reached":23,"playtime":932,"items_purged":["Strike_R"],"score":277,"play_id":"01f0fa8e-d20a-4067-9b13-ca7696cf09b6","local_time":"20190824110654","is_ascension_mode":true,"campfire_choices":[{"data":"Armaments","floor":6.0,"key":"SMITH"},{"data":"Flame Barrier","floor":10.0,"key":"SMITH"},{"data":"Entrench","floor":15.0,"key":"SMITH"}],"neow_cost":"NO_GOLD","seed_source_timestamp":362428826988449,"circlet_count":0,"master_deck":["Strike_R","Strike_R","Strike_R","Strike_R","Defend_R","Defend_R","Defend_R","Defend_R","Bash","Reaper","Combust+1","Pommel Strike","Armaments+1","Flame Barrier+1","Entrench+1","Infernal Blade","Juggernaut","Body Slam+1","Feed+1","Seeing Red","Battle Trance","Metamorphosis"],"special_seed":0,"relics":["Burning Blood","Magic Flower","Omamori","Molten Egg 2","Shuriken","Philosopher\u0027s Stone"],"potions_floor_usage":[23],"damage_taken":[{"damage":1.0,"enemies":"Cultist","floor":1.0,"turns":3.0},{"damage":12.0,"enemies":"2 Louse","floor":2.0,"turns":3.0},{"damage":20.0,"enemies":"Small Slimes","floor":4.0,"turns":4.0},{"damage":16.0,"enemies":"Exordium Thugs","floor":5.0,"turns":4.0},{"damage":38.0,"enemies":"Lagavulin","floor":7.0,"turns":5.0},{"damage":10.0,"enemies":"Looter","floor":11.0,"turns":4.0},{"damage":18.0,"enemies":"3 Sentries","floor":13.0,"turns":5.0},{"damage":6.0,"enemies":"Gremlin Gang","floor":14.0,"turns":3.0},{"damage":40.0,"enemies":"The Guardian","floor":16.0,"turns":10.0},{"damage":24.0,"enemies":"Shell Parasite","floor":18.0,"turns":6.0},{"damage":36.0,"enemies":"2 Thieves","floor":19.0,"turns":3.0},{"damage":29.0,"enemies":"3 Cultists","floor":20.0,"turns":5.0},{"damage":0.0,"enemies":"Shelled Parasite and Fungi","floor":22.0,"turns":2.0},{"damage":72,"enemies":"Book of Stabbing","floor":23,"turns":4}],"seed_played":"-3691580957995076644","potions_obtained":[{"floor":1.0,"key":"Regen Potion"},{"floor":5.0,"key":"Strength Potion"},{"floor":11.0,"key":"AttackPotion"},{"floor":12.0,"key":"SmokeBomb"},{"floor":20.0,"key":"BloodPotion"}],"is_trial":false,"path_per_floor":["M","M","?","M","M","R","E","?","T","R","M","?","E","M","R","B",null,"M","M","M","$","M","E"],"character_chosen":"IRONCLAD","items_purchased":["Battle Trance","Metamorphosis"],"campfire_rested":0,"item_purchase_floors":[21,21],"current_hp_per_floor":[77,78,78,64,64,64,32,32,32,32,31,31,44,47,47,16,64,49,34,26,26,35,0],"gold":82,"neow_bonus":"THREE_RARE_CARDS","is_prod":false,"is_daily":false,"chose_seed":false,"campfire_upgraded":3,"win_rate":0,"timestamp":1566662814,"path_taken":["M","M","?","M","M","R","E","?","T","R","M","?","E","?","R","BOSS","M","M","M","$","M","E"],"build_version":"2019-07-17","purchased_purges":1,"victory":false,"max_hp_per_floor":[80,80,80,80,80,80,80,80,80,80,80,80,80,80,80,80,80,80,80,80,80,80,80],"card_choices":[{"not_picked":["Limit Break","Brutality"],"picked":"Reaper","floor":0.0},{"not_picked":["Fire Breathing","True Grit"],"picked":"Combust","floor":1.0},{"not_picked":["Twin Strike","Havoc"],"picked":"Pommel Strike","floor":2.0},{"not_picked":["Iron Wave","Twin Strike"],"picked":"Armaments","floor":4.0},{"not_picked":["Seeing Red","Body Slam"],"picked":"Flame Barrier","floor":5.0},{"not_picked":["Wild Strike","Clash"],"picked":"Entrench","floor":7.0},{"not_picked":["Heavy Blade+1","Power Through"],"picked":"Infernal Blade","floor":11.0},{"not_picked":["Sword Boomerang+1","Headbutt+1"],"picked":"Juggernaut","floor":13.0},{"not_picked":["Flex","Shrug It Off"],"picked":"Body Slam+1","floor":14.0},{"not_picked":["Demon Form","Impervious"],"picked":"Feed+1","floor":16.0},{"not_picked":["Flex","Rage"],"picked":"Seeing Red","floor":18.0},{"not_picked":["Iron Wave+1","Sever Soul+1","Thunderclap+1"],"picked":"SKIP","floor":19.0},{"not_picked":["Combust","Perfected Strike+1","Wild Strike+1"],"picked":"SKIP","floor":20.0}],"player_experience":205429,"relics_obtained":[{"floor":7.0,"key":"Magic Flower"},{"floor":9.0,"key":"Molten Egg 2"},{"floor":13.0,"key":"Shuriken"}],"event_choices":[{"damage_healed":0.0,"max_hp_gain":0.0,"max_hp_loss":0.0,"gold_gain":0.0,"event_name":"Living Wall","player_choice":"Grow","floor":3.0,"gold_loss":0.0,"damage_taken":0.0,"cards_upgraded":["Combust"]},{"damage_healed":0.0,"max_hp_gain":0.0,"max_hp_loss":0.0,"gold_gain":30.0,"event_name":"Dead Adventurer","player_choice":"Searched \u00273\u0027 times","floor":8.0,"gold_loss":0.0,"damage_taken":0.0,"relics_obtained":["Omamori"]},{"damage_healed":0.0,"max_hp_gain":0.0,"max_hp_loss":0.0,"gold_gain":0.0,"event_name":"The Woman in Blue","player_choice":"Bought 1 Potion","floor":12.0,"gold_loss":0.0,"damage_taken":0.0}],"is_beta":false,"boss_relics":[{"not_picked":["Orrery","Lizard Tail"],"picked":"Philosopher\u0027s Stone"}],"items_purged_floors":[21],"is_endless":false,"potions_floor_spawned":[1,5,11,20,22],"killed_by":"Book of Stabbing","ascension_level":7}