{"gold_per_floor":[118,130,149,149,159,192,192,210,210,57,57,87,101,130,130,234,234,250,250,270,290,18,51,69,69,69,83,83,83,112,130,130,226,276,287,287,33,51,67,96,96,96,96,21,21,32,83,83,83,83],"floor_reached":51,"playtime":3699,"items_purged":["Defend_R"],"score":752,"play_id":"81ae2198-ab5b-4546-9321-5370405096ea","local_time":"20190720144725","is_ascension_mode":false,"campfire_choices":[{"data":"Bludgeon","floor":7,"key":"SMITH"},{"data":"Clothesline","floor":11,"key":"SMITH"},{"data":"Armaments","floor":15,"key":"SMITH"},{"data":"Flame Barrier","floor":32,"key":"SMITH"},{"floor":41,"key":"REST"},{"floor":45,"key":"REST"},{"data":"Bludgeon","floor":49,"key":"SMITH"}],"neow_cost":"TEN_PERCENT_HP_LOSS","seed_source_timestamp":787237359859760,"circlet_count":0,"master_deck":["Strike_R","Strike_R","Strike_R","Strike_R","Strike_R+1","Defend_R","Defend_R+1","Bash","Bludgeon+1","Clothesline+1","Reckless Charge","Metallicize","Armaments+1","Pommel Strike","Shrug It Off","Entrench+1","Bludgeon","Reaper","Demon Form","Power Through","Pommel Strike","Feel No Pain+1","Entrench","Flame Barrier+1","Pommel Strike","Bludgeon+1","Ghostly Armor","Bludgeon","Pommel Strike","Dark Embrace","Flame Barrier","Shockwave","Battle Trance","Carnage","Dual Wield+1","Thinking Ahead","Transmutation","Enlightenment","Shockwave","Intimidate+1"],"relics":["Burning Blood","Bag of Marbles","Bird Faced Urn","Odd Mushroom","Bottled Lightning","Velvet Choker","Brimstone","Magic Flower","Darkstone Periapt","Enchiridion","Letter Opener","Tiny House","Kunai","Nunchaku","Ginger","Unceasing Top"],"potions_floor_usage":[12,16,18,23,30,33,35,50,50],"damage_taken":[{"damage":5,"enemies":"2 Louse","floor":1,"turns":3},{"damage":1,"enemies":"Jaw Worm","floor":2,"turns":3},{"damage":4,"enemies":"Cultist","floor":3,"turns":3},{"damage":10,"enemies":"Exordium Wildlife","floor":5,"turns":4},{"damage":6,"enemies":"Gremlin Nob","floor":6,"turns":3},{"damage":7,"enemies":"Looter","floor":8,"turns":3},{"damage":10,"enemies":"The Mushroom Lair","floor":12,"turns":4},{"damage":0,"enemies":"Large Slime","floor":13,"turns":5},{"damage":13,"enemies":"Lagavulin","floor":14,"turns":4},{"damage":7,"enemies":"Slime Boss","floor":16,"turns":9},{"damage":23,"enemies":"2 Thieves","floor":18,"turns":4},{"damage":10,"enemies":"Spheric Guardian","floor":20,"turns":4},{"damage":16,"enemies":"Shelled Parasite and Fungi","floor":21,"turns":4},{"damage":14,"enemies":"Book of Stabbing","floor":23,"turns":3},{"damage":7,"enemies":"Cultist and Chosen","floor":24,"turns":3},{"damage":9,"enemies":"Snake Plant","floor":27,"turns":3},{"damage":29,"enemies":"Slavers","floor":30,"turns":4},{"damage":5,"enemies":"Sentry and Sphere","floor":31,"turns":3},{"damage":66,"enemies":"Champ","floor":33,"turns":7},{"damage":33,"enemies":"3 Darklings","floor":35,"turns":5},{"damage":0,"enemies":"Orb Walker","floor":38,"turns":3},{"damage":20,"enemies":"Maw","floor":39,"turns":6},{"damage":93,"enemies":"Nemesis","floor":40,"turns":9},{"damage":42,"enemies":"4 Shapes","floor":46,"turns":5},{"damage":0,"enemies":"2 Orb Walkers","floor":47,"turns":3},{"damage":144,"enemies":"Donu and Deca","floor":50,"turns":10}],"seed_played":"-308784772964468944","potions_obtained":[{"floor":3,"key":"SteroidPotion"},{"floor":12,"key":"EssenceOfSteel"},{"floor":14,"key":"Ancient Potion"},{"floor":16,"key":"Swift Potion"},{"floor":18,"key":"LiquidBronze"},{"floor":24,"key":"EssenceOfSteel"},{"floor":30,"key":"FearPotion"},{"floor":31,"key":"SpeedPotion"},{"floor":34,"key":"PowerPotion"},{"floor":40,"key":"Weak Potion"},{"floor":46,"key":"BloodPotion"},{"floor":47,"key":"Explosive Potion"}],"is_trial":false,"path_per_floor":["M","M","M","?","M","E","R","M","T","$","R","?","M","E","R","B",null,"M","?","M","M","$","E","M","?","T","M","?","?","E","M","R","B",null,"M","?","$","M","M","E","R","?","T","$","R","M","?","?","R","B",null],"character_chosen":"IRONCLAD","items_purchased":["BloodPotion","Entrench","Brimstone","Kunai","Shockwave"],"campfire_rested":2,"item_purchase_floors":[10,22,22,37,44],"current_hp_per_floor":[72,72,72,58,54,54,54,53,53,53,53,67,72,65,65,70,72,55,55,53,45,45,39,41,41,41,53,40,24,40,47,47,23,82,82,82,82,82,77,19,43,33,33,33,57,64,82,82,82,32],"gold":83,"neow_bonus":"THREE_RARE_CARDS","is_prod":false,"is_daily":false,"chose_seed":false,"campfire_upgraded":5,"win_rate":0.0,"timestamp":1563652045,"path_taken":["M","M","M","?","M","E","R","M","T","$","R","?","M","E","R","BOSS","M","?","?","M","$","E","M","?","T","M","?","?","E","M","R","BOSS","M","?","$","M","M","E","R","?","T","$","R","M","?","?","R","BOSS"],"build_version":"2019-07-17","purchased_purges":1,"victory":true,"max_hp_per_floor":[72,72,72,72,72,72,72,72,72,72,72,72,72,72,72,72,72,72,72,72,72,72,72,72,72,72,72,77,77,77,77,77,77,82,82,82,82,82,82,82,82,82,82,82,82,82,82,82,82,82],"card_choices":[{"not_picked":["Brutality","Double Tap"],"picked":"Bludgeon","floor":0},{"not_picked":["Perfected Strike","Headbutt"],"picked":"Clothesline","floor":1},{"not_picked":["Body Slam","Flex"],"picked":"Reckless Charge","floor":2},{"not_picked":["True Grit","Iron Wave"],"picked":"Metallicize","floor":3},{"not_picked":["Perfected Strike","Sword Boomerang"],"picked":"Armaments","floor":5},{"not_picked":["Iron Wave","Combust"],"picked":"Pommel Strike","floor":6},{"not_picked":["Heavy Blade","Armaments"],"picked":"Shrug It Off","floor":8},{"not_picked":["Armaments","Seeing Red"],"picked":"Entrench","floor":12},{"not_picked":["Searing Blow","Dropkick"],"picked":"Bludgeon","floor":13},{"not_picked":["Seeing Red","Anger"],"picked":"Reaper","floor":14},{"not_picked":["Double Tap","Fiend Fire"],"picked":"Demon Form","floor":16},{"not_picked":["Thunderclap","Armaments"],"picked":"Power Through","floor":18},{"not_picked":["Perfected Strike+1","Combust"],"picked":"Pommel Strike","floor":20},{"not_picked":["Flex+1","Anger"],"picked":"Feel No Pain+1","floor":21},{"not_picked":["Double Tap","Headbutt+1"],"picked":"Flame Barrier","floor":23},{"not_picked":["Thunderclap","Headbutt"],"picked":"Pommel Strike","floor":24},{"not_picked":["Fire Breathing","Sword Boomerang"],"picked":"Ghostly Armor","floor":27},{"not_picked":["Whirlwind","Perfected Strike+1"],"picked":"Bludgeon","floor":30},{"not_picked":["Armaments","True Grit"],"picked":"Pommel Strike","floor":31},{"not_picked":["Feed","Double Tap"],"picked":"Dark Embrace","floor":33},{"not_picked":["Warcry+1","Cleave"],"picked":"Flame Barrier","floor":34},{"not_picked":["Entrench+1","Headbutt+1"],"picked":"Shockwave","floor":35},{"not_picked":["Warcry","Flex+1"],"picked":"Battle Trance","floor":38},{"not_picked":["Shrug It Off+1","Searing Blow+1"],"picked":"Carnage","floor":39},{"not_picked":["Rampage","Whirlwind"],"picked":"Dual Wield+1","floor":40},{"not_picked":["Swift Strike","Discovery"],"picked":"Thinking Ahead","floor":42},{"not_picked":["Bandage Up","Jack Of All Trades"],"picked":"Transmutation","floor":42},{"not_picked":["Dramatic Entrance","Master of Strategy"],"picked":"Enlightenment","floor":42},{"not_picked":["Combust","Headbutt+1"],"picked":"Intimidate+1","floor":46}],"player_experience":26534,"relics_obtained":[{"floor":6,"key":"Bag of Marbles"},{"floor":9,"key":"Bird Faced Urn"},{"floor":12,"key":"Odd Mushroom"},{"floor":14,"key":"Bottled Lightning"},{"floor":23,"key":"Magic Flower"},{"floor":26,"key":"Darkstone Periapt"},{"floor":29,"key":"Enchiridion"},{"floor":30,"key":"Letter Opener"},{"floor":40,"key":"Nunchaku"},{"floor":43,"key":"Ginger"},{"floor":47,"key":"Unceasing Top"}],"event_choices":[{"damage_healed":0,"gold_gain":0,"player_choice":"Entered Light","damage_taken":14,"max_hp_gain":0,"max_hp_loss":0,"event_name":"Shining Light","floor":4,"gold_loss":0,"cards_upgraded":["Defend_R","Strike_R"]},{"damage_healed":0,"gold_gain":0,"player_choice":"Fought Mushrooms","damage_taken":0,"max_hp_gain":0,"max_hp_loss":0,"event_name":"Mushrooms","floor":12,"gold_loss":0},{"damage_healed":0,"gold_gain":0,"player_choice":"Ignored","damage_taken":0,"max_hp_gain":0,"max_hp_loss":0,"event_name":"NoteForYourself","floor":19,"gold_loss":0},{"damage_healed":0,"gold_gain":0,"player_choice":"Read","damage_taken":0,"max_hp_gain":0,"max_hp_loss":0,"event_name":"The Library","floor":25,"gold_loss":0,"cards_obtained":["Bludgeon"]},{"damage_healed":0,"gold_gain":0,"player_choice":"Shed Blood","damage_taken":18,"max_hp_gain":5,"max_hp_loss":0,"event_name":"Forgotten Altar","floor":28,"gold_loss":0},{"damage_healed":0,"gold_gain":0,"player_choice":"Obtained Book","damage_taken":16,"max_hp_gain":0,"max_hp_loss":0,"event_name":"Cursed Tome","floor":29,"gold_loss":0},{"cards_removed":["Defend_R"],"damage_healed":0,"gold_gain":0,"player_choice":"Removed Skill","damage_taken":0,"max_hp_gain":0,"max_hp_loss":0,"event_name":"Falling","floor":36,"gold_loss":0},{"damage_healed":0,"gold_gain":0,"player_choice":"Memory 3","damage_taken":10,"max_hp_gain":0,"max_hp_loss":0,"event_name":"SensoryStone","floor":42,"gold_loss":0},{"damage_healed":0,"gold_gain":0,"player_choice":"Fight","damage_taken":0,"max_hp_gain":0,"max_hp_loss":0,"event_name":"Mysterious Sphere","floor":47,"gold_loss":0},{"damage_healed":0,"gold_gain":0,"player_choice":"Bought 0 Potions","damage_taken":0,"max_hp_gain":0,"max_hp_loss":0,"event_name":"The Woman in Blue","floor":48,"gold_loss":0}],"is_beta":false,"boss_relics":[{"not_picked":["Runic Dome","Philosopher\u0027s Stone"],"picked":"Velvet Choker"},{"not_picked":["Coffee Dripper","Busted Crown"],"picked":"Tiny House"}],"items_purged_floors":[10],"is_endless":false,"potions_floor_spawned":[3,12,14,16,18,24,30,31,40,46,47],"ascension_level":0}