{"gold_per_floor":[17,17,17,36,49,92,92,115,115,115,190,190,203,203],"floor_reached":14,"playtime":465,"items_purged":[],"score":158,"play_id":"11aaebd3-d683-43ae-bc89-218e637b289c","local_time":"20190927153838","is_ascension_mode":true,"campfire_choices":[{"data":"Armaments","floor":7,"key":"SMITH"},{"data":"Thunderclap","floor":10,"key":"SMITH"}],"neow_cost":"NO_GOLD","seed_source_timestamp":262713247564835,"circlet_count":0,"master_deck":["AscendersBane","Strike_R","Strike_R","Strike_R","Strike_R","Strike_R","Defend_R","Defend_R","Defend_R","Defend_R","Bash","Havoc","Dual Wield","Cleave","Thunderclap+1","Havoc","Havoc","Armaments+1","Spot Weakness","Flame Barrier","Armaments","Shrug It Off"],"relics":["Burning Blood","Prayer Wheel","Golden Idol","Blood Vial","Gremlin Horn"],"potions_floor_usage":[6],"damage_taken":[{"damage":10,"enemies":"2 Louse","floor":1,"turns":3},{"damage":14,"enemies":"Jaw Worm","floor":4,"turns":5},{"damage":15,"enemies":"Small Slimes","floor":5,"turns":3},{"damage":51,"enemies":"Lagavulin","floor":6,"turns":7},{"damage":11,"enemies":"Looter","floor":8,"turns":5},{"damage":13,"enemies":"Blue Slaver","floor":13,"turns":4},{"damage":37,"enemies":"Gremlin Nob","floor":14,"turns":4}],"seed_played":"-2303404863266874010","potions_obtained":[{"floor":1,"key":"SpeedPotion"},{"floor":4,"key":"FairyPotion"}],"is_trial":false,"path_per_floor":["M","$","?","M","M","E","R","M","T","R","?","?","M","E"],"character_chosen":"IRONCLAD","items_purchased":[],"campfire_rested":0,"item_purchase_floors":[],"current_hp_per_floor":[64,64,64,56,47,26,26,23,23,23,12,34,29,0],"gold":203,"neow_bonus":"ONE_RARE_RELIC","is_prod":false,"is_daily":false,"chose_seed":false,"campfire_upgraded":2,"win_rate":0,"timestamp":1569591518,"path_taken":["M","$","?","M","M","E","R","M","T","R","?","?","M","E"],"build_version":"2019-09-26","purchased_purges":0,"victory":false,"max_hp_per_floor":[75,75,68,68,68,68,68,68,68,68,68,68,68,68],"card_choices":[{"not_picked":["Uppercut","Reckless Charge"],"picked":"Havoc","floor":1},{"not_picked":["Ghostly Armor","Dual Wield","Havoc"],"picked":"SKIP","floor":1},{"not_picked":["Ghostly Armor","Havoc"],"picked":"Dual Wield","floor":1},{"not_picked":["Warcry","Havoc"],"picked":"Cleave","floor":4},{"not_picked":["Bludgeon","Shockwave"],"picked":"Thunderclap","floor":4},{"not_picked":["Twin Strike","Warcry"],"picked":"Havoc","floor":5},{"not_picked":["Heavy Blade","Perfected Strike"],"picked":"Havoc","floor":5},{"not_picked":["Carnage","Corruption"],"picked":"Armaments","floor":6},{"not_picked":["Cleave","Clash"],"picked":"Spot Weakness","floor":8},{"not_picked":["Headbutt","Offering"],"picked":"Flame Barrier","floor":8},{"not_picked":["Rage","True Grit"],"picked":"Armaments","floor":13},{"not_picked":["Clash","Twin Strike"],"picked":"Shrug It Off","floor":13}],"player_experience":259197,"relics_obtained":[{"floor":6,"key":"Blood Vial"},{"floor":9,"key":"Gremlin Horn"}],"event_choices":[{"damage_healed":0,"gold_gain":0,"player_choice":"Lose Max HP","damage_taken":0,"relics_obtained":["Golden Idol"],"max_hp_gain":0,"max_hp_loss":7,"event_name":"Golden Idol","floor":3,"gold_loss":0},{"damage_healed":0,"gold_gain":75,"player_choice":"Gather Gold","damage_taken":11,"max_hp_gain":0,"max_hp_loss":0,"event_name":"World of Goop","floor":11,"gold_loss":0},{"damage_healed":22,"gold_gain":0,"player_choice":"Banana","damage_taken":0,"max_hp_gain":0,"max_hp_loss":0,"event_name":"Big Fish","floor":12,"gold_loss":0}],"is_beta":true,"boss_relics":[],"items_purged_floors":[],"is_endless":false,"potions_floor_spawned":[1,4],"killed_by":"Gremlin Nob","ascension_level":15}