{"gold_per_floor":[113,124,124,136,147,182,182,208,259,259,285,296,296,296,296,372,372,391,391,391,187,201,201,201,218,218,218,238,238,269,288,288,359,359,375,393,393,393,408,434,434,434,434,180,180,180,199,232,232,232],"floor_reached":51,"playtime":6081,"items_purged":[],"score":1437,"play_id":"fa3cbdfe-a62e-4e1c-93ce-0ea29d953cc0","local_time":"20190926042607","is_ascension_mode":true,"campfire_choices":[{"data":"Loop","floor":7.0,"key":"SMITH"},{"floor":10.0,"key":"REST"},{"data":"Go for the Eyes","floor":13.0,"key":"SMITH"},{"data":"Barrage","floor":15.0,"key":"SMITH"},{"floor":23.0,"key":"REST"},{"floor":27.0,"key":"REST"},{"floor":32.0,"key":"REST"},{"floor":41.0,"key":"REST"},{"data":"Glacier","floor":46.0,"key":"SMITH"},{"floor":49.0,"key":"REST"}],"neow_cost":"NONE","seed_source_timestamp":1485658252626456,"circlet_count":0,"master_deck":["AscendersBane","Strike_B+1","Strike_B+1","Strike_B+1","Defend_B+1","Defend_B+1","Defend_B+1","Defend_B+1","Zap","Dualcast","Loop+1","Ball Lightning","Biased Cognition","Rebound","Cold Snap","Glacier+1","Thunder Strike","Barrage+1","Go for the Eyes+1","Apotheosis+1","Hologram+1","Redo+1","Tempest+1","Reinforced Body+1","Coolheaded+1","Electrodynamics","Madness+1","Madness+1","Flash of Steel","Redo+1","Leap+1","Defragment"],"special_seed":0,"relics":["Cracked Core","Strawberry","Matryoshka","Toxic Egg 2","Pen Nib","Dodecahedron","Sozu","Smiling Mask","PreservedInsect","Lantern","Runic Pyramid","Peace Pipe","Sundial","Lee\u0027s Waffle","Mercury Hourglass"],"potions_floor_usage":[],"damage_taken":[{"damage":4.0,"enemies":"Small Slimes","floor":1.0,"turns":4.0},{"damage":1.0,"enemies":"Cultist","floor":2.0,"turns":3.0},{"damage":8.0,"enemies":"2 Louse","floor":4.0,"turns":2.0},{"damage":6.0,"enemies":"Looter","floor":5.0,"turns":3.0},{"damage":0.0,"enemies":"Lagavulin","floor":6.0,"turns":8.0},{"damage":40.0,"enemies":"3 Sentries","floor":8.0,"turns":7.0},{"damage":0.0,"enemies":"Gremlin Nob","floor":11.0,"turns":3.0},{"damage":11.0,"enemies":"Gremlin Gang","floor":12.0,"turns":5.0},{"damage":5.0,"enemies":"Hexaghost","floor":16.0,"turns":8.0},{"damage":3.0,"enemies":"Shell Parasite","floor":18.0,"turns":4.0},{"damage":8.0,"enemies":"3 Byrds","floor":22.0,"turns":5.0},{"damage":15.0,"enemies":"Centurion and Healer","floor":25.0,"turns":6.0},{"damage":14.0,"enemies":"Snecko","floor":28.0,"turns":6.0},{"damage":11.0,"enemies":"Slavers","floor":30.0,"turns":5.0},{"damage":0.0,"enemies":"Snake Plant","floor":31.0,"turns":3.0},{"damage":27.0,"enemies":"Champ","floor":33.0,"turns":10.0},{"damage":0.0,"enemies":"3 Shapes","floor":35.0,"turns":2.0},{"damage":7.0,"enemies":"Orb Walker","floor":36.0,"turns":4.0},{"damage":3.0,"enemies":"Maw","floor":39.0,"turns":6.0},{"damage":29.0,"enemies":"Giant Head","floor":40.0,"turns":7.0},{"damage":36.0,"enemies":"Transient","floor":47.0,"turns":6.0},{"damage":13.0,"enemies":"Nemesis","floor":48.0,"turns":5.0},{"damage":46,"enemies":"Time Eater","floor":50,"turns":9}],"seed_played":"282977252474579653","potions_obtained":[{"floor":2.0,"key":"Poison Potion"},{"floor":4.0,"key":"Weak Potion"},{"floor":8.0,"key":"FocusPotion"},{"floor":11.0,"key":"PowerPotion"},{"floor":16.0,"key":"Poison Potion"}],"is_trial":false,"path_per_floor":["M","M","?","M","M","E","R","E","T","R","E","M","R","?","R","B",null,"M","?","?","$","M","R","?","M","T","R","M","?","E","M","R","B",null,"M","M","?","?","M","E","R","?","T","$","?","R","M","E","R","B",null],"character_chosen":"DEFECT","items_purchased":["Apotheosis+1","Leap+1","Lee\u0027s Waffle"],"campfire_rested":6,"item_purchase_floors":[21,44,44],"current_hp_per_floor":[67,66,66,58,52,59,59,19,19,44,44,33,33,33,33,28,71,68,68,68,68,60,85,60,45,45,72,58,58,47,47,74,47,79,79,72,56,56,53,24,51,51,51,97,97,97,61,48,77,31],"gold":232,"neow_bonus":"TEN_PERCENT_HP_BONUS","is_prod":false,"is_daily":false,"chose_seed":false,"campfire_upgraded":4,"win_rate":0,"timestamp":1569486367,"path_taken":["M","M","?","M","?","E","R","E","T","R","E","M","R","?","R","BOSS","M","?","?","$","?","R","?","M","T","R","M","?","E","M","R","BOSS","M","M","?","?","M","E","R","?","T","$","?","R","M","E","R","BOSS"],"build_version":"2019-07-17","purchased_purges":0,"victory":true,"max_hp_per_floor":[78,78,78,78,78,85,85,85,85,85,85,85,85,85,85,85,85,85,85,85,85,85,85,90,90,90,90,90,90,90,90,90,90,90,90,90,90,90,90,90,90,90,90,97,97,97,97,97,97,97],"card_choices":[{"not_picked":["Coolheaded","Beam Cell"],"picked":"Loop","floor":1.0},{"not_picked":["Sweeping Beam","Cold Snap"],"picked":"Ball Lightning","floor":2.0},{"not_picked":["Coolheaded","Gash"],"picked":"Cold Snap","floor":4.0},{"not_picked":["Stack","Heatsinks"],"picked":"Glacier","floor":5.0},{"not_picked":["Sweeping Beam","Go for the Eyes","Stack"],"picked":"SKIP","floor":6.0},{"not_picked":["Leap","BootSequence"],"picked":"Thunder Strike","floor":8.0},{"not_picked":["Sunder","Doom and Gloom"],"picked":"Barrage","floor":11.0},{"not_picked":["Doom and Gloom","Melter"],"picked":"Go for the Eyes","floor":12.0},{"not_picked":["Stack+1","Sweeping Beam","Beam Cell"],"picked":"SKIP","floor":18.0},{"not_picked":["Barrage","Compile Driver"],"picked":"Hologram+1","floor":22.0},{"not_picked":["Amplify+1","Barrage"],"picked":"Redo+1","floor":25.0},{"not_picked":["Static Discharge","Turbo+1"],"picked":"Tempest+1","floor":28.0},{"not_picked":["Fusion+1","Ball Lightning"],"picked":"Reinforced Body+1","floor":30.0},{"not_picked":["Go for the Eyes","Leap+1"],"picked":"Coolheaded+1","floor":31.0},{"not_picked":["Fission+1","Multi-Cast+1"],"picked":"Electrodynamics","floor":33.0},{"not_picked":["Stack+1","Sweeping Beam+1","Steam Power+1"],"picked":"SKIP","floor":35.0},{"not_picked":["Skim+1","Beam Cell","Doom and Gloom"],"picked":"SKIP","floor":36.0},{"not_picked":["Discovery+1","Master of Strategy+1"],"picked":"Flash of Steel","floor":38.0},{"not_picked":["Ball Lightning","Barrage+1"],"picked":"Redo+1","floor":39.0},{"not_picked":["Multi-Cast+1","Cold Snap","Darkness+1"],"picked":"SKIP","floor":40.0},{"not_picked":["Compile Driver","Beam Cell","Force Field+1"],"picked":"SKIP","floor":47.0},{"not_picked":["Undo+1","Reprogram+1"],"picked":"Defragment","floor":48.0}],"player_experience":429465,"relics_obtained":[{"floor":6.0,"key":"Strawberry"},{"floor":8.0,"key":"Matryoshka"},{"floor":9.0,"key":"Toxic Egg 2"},{"floor":9.0,"key":"Pen Nib"},{"floor":11.0,"key":"Dodecahedron"},{"floor":26.0,"key":"Smiling Mask"},{"floor":26.0,"key":"PreservedInsect"},{"floor":30.0,"key":"Lantern"},{"floor":40.0,"key":"Peace Pipe"},{"floor":43.0,"key":"Sundial"},{"floor":48.0,"key":"Mercury Hourglass"}],"event_choices":[{"damage_healed":0.0,"max_hp_gain":0.0,"max_hp_loss":0.0,"gold_gain":0.0,"event_name":"Match and Keep!","player_choice":"3 cards matched","floor":3.0,"gold_loss":0.0,"damage_taken":0.0,"cards_obtained":["Capacitor","Biased Cognition","Rebound"]},{"damage_healed":0.0,"max_hp_gain":0.0,"max_hp_loss":0.0,"gold_gain":0.0,"event_name":"Match and Keep!","player_choice":"3 cards matched","floor":3.0,"gold_loss":0.0,"damage_taken":0.0,"cards_obtained":["Capacitor","Biased Cognition","Rebound"]},{"damage_healed":0.0,"max_hp_gain":0.0,"max_hp_loss":0.0,"gold_gain":0.0,"event_name":"Shining Light","player_choice":"Ignored","floor":14.0,"gold_loss":0.0,"damage_taken":0.0},{"damage_healed":0.0,"max_hp_gain":0.0,"max_hp_loss":0.0,"gold_gain":0.0,"event_name":"Back to Basics","player_choice":"Simplicity","floor":19.0,"gold_loss":0.0,"damage_taken":0.0,"cards_upgraded":["Strike_B","Strike_B","Strike_B","Strike_B","Defend_B","Defend_B","Defend_B","Defend_B"]},{"cards_removed":["Strike_B"],"damage_healed":0.0,"max_hp_gain":0.0,"max_hp_loss":0.0,"gold_gain":0.0,"event_name":"Purifier","player_choice":"Purged","floor":20.0,"gold_loss":0.0,"damage_taken":0.0},{"damage_healed":0.0,"max_hp_gain":5.0,"max_hp_loss":0.0,"gold_gain":0.0,"event_name":"Forgotten Altar","player_choice":"Shed Blood","floor":24.0,"gold_loss":0.0,"damage_taken":30.0},{"damage_healed":0.0,"max_hp_gain":0.0,"max_hp_loss":0.0,"gold_gain":0.0,"event_name":"Beggar","player_choice":"Ignored","floor":29.0,"gold_loss":0.0,"damage_taken":0.0},{"damage_healed":0.0,"max_hp_gain":0.0,"max_hp_loss":0.0,"gold_gain":0.0,"event_name":"Winding Halls","player_choice":"Embrace Madness","floor":37.0,"gold_loss":0.0,"damage_taken":16.0,"cards_obtained":["Madness","Madness"]},{"damage_healed":0.0,"max_hp_gain":0.0,"max_hp_loss":0.0,"gold_gain":0.0,"event_name":"SensoryStone","player_choice":"Memory 1","floor":38.0,"gold_loss":0.0,"damage_taken":0.0},{"damage_healed":0.0,"max_hp_gain":0.0,"max_hp_loss":0.0,"gold_gain":0.0,"event_name":"Mysterious Sphere","player_choice":"Ignored","floor":42.0,"gold_loss":0.0,"damage_taken":0.0},{"cards_removed":["Capacitor"],"damage_healed":0.0,"max_hp_gain":0.0,"max_hp_loss":0.0,"gold_gain":0.0,"event_name":"Falling","player_choice":"Removed Power","floor":45.0,"gold_loss":0.0,"damage_taken":0.0}],"is_beta":false,"boss_relics":[{"not_picked":["Busted Crown","Coffee Dripper"],"picked":"Sozu"},{"not_picked":["Eternal Feather","Lizard Tail"],"picked":"Runic Pyramid"}],"items_purged_floors":[],"is_endless":false,"potions_floor_spawned":[2,4,8,11,16,18,33,35,39,40,47],"ascension_level":18}