{"gold_per_floor":[116,132,147,147,157,157,187,262,262,272,289,323,323,335,335,409,409,426,441,441,452,468,468,484,484],"floor_reached":25,"playtime":3340,"items_purged":[],"score":427,"play_id":"e2d9ad90-6a0d-47f6-975b-924592d252ef","local_time":"20190927030318","is_ascension_mode":true,"campfire_choices":[{"data":"Ball Lightning","floor":6.0,"key":"SMITH"},{"data":"Go for the Eyes","floor":15.0,"key":"SMITH"},{"floor":23,"key":"REST"}],"neow_cost":"NONE","seed_source_timestamp":0,"circlet_count":0,"master_deck":["AscendersBane","Strike_B","Strike_B","Defend_B","Defend_B","Defend_B","Defend_B","Zap","Dualcast","Rebound","Chill","Reinforced Body","Conserve Battery","Ball Lightning+1","Rainbow","Recycle","Glacier","Go for the Eyes+1","Multi-Cast","Cold Snap","Writhe","Self Repair","Leap+1","Hologram+1"],"special_seed":0,"relics":["Cracked Core","Thread and Needle","Sundial","Meat on the Bone","Inserter","Cables"],"potions_floor_usage":[24,25],"damage_taken":[{"damage":2.0,"enemies":"Jaw Worm","floor":1.0,"turns":3.0},{"damage":0.0,"enemies":"Cultist","floor":2.0,"turns":3.0},{"damage":0.0,"enemies":"Small Slimes","floor":3.0,"turns":5.0},{"damage":5.0,"enemies":"Red Slaver","floor":5.0,"turns":4.0},{"damage":13.0,"enemies":"3 Sentries","floor":7.0,"turns":5.0},{"damage":4.0,"enemies":"Blue Slaver","floor":10.0,"turns":3.0},{"damage":5.0,"enemies":"Exordium Wildlife","floor":11.0,"turns":3.0},{"damage":2.0,"enemies":"Lagavulin","floor":12.0,"turns":7.0},{"damage":0.0,"enemies":"2 Fungi Beasts","floor":14.0,"turns":3.0},{"damage":13.0,"enemies":"Hexaghost","floor":16.0,"turns":12.0},{"damage":1.0,"enemies":"Shell Parasite","floor":18.0,"turns":8.0},{"damage":11.0,"enemies":"2 Thieves","floor":19.0,"turns":3.0},{"damage":26,"enemies":"3 Cultists","floor":21,"turns":9},{"damage":25,"enemies":"Snake Plant","floor":22,"turns":7},{"damage":0,"enemies":"Snecko","floor":24,"turns":8},{"damage":75,"enemies":"Slavers","floor":25,"turns":5}],"seed_played":"3580223073553864776","potions_obtained":[{"floor":1.0,"key":"Weak Potion"},{"floor":3.0,"key":"EntropicBrew"},{"floor":11.0,"key":"Block Potion"},{"floor":12.0,"key":"Dexterity Potion"},{"floor":16.0,"key":"Fire Potion"},{"floor":21,"key":"AttackPotion"},{"floor":24,"key":"FearPotion"}],"is_trial":false,"path_per_floor":["M","M","M","?","M","R","E","?","T","M","M","E","?","M","R","B",null,"M","M","?","M","M","R","M","E"],"character_chosen":"DEFECT","items_purchased":[],"campfire_rested":1,"item_purchase_floors":[],"current_hp_per_floor":[62,62,62,62,57,57,44,33,33,29,33,31,31,43,43,42,64,63,52,52,38,32,53,60,0],"gold":484,"neow_bonus":"THREE_CARDS","is_prod":false,"is_daily":false,"chose_seed":false,"campfire_upgraded":2,"win_rate":0,"timestamp":1569567798,"path_taken":["M","M","M","?","?","R","E","?","T","M","M","E","?","?","R","BOSS","M","M","?","M","M","R","M","E"],"build_version":"2019-07-17","purchased_purges":0,"victory":false,"max_hp_per_floor":[71,71,71,71,71,71,71,71,71,71,71,71,71,71,71,71,71,71,71,71,71,71,71,71,71],"card_choices":[{"not_picked":["Redo","Turbo"],"picked":"Rebound","floor":0.0},{"not_picked":["Doom and Gloom","Auto Shields"],"picked":"Chill","floor":1.0},{"not_picked":["Turbo","Defragment"],"picked":"Reinforced Body","floor":2.0},{"not_picked":["Rip and Tear","Blizzard"],"picked":"Conserve Battery","floor":3.0},{"not_picked":["Gash","Heatsinks"],"picked":"Ball Lightning","floor":5.0},{"not_picked":["Rebound","Beam Cell"],"picked":"Rainbow","floor":7.0},{"not_picked":["Leap","Loop"],"picked":"Recycle","floor":10.0},{"not_picked":["Leap","White Noise"],"picked":"Glacier","floor":11.0},{"not_picked":["Steam","Beam Cell","Blizzard"],"picked":"SKIP","floor":12.0},{"not_picked":["Rebound","Ball Lightning","Streamline"],"picked":"SKIP","floor":14.0},{"not_picked":["Creative AI","Buffer"],"picked":"Multi-Cast","floor":16.0},{"not_picked":["Ball Lightning","Rebound","Beam Cell"],"picked":"SKIP","floor":18.0},{"not_picked":["Double Energy","Go for the Eyes"],"picked":"Cold Snap","floor":19.0},{"not_picked":["Beam Cell","Leap"],"picked":"Self Repair","floor":21},{"not_picked":["Doom and Gloom","Darkness"],"picked":"Leap+1","floor":22},{"not_picked":["Steam","Turbo"],"picked":"Hologram+1","floor":24}],"player_experience":459620,"relics_obtained":[{"floor":7.0,"key":"Thread and Needle"},{"floor":9.0,"key":"Sundial"},{"floor":12.0,"key":"Meat on the Bone"}],"event_choices":[{"cards_removed":["Strike_B"],"damage_healed":0.0,"max_hp_gain":0.0,"max_hp_loss":0.0,"gold_gain":0.0,"event_name":"Purifier","player_choice":"Purged","floor":4.0,"gold_loss":0.0,"damage_taken":0.0},{"damage_healed":0.0,"max_hp_gain":0.0,"max_hp_loss":0.0,"gold_gain":75.0,"event_name":"World of Goop","player_choice":"Gather Gold","floor":8.0,"gold_loss":0.0,"damage_taken":11.0},{"damage_healed":0.0,"max_hp_gain":0.0,"max_hp_loss":0.0,"gold_gain":0.0,"cards_transformed":["Strike_B"],"event_name":"Transmorgrifier","player_choice":"Transformed","floor":13.0,"gold_loss":0.0,"damage_taken":0.0,"cards_obtained":["Go for the Eyes"]},{"damage_healed":0.0,"max_hp_gain":0.0,"max_hp_loss":0.0,"gold_gain":0.0,"event_name":"The Mausoleum","player_choice":"Opened","floor":20.0,"gold_loss":0.0,"damage_taken":0.0,"relics_obtained":["Cables"],"cards_obtained":["Writhe"]}],"is_beta":false,"boss_relics":[{"not_picked":["Coffee Dripper","FrozenCore"],"picked":"Inserter"}],"items_purged_floors":[],"is_endless":false,"potions_floor_spawned":[1,3,11,12,16,21,24],"killed_by":"Slavers","ascension_level":19}