{"gold_per_floor":[122,134,159,96,171,171,184,184,207,242,258,258,274,290,290,366,366,380,380,390,402,402],"floor_reached":22,"playtime":1997,"items_purged":["Injury"],"score":357,"play_id":"cb2ece1d-2416-4bb6-ac4c-b6e969d622a5","local_time":"20190926014046","is_ascension_mode":true,"campfire_choices":[{"floor":6.0,"key":"REST"},{"data":"Go for the Eyes","floor":8.0,"key":"SMITH"},{"floor":12.0,"key":"REST"},{"data":"Capacitor","floor":15.0,"key":"SMITH"}],"neow_cost":"NONE","seed_source_timestamp":1480644066696806,"circlet_count":0,"master_deck":["AscendersBane","Strike_B","Strike_B","Strike_B+1","Strike_B","Defend_B","Defend_B","Defend_B+1","Defend_B","Zap","Dualcast","Parasite","Injury","FTL","Go for the Eyes+1","Chill","Sunder+1","White Noise","Capacitor+1","Echo Form","Streamline+1","Multi-Cast","Coolheaded"],"special_seed":0,"relics":["Calling Bell","MawBank","Singing Bowl","Nunchaku","Orichalcum","Molten Egg 2","Runic Dome"],"potions_floor_usage":[22],"damage_taken":[{"damage":9.0,"enemies":"2 Louse","floor":1.0,"turns":4.0},{"damage":7.0,"enemies":"Small Slimes","floor":3.0,"turns":4.0},{"damage":0.0,"enemies":"Jaw Worm","floor":7.0,"turns":3.0},{"damage":25.0,"enemies":"Lagavulin","floor":10.0,"turns":8.0},{"damage":0.0,"enemies":"Gremlin Gang","floor":11.0,"turns":2.0},{"damage":1.0,"enemies":"Exordium Wildlife","floor":13.0,"turns":3.0},{"damage":0.0,"enemies":"Red Slaver","floor":14.0,"turns":2.0},{"damage":23.0,"enemies":"The Guardian","floor":16.0,"turns":13.0},{"damage":17.0,"enemies":"3 Byrds","floor":18.0,"turns":7.0},{"damage":10.0,"enemies":"Chosen","floor":20.0,"turns":5.0},{"damage":7.0,"enemies":"Snecko","floor":21.0,"turns":4.0},{"damage":32,"enemies":"Shelled Parasite and Fungi","floor":22,"turns":2}],"seed_played":"5875618171771900599","potions_obtained":[{"floor":3.0,"key":"GamblersBrew"},{"floor":7.0,"key":"Explosive Potion"},{"floor":11.0,"key":"AttackPotion"},{"floor":13.0,"key":"FearPotion"},{"floor":20.0,"key":"Dexterity Potion"},{"floor":21.0,"key":"SkillPotion"}],"is_trial":false,"path_per_floor":["M","?","M","$","?","R","M","R","T","E","M","R","M","M","R","B",null,"M","?","M","M","M"],"character_chosen":"DEFECT","items_purchased":[],"campfire_rested":2,"item_purchase_floors":[],"current_hp_per_floor":[55,34,29,29,18,39,39,39,39,14,14,35,34,34,34,11,58,41,41,31,26,0],"gold":402,"neow_bonus":"BOSS_RELIC","is_prod":false,"is_daily":false,"chose_seed":false,"campfire_upgraded":2,"win_rate":0,"timestamp":1569476446,"path_taken":["M","?","M","$","?","R","M","R","T","E","M","R","M","M","R","BOSS","M","?","?","M","M"],"build_version":"2019-07-17","purchased_purges":1,"victory":false,"max_hp_per_floor":[71,71,73,73,73,73,73,73,73,73,73,73,73,73,73,73,73,73,73,73,75,75],"card_choices":[{"not_picked":["Tempest","Redo"],"picked":"FTL","floor":1.0},{"not_picked":["Auto Shields","Rip and Tear","Rebound"],"picked":"Singing Bowl","floor":3.0},{"not_picked":["Hologram","Barrage"],"picked":"Go for the Eyes","floor":7.0},{"not_picked":["Blizzard","Amplify"],"picked":"Chill","floor":10.0},{"not_picked":["Cold Snap+1","Go for the Eyes+1"],"picked":"Sunder+1","floor":11.0},{"not_picked":["Sweeping Beam+1","Aggregate"],"picked":"White Noise","floor":13.0},{"not_picked":["Leap","Force Field"],"picked":"Capacitor","floor":14.0},{"not_picked":["Hyperbeam+1","Fission"],"picked":"Echo Form","floor":16.0},{"not_picked":["Barrage+1","Skim"],"picked":"Streamline+1","floor":18.0},{"not_picked":["Undo","Tempest"],"picked":"Coolheaded","floor":20.0},{"not_picked":["Fusion","Hello World+1","Lockon+1"],"picked":"Singing Bowl","floor":21.0}],"player_experience":425641,"relics_obtained":[{"floor":0.0,"key":"MawBank"},{"floor":0.0,"key":"Singing Bowl"},{"floor":0.0,"key":"Nunchaku"},{"floor":9.0,"key":"Orichalcum"},{"floor":10.0,"key":"Molten Egg 2"}],"event_choices":[{"damage_healed":0.0,"max_hp_gain":0.0,"max_hp_loss":0.0,"gold_gain":0.0,"event_name":"Shining Light","player_choice":"Entered Light","floor":2.0,"gold_loss":0.0,"damage_taken":21.0,"cards_upgraded":["Defend_B","Strike_B"]},{"damage_healed":0.0,"max_hp_gain":0.0,"max_hp_loss":0.0,"gold_gain":75.0,"event_name":"World of Goop","player_choice":"Gather Gold","floor":5.0,"gold_loss":0.0,"damage_taken":11.0},{"damage_healed":0.0,"max_hp_gain":0.0,"max_hp_loss":0.0,"gold_gain":0.0,"event_name":"Match and Keep!","player_choice":"1 cards matched","floor":19.0,"gold_loss":0.0,"damage_taken":0.0,"cards_obtained":["Multi-Cast"]}],"is_beta":false,"boss_relics":[{"not_picked":["Coffee Dripper","Philosopher\u0027s Stone"],"picked":"Runic Dome"}],"items_purged_floors":[4],"is_endless":false,"potions_floor_spawned":[3,7,11,13,20,21],"killed_by":"Shelled Parasite and Fungi","ascension_level":18}