{"gold_per_floor":[109,109,126,137,156,186,186,213,213,213,247,247,276,107,107,206,206,225,225,245,245,260,289,289,323,402,418,43,43,71,21,21,116,166,180,250,87,100,100,131,166,186,212,212,243,269,269,1,1,1],"floor_reached":51,"playtime":6345,"items_purged":["Strike_G","Strike_G","Strike_G","Defend_G","Envenom"],"score":1040,"play_id":"383a6e15-a7e0-40c8-9330-0c191dc3c82c","local_time":"20190820072225","is_ascension_mode":true,"campfire_choices":[{"floor":7.0,"key":"REST"},{"floor":10.0,"key":"REST"},{"data":"Backflip","floor":12.0,"key":"SMITH"},{"data":"Footwork","floor":15.0,"key":"SMITH"},{"data":"Noxious Fumes","floor":24.0,"key":"SMITH"},{"data":"Catalyst","floor":29.0,"key":"SMITH"},{"data":"Footwork","floor":32.0,"key":"SMITH"},{"data":"Deadly Poison","floor":44,"key":"SMITH"},{"data":"Footwork","floor":49,"key":"SMITH"}],"neow_cost":"NONE","seed_source_timestamp":0,"circlet_count":0,"master_deck":["Strike_G","Defend_G","Defend_G+1","Defend_G","Defend_G","Survivor","Neutralize+1","Catalyst+1","Backstab","Noxious Fumes+1","Deadly Poison+1","Backflip+1","Prepared","Backflip","Footwork+1","Deflect+1","Footwork+1","Masterful Stab","Backflip","Adrenaline+1","Escape Plan","Finesse","Burst","Acrobatics","Deadly Poison+1","Escape Plan","Finesse","Footwork+1"],"special_seed":0,"relics":["Ring of the Snake","Happy Flower","WingedGreaves","Bronze Scales","Ancient Tea Set","Dodecahedron","Oddly Smooth Stone","White Beast Statue","Enchiridion","Incense Burner","Bag of Marbles","Mummified Hand","Anchor","Smiling Mask","Tiny House","Pear","Tiny Chest","Vajra","PreservedInsect","Juzu Bracelet","Strawberry","Snake Skull","War Paint"],"potions_floor_usage":[],"damage_taken":[{"damage":0.0,"enemies":"2 Louse","floor":1.0,"turns":3.0},{"damage":0.0,"enemies":"Cultist","floor":3.0,"turns":4.0},{"damage":0.0,"enemies":"Jaw Worm","floor":4.0,"turns":5.0},{"damage":4.0,"enemies":"Red Slaver","floor":5.0,"turns":4.0},{"damage":37.0,"enemies":"Lagavulin","floor":6.0,"turns":14.0},{"damage":51.0,"enemies":"Gremlin Nob","floor":8.0,"turns":6.0},{"damage":13.0,"enemies":"3 Sentries","floor":11.0,"turns":7.0},{"damage":10.0,"enemies":"Lagavulin","floor":13.0,"turns":6.0},{"damage":2.0,"enemies":"The Guardian","floor":16.0,"turns":9.0},{"damage":0.0,"enemies":"3 Byrds","floor":18.0,"turns":3.0},{"damage":0.0,"enemies":"Shell Parasite","floor":20.0,"turns":5.0},{"damage":3.0,"enemies":"Snake Plant","floor":22.0,"turns":4.0},{"damage":9.0,"enemies":"Book of Stabbing","floor":23.0,"turns":6.0},{"damage":20.0,"enemies":"Slavers","floor":25.0,"turns":6.0},{"damage":0.0,"enemies":"Chosen and Byrds","floor":27.0,"turns":3.0},{"damage":0.0,"enemies":"Gremlin Leader","floor":30.0,"turns":4.0},{"damage":0.0,"enemies":"Automaton","floor":33.0,"turns":8.0},{"damage":0,"enemies":"Orb Walker","floor":35,"turns":3},{"damage":0,"enemies":"3 Shapes","floor":38,"turns":4},{"damage":0,"enemies":"Nemesis","floor":40,"turns":7},{"damage":11,"enemies":"Reptomancer","floor":41,"turns":6},{"damage":0,"enemies":"Spire Growth","floor":42,"turns":4},{"damage":0,"enemies":"Nemesis","floor":45,"turns":6},{"damage":0,"enemies":"Donu and Deca","floor":50,"turns":8}],"seed_played":"-5058680702665174327","potions_obtained":[{"floor":1.0,"key":"FairyPotion"},{"floor":6.0,"key":"Regen Potion"},{"floor":8.0,"key":"Regen Potion"},{"floor":11.0,"key":"SkillPotion"},{"floor":16.0,"key":"Regen Potion"},{"floor":18.0,"key":"Strength Potion"},{"floor":20.0,"key":"Block Potion"},{"floor":22.0,"key":"SpeedPotion"},{"floor":23.0,"key":"Strength Potion"},{"floor":30.0,"key":"Poison Potion"},{"floor":33.0,"key":"Dexterity Potion"}],"is_trial":false,"path_per_floor":["M","?","M","M","M","E","R","E","T","R","E","R","E","$","R","B",null,"M","?","M","?","M","E","R","E","T","M","$","R","E","$","R","B",null,"M","T","$","M","?","E","E","M","T","R","E","T","?","$","R","B",null],"character_chosen":"THE_SILENT","items_purchased":["Backflip","Footwork","Anchor","Escape Plan","Finesse","Tiny Chest","War Paint","Footwork"],"campfire_rested":2,"item_purchase_floors":[14,14,28,28,28,37,48,48],"current_hp_per_floor":[70,70,70,70,66,29,50,7,7,28,30,30,20,20,20,18,70,70,54,54,54,60,66,66,46,46,46,46,46,46,46,46,46,75,75,85,85,85,85,85,74,74,74,74,81,81,81,81,81,81],"gold":1,"neow_bonus":"RANDOM_COMMON_RELIC","is_prod":false,"is_daily":false,"chose_seed":false,"campfire_upgraded":7,"win_rate":0,"timestamp":1566278545,"path_taken":["M","?","?","M","M","E","R","E","T","R","E","R","E","$","R","BOSS","M","?","M","?","M","E","R","E","T","M","$","R","E","$","R","BOSS","M","?","$","M","?","E","E","M","T","R","E","?","?","$","R","BOSS"],"build_version":"2019-07-17","purchased_purges":5,"victory":true,"max_hp_per_floor":[70,70,70,70,70,70,70,70,70,70,70,70,70,70,70,70,70,70,70,70,70,70,70,70,70,70,70,70,70,70,70,70,70,75,75,85,85,85,85,85,85,85,85,85,92,92,92,92,92,92],"card_choices":[{"not_picked":["Heel Hook","Flechettes","PiercingWail"],"picked":"SKIP","floor":1.0},{"not_picked":["Deflect","Distraction"],"picked":"Catalyst","floor":3.0},{"not_picked":["PiercingWail","Flying Knee"],"picked":"Backstab","floor":4.0},{"not_picked":["Blade Dance","Well Laid Plans","Dagger Throw"],"picked":"SKIP","floor":5.0},{"not_picked":["Reflex","Escape Plan"],"picked":"Noxious Fumes","floor":6.0},{"not_picked":["Tactician","Distraction"],"picked":"Deadly Poison","floor":8.0},{"not_picked":["Blur","Night Terror"],"picked":"Backflip","floor":11.0},{"not_picked":["Finisher","Unload"],"picked":"Prepared","floor":13.0},{"not_picked":["Bullet Time","Doppelganger"],"picked":"Envenom","floor":16.0},{"not_picked":["Dodge and Roll","Bane"],"picked":"Deflect","floor":18.0},{"not_picked":["Underhanded Strike+1","Endless Agony"],"picked":"Footwork","floor":20.0},{"not_picked":["Dash","Caltrops"],"picked":"Backflip","floor":22.0},{"not_picked":["Choke","All Out Attack","Dash+1"],"picked":"SKIP","floor":23.0},{"not_picked":["Flechettes+1","Dagger Throw"],"picked":"Adrenaline","floor":25.0},{"not_picked":["Dodge and Roll","Leg Sweep","Choke"],"picked":"SKIP","floor":27.0},{"not_picked":["All Out Attack","Well Laid Plans"],"picked":"Burst","floor":30.0},{"not_picked":["Leg Sweep","Flying Knee","Reflex"],"picked":"SKIP","floor":35},{"not_picked":["Distraction","Escape Plan+1"],"picked":"Acrobatics","floor":38},{"not_picked":["Reflex","Bullet Time","Choke"],"picked":"SKIP","floor":40},{"not_picked":["Unload","Finisher"],"picked":"Deadly Poison+1","floor":41},{"not_picked":["Poisoned Stab","Bane+1","Flying Knee"],"picked":"SKIP","floor":42},{"not_picked":["Envenom","Slice"],"picked":"Escape Plan","floor":45},{"not_picked":["Forethought","Mind Blast"],"picked":"Finesse","floor":47}],"player_experience":24658,"relics_obtained":[{"floor":6.0,"key":"WingedGreaves"},{"floor":8.0,"key":"Bronze Scales"},{"floor":9.0,"key":"Ancient Tea Set"},{"floor":11.0,"key":"Dodecahedron"},{"floor":13.0,"key":"Oddly Smooth Stone"},{"floor":19.0,"key":"Enchiridion"},{"floor":23.0,"key":"Incense Burner"},{"floor":25.0,"key":"Bag of Marbles"},{"floor":26.0,"key":"Mummified Hand"},{"floor":30.0,"key":"Smiling Mask"},{"floor":36,"key":"Pear"},{"floor":40,"key":"Vajra"},{"floor":41,"key":"PreservedInsect"},{"floor":43,"key":"Juzu Bracelet"},{"floor":45,"key":"Strawberry"},{"floor":46,"key":"Snake Skull"}],"event_choices":[{"damage_healed":0.0,"max_hp_gain":0.0,"max_hp_loss":0.0,"gold_gain":0.0,"event_name":"Upgrade Shrine","player_choice":"Upgraded","floor":2.0,"gold_loss":0.0,"damage_taken":0.0,"cards_upgraded":["Neutralize"]},{"damage_healed":0.0,"max_hp_gain":0.0,"max_hp_loss":0.0,"gold_gain":0.0,"event_name":"Cursed Tome","player_choice":"Obtained Book","floor":19.0,"gold_loss":0.0,"damage_taken":16.0},{"damage_healed":0.0,"max_hp_gain":0.0,"max_hp_loss":0.0,"gold_gain":0.0,"cards_transformed":["Strike_G"],"event_name":"Transmorgrifier","player_choice":"Transformed","floor":21.0,"gold_loss":0.0,"damage_taken":0.0,"cards_obtained":["Masterful Stab"]},{"damage_healed":0,"gold_gain":0,"player_choice":"Ignored","damage_taken":0,"max_hp_gain":0,"max_hp_loss":0,"event_name":"Tomb of Lord Red Mask","floor":39,"gold_loss":0},{"damage_healed":0,"gold_gain":0,"player_choice":"Memory 1","damage_taken":0,"max_hp_gain":0,"max_hp_loss":0,"event_name":"SensoryStone","floor":47,"gold_loss":0}],"is_beta":false,"boss_relics":[{"not_picked":["HoveringKite","Runic Dome"],"picked":"White Beast Statue"},{"not_picked":["Eternal Feather","Fusion Hammer"],"picked":"Tiny House"}],"items_purged_floors":[14,28,31,37,48],"is_endless":false,"potions_floor_spawned":[1,6,8,11,16,18,20,22,23,25,27,30,33,35,38,40,41,42,45],"ascension_level":1}