{"gold_per_floor":[18,18,93,93,113,148,148,148,160,210,222,234,3,28,28,154,154,179,200,213,69,85,129,145,159,207,207,247,247,247,261,261,389,452,472,805,805,816,56,56,81,32,32,48,48,97,97,115,115,115,115,115,42,70,70],"floor_reached":55,"playtime":4760,"items_purged":["Regret","Injury"],"score":905,"play_id":"aae025fe-8917-45d1-b00a-6423c9525e8b","local_time":"20190722111542","is_ascension_mode":true,"campfire_choices":[{"data":"Glacier","floor":7.0,"key":"SMITH"},{"data":"Barrage","floor":15,"key":"SMITH"},{"floor":29,"key":"RECALL"},{"data":"Amplify","floor":32,"key":"SMITH"},{"data":"Glacier","floor":40,"key":"SMITH"},{"data":"1","floor":45,"key":"LIFT"},{"floor":47,"key":"DIG"},{"floor":49,"key":"DIG"},{"data":"2","floor":52,"key":"LIFT"}],"neow_cost":"NO_GOLD","seed_source_timestamp":0,"circlet_count":0,"master_deck":["Strike_B","Strike_B","Strike_B","Defend_B","Defend_B","Zap","Dualcast","Ball Lightning","FTL","Glacier+1","Barrage+1","Amplify+1","Loop+1","Defragment+1","Electrodynamics+1","Gash+1","Cold Snap","Lockon+1","Self Repair+1","Defragment+1","FTL+1","Cold Snap","Capacitor+1","Turbo","Scrape","Redo+1","Machine Learning+1","Go for the Eyes","Cold Snap+1","Trip","Beam Cell+1","Glacier+1","Defragment+1","Consume+1","Echo Form+1","Parasite","Cold Snap","Defragment+1"],"special_seed":0,"relics":["Cracked Core","Torii","MawBank","Strawberry","Frozen Egg 2","PreservedInsect","Blood Vial","Coffee Dripper","Gremlin Horn","MutagenicStrength","Ancient Tea Set","Tiny House","TheAbacus","Boot","Orichalcum","Dream Catcher","Girya","Shovel","Potion Belt","Lantern","Pocketwatch"],"potions_floor_usage":[18,22,24,28,28,41,41,44,46,48,54,55],"damage_taken":[{"damage":0.0,"enemies":"Small Slimes","floor":1.0,"turns":2.0},{"damage":6.0,"enemies":"Jaw Worm","floor":5.0,"turns":2.0},{"damage":5.0,"enemies":"Gremlin Nob","floor":6.0,"turns":3.0},{"damage":4.0,"enemies":"Lagavulin","floor":10.0,"turns":5.0},{"damage":10.0,"enemies":"2 Louse","floor":14.0,"turns":2.0},{"damage":29,"enemies":"Hexaghost","floor":16,"turns":9},{"damage":6,"enemies":"3 Byrds","floor":18,"turns":3},{"damage":8,"enemies":"Shell Parasite","floor":19,"turns":4},{"damage":16,"enemies":"Shelled Parasite and Fungi","floor":20,"turns":6},{"damage":15,"enemies":"Snake Plant","floor":22,"turns":3},{"damage":26,"enemies":"Slavers","floor":23,"turns":2},{"damage":0,"enemies":"Centurion and Healer","floor":24,"turns":3},{"damage":1,"enemies":"Cultist and Chosen","floor":25,"turns":3},{"damage":0,"enemies":"Gremlin Leader","floor":28,"turns":4},{"damage":8,"enemies":"Shelled Parasite and Fungi","floor":31,"turns":3},{"damage":19,"enemies":"Automaton","floor":33,"turns":7},{"damage":35,"enemies":"3 Darklings","floor":35,"turns":5},{"damage":44,"enemies":"3 Shapes","floor":38,"turns":4},{"damage":0,"enemies":"Giant Head","floor":41,"turns":6},{"damage":16,"enemies":"Spire Growth","floor":44,"turns":3},{"damage":40,"enemies":"2 Orb Walkers","floor":46,"turns":3},{"damage":18,"enemies":"Writhing Mass","floor":48,"turns":4},{"damage":26,"enemies":"Time Eater","floor":50,"turns":11},{"damage":39,"enemies":"Shield and Spear","floor":54,"turns":6},{"damage":64,"enemies":"The Heart","floor":55,"turns":3}],"seed_played":"-3552200293498798501","potions_obtained":[{"floor":5.0,"key":"SkillPotion"},{"floor":14.0,"key":"Energy Potion"},{"floor":16,"key":"SneckoOil"},{"floor":20,"key":"Energy Potion"},{"floor":23,"key":"Block Potion"},{"floor":24,"key":"Fire Potion"},{"floor":34,"key":"Regen Potion"},{"floor":41,"key":"Swift Potion"},{"floor":46,"key":"PowerPotion"}],"is_trial":false,"path_per_floor":["M","?","?","?","M","E","R","?","T","E","T","?","$","M","R","B",null,"M","M","M","$","M","E","M","M","T","?","E","R","?","M","R","B",null,"M","?","?","M","$","R","E","$","T","M","R","?","R","M","R","B",null,"R","$","E","B"],"character_chosen":"DEFECT","items_purchased":["Loop+1","Blood Vial","Dexterity Potion","Self Repair+1","Glacier","TheAbacus","Boot","Orichalcum","EssenceOfSteel","Energy Potion","FocusPotion"],"campfire_rested":0,"item_purchase_floors":[13,13,13,21,39,39,39,39,39,42,53],"current_hp_per_floor":[89,89,78,71,65,60,60,60,67,63,63,63,63,55,55,28,96,90,84,70,70,67,43,55,76,76,76,88,88,88,92,92,75,101,76,76,76,44,44,44,71,71,71,67,67,49,49,33,33,9,101,101,101,62,0],"gold":70,"neow_bonus":"TWENTY_PERCENT_HP_BONUS","is_prod":false,"is_daily":false,"chose_seed":false,"campfire_upgraded":4,"win_rate":0,"timestamp":1563812142,"path_taken":["M","?","?","?","M","E","R","?","T","E","?","?","$","M","R","BOSS","M","M","?","$","M","E","M","M","T","?","E","R","?","?","R","BOSS","M","?","?","M","$","R","E","$","T","M","R","?","R","M","R","BOSS","R","$","E","BOSS"],"build_version":"2019-07-17","purchased_purges":2,"victory":false,"max_hp_per_floor":[89,89,89,89,89,89,89,89,96,96,96,96,96,96,96,96,96,96,96,96,96,96,96,96,96,96,96,96,96,96,96,96,96,101,101,101,101,101,101,101,101,101,101,101,101,101,101,101,101,101,101,101,101,101,101],"card_choices":[{"not_picked":["Steam","Turbo"],"picked":"Ball Lightning","floor":1.0},{"not_picked":["Tempest","Conserve Battery"],"picked":"FTL","floor":5.0},{"not_picked":["Steam Power","Sweeping Beam"],"picked":"Glacier","floor":6.0},{"not_picked":["Lockon","Undo"],"picked":"Barrage","floor":10.0},{"not_picked":["Chaos","Barrage"],"picked":"Defragment+1","floor":14.0},{"not_picked":["Multi-Cast","Buffer+1"],"picked":"Electrodynamics+1","floor":16},{"not_picked":["Turbo","Undo"],"picked":"Gash+1","floor":18},{"not_picked":["White Noise","Tempest"],"picked":"Cold Snap","floor":19},{"not_picked":["Redo","Skim"],"picked":"Lockon+1","floor":20},{"not_picked":["Chaos","Force Field"],"picked":"Defragment+1","floor":22},{"not_picked":["Steam","Scrape+1"],"picked":"FTL","floor":23},{"not_picked":["Beam Cell","Ball Lightning+1"],"picked":"Cold Snap","floor":24},{"not_picked":["Doom and Gloom","Chaos+1"],"picked":"Capacitor+1","floor":25},{"not_picked":["Scrape+1","Rip and Tear"],"picked":"Turbo","floor":28},{"not_picked":["Blizzard+1","Streamline+1"],"picked":"Redo+1","floor":31},{"not_picked":["Seek","Rainbow"],"picked":"Machine Learning+1","floor":33},{"not_picked":["Coolheaded","Ball Lightning+1"],"picked":"Go for the Eyes","floor":34},{"not_picked":["Steam+1","Auto Shields"],"picked":"Cold Snap+1","floor":35},{"not_picked":["Good Instincts","PanicButton"],"picked":"Trip","floor":37},{"not_picked":["Heatsinks+1","Streamline+1"],"picked":"Beam Cell+1","floor":38},{"not_picked":["Coolheaded","Hologram+1"],"picked":"Defragment+1","floor":41},{"not_picked":["Steam+1","Heatsinks+1"],"picked":"Consume+1","floor":44},{"not_picked":["Coolheaded","Steam+1"],"picked":"Echo Form+1","floor":46},{"not_picked":["Rebound+1","Streamline+1"],"picked":"Cold Snap","floor":48},{"not_picked":["BootSequence","Go for the Eyes+1"],"picked":"Defragment+1","floor":54}],"player_experience":62026,"relics_obtained":[{"floor":6.0,"key":"Torii"},{"floor":9.0,"key":"Strawberry"},{"floor":10.0,"key":"Frozen Egg 2"},{"floor":11.0,"key":"PreservedInsect"},{"floor":23,"key":"Gremlin Horn"},{"floor":28,"key":"Ancient Tea Set"},{"floor":41,"key":"Dream Catcher"},{"floor":43,"key":"Girya"},{"floor":46,"key":"Shovel"},{"floor":47,"key":"Potion Belt"},{"floor":49,"key":"Lantern"},{"floor":54,"key":"Pocketwatch"}],"event_choices":[{"damage_healed":0.0,"max_hp_gain":0.0,"max_hp_loss":0.0,"gold_gain":0.0,"event_name":"Golden Idol","player_choice":"Take Wound","floor":2.0,"gold_loss":0.0,"damage_taken":0.0,"relics_obtained":["Golden Idol"],"cards_obtained":["Injury"]},{"damage_healed":0.0,"max_hp_gain":0.0,"max_hp_loss":0.0,"gold_gain":75.0,"event_name":"World of Goop","player_choice":"Gather Gold","floor":3.0,"gold_loss":0.0,"damage_taken":11.0},{"cards_removed":["Defend_B"],"damage_healed":0.0,"max_hp_gain":0.0,"max_hp_loss":0.0,"gold_gain":0.0,"event_name":"Golden Wing","player_choice":"Card Removal","floor":4.0,"gold_loss":0.0,"damage_taken":7.0},{"damage_healed":0.0,"max_hp_gain":0.0,"max_hp_loss":0.0,"gold_gain":0.0,"event_name":"Big Fish","player_choice":"Box","floor":8.0,"gold_loss":0.0,"damage_taken":0.0,"relics_obtained":["MawBank"],"cards_obtained":["Regret"]},{"damage_healed":0.0,"max_hp_gain":0.0,"max_hp_loss":0.0,"gold_gain":0.0,"cards_transformed":["Strike_B"],"event_name":"Transmorgrifier","player_choice":"Transformed","floor":12.0,"gold_loss":0.0,"damage_taken":0.0,"cards_obtained":["Amplify"]},{"damage_healed":0,"gold_gain":0,"player_choice":"Inject Mutagens","damage_taken":0,"relics_obtained":["MutagenicStrength"],"max_hp_gain":0,"max_hp_loss":0,"event_name":"Drug Dealer","floor":27,"gold_loss":0},{"damage_healed":0,"gold_gain":0,"cards_transformed":["Defend_B"],"player_choice":"Transformed","damage_taken":0,"max_hp_gain":0,"max_hp_loss":0,"event_name":"Transmorgrifier","floor":30,"gold_loss":0,"cards_obtained":["Scrape"]},{"damage_healed":0,"gold_gain":333,"player_choice":"Gave Idol","damage_taken":0,"max_hp_gain":0,"max_hp_loss":0,"event_name":"The Moai Head","floor":36,"relics_lost":["Golden Idol"],"gold_loss":0},{"damage_healed":0,"gold_gain":0,"player_choice":"Memory 1","damage_taken":0,"max_hp_gain":0,"max_hp_loss":0,"event_name":"SensoryStone","floor":37,"gold_loss":0},{"damage_healed":0,"gold_gain":0,"player_choice":"Fight","damage_taken":0,"max_hp_gain":0,"max_hp_loss":0,"event_name":"Mysterious Sphere","floor":46,"gold_loss":0}],"is_beta":false,"boss_relics":[{"not_picked":["White Beast Statue","FrozenCore"],"picked":"Coffee Dripper"},{"not_picked":["Orrery","Sozu"],"picked":"Tiny House"}],"items_purged_floors":[21,39],"is_endless":false,"potions_floor_spawned":[5,14,16,20,23,24,25,41,46],"killed_by":"The Heart","ascension_level":1}