{"gold_per_floor":[109,109,109,34,52,84,84,144,170,170,182,193,193,193,193,193],"floor_reached":16,"playtime":780,"items_purged":["Regret"],"score":259,"play_id":"917da42d-2407-4875-8107-851e9f989b94","local_time":"20190926151353","is_ascension_mode":true,"campfire_choices":[{"data":"Sunder","floor":7.0,"key":"SMITH"},{"data":"Hologram","floor":10.0,"key":"SMITH"},{"floor":15.0,"key":"REST"}],"neow_cost":"NONE","seed_source_timestamp":1531066011539306,"circlet_count":0,"master_deck":["AscendersBane","Strike_B","Strike_B","Strike_B","Defend_B","Defend_B","Defend_B","Defend_B","Zap","Dualcast","Go for the Eyes","Sunder+1","Steam","Hologram+1","Defragment","Ball Lightning","Undo","Conserve Battery"],"special_seed":0,"relics":["Cracked Core","NeowsBlessing","Pen Nib","Prayer Wheel","Dodecahedron","Tiny Chest","Bronze Scales","Golden Idol"],"potions_floor_usage":[],"damage_taken":[{"damage":0.0,"enemies":"Jaw Worm","floor":1.0,"turns":1.0},{"damage":0.0,"enemies":"2 Louse","floor":5.0,"turns":1.0},{"damage":0.0,"enemies":"3 Sentries","floor":6.0,"turns":1.0},{"damage":18.0,"enemies":"Gremlin Nob","floor":8.0,"turns":6.0},{"damage":0.0,"enemies":"Small Slimes","floor":11.0,"turns":2.0},{"damage":9.0,"enemies":"Gremlin Gang","floor":12.0,"turns":3.0},{"damage":39,"enemies":"Slime Boss","floor":16,"turns":10}],"seed_played":"252667951945072746","potions_obtained":[{"floor":1.0,"key":"SkillPotion"},{"floor":5.0,"key":"FearPotion"},{"floor":6.0,"key":"FocusPotion"}],"is_trial":false,"path_per_floor":["M","?","?","$","M","E","R","E","T","R","M","M","?","?","R","B"],"character_chosen":"DEFECT","items_purchased":[],"campfire_rested":1,"item_purchase_floors":[],"current_hp_per_floor":[64,53,53,53,53,53,53,35,35,35,35,26,26,19,38,0],"gold":193,"neow_bonus":"THREE_ENEMY_KILL","is_prod":false,"is_daily":false,"chose_seed":false,"campfire_upgraded":2,"win_rate":0,"timestamp":1569525233,"path_taken":["M","?","?","?","?","E","R","E","T","R","M","M","?","?","R","BOSS"],"build_version":"2019-07-17","purchased_purges":1,"victory":false,"max_hp_per_floor":[71,71,71,71,71,71,71,71,71,71,71,71,64,64,64,64],"card_choices":[{"not_picked":["Consume","Sweeping Beam"],"picked":"Go for the Eyes","floor":1.0},{"not_picked":["Consume","Go for the Eyes"],"picked":"Sunder","floor":5.0},{"not_picked":["Stack","Heatsinks"],"picked":"Steam","floor":5.0},{"not_picked":["Storm","Leap"],"picked":"Hologram","floor":6.0},{"not_picked":["Fission","Streamline"],"picked":"Defragment","floor":8.0},{"not_picked":["Capacitor","Gash"],"picked":"Ball Lightning","floor":11.0},{"not_picked":["Barrage","Stack"],"picked":"Undo","floor":11.0},{"not_picked":["Steam","Leap"],"picked":"Conserve Battery","floor":12.0},{"not_picked":["Go for the Eyes","Compile Driver","Scrape"],"picked":"SKIP","floor":12.0}],"player_experience":457460,"relics_obtained":[{"floor":6.0,"key":"Dodecahedron"},{"floor":8.0,"key":"Tiny Chest"},{"floor":9.0,"key":"Bronze Scales"}],"event_choices":[{"damage_healed":0.0,"max_hp_gain":0.0,"max_hp_loss":0.0,"gold_gain":0.0,"event_name":"Scrap Ooze","player_choice":"Success","floor":2.0,"gold_loss":0.0,"damage_taken":11.0,"relics_obtained":["Pen Nib"]},{"damage_healed":0.0,"max_hp_gain":0.0,"max_hp_loss":0.0,"gold_gain":0.0,"event_name":"Big Fish","player_choice":"Box","floor":3.0,"gold_loss":0.0,"damage_taken":0.0,"relics_obtained":["Prayer Wheel"],"cards_obtained":["Regret"]},{"damage_healed":0.0,"max_hp_gain":0.0,"max_hp_loss":7.0,"gold_gain":0.0,"event_name":"Golden Idol","player_choice":"Lose Max HP","floor":13.0,"gold_loss":0.0,"damage_taken":0.0,"relics_obtained":["Golden Idol"]},{"cards_removed":["Strike_B"],"damage_healed":0.0,"max_hp_gain":0.0,"max_hp_loss":0.0,"gold_gain":0.0,"event_name":"Golden Wing","player_choice":"Card Removal","floor":14.0,"gold_loss":0.0,"damage_taken":7.0}],"is_beta":false,"boss_relics":[],"items_purged_floors":[4],"is_endless":false,"potions_floor_spawned":[1,5,6],"killed_by":"Slime Boss","ascension_level":19}