{"gold_per_floor":[213,229,240,251,261,261,296,315,315,280,295,295,314,314,314,390,390,406,250,250],"floor_reached":20,"playtime":1897,"items_purged":["Defend_B"],"score":347,"play_id":"183950e7-996c-405a-8edf-ba017633d78f","local_time":"20190926122312","is_ascension_mode":true,"campfire_choices":[{"floor":6.0,"key":"REST"},{"data":"Go for the Eyes","floor":12.0,"key":"SMITH"},{"floor":15.0,"key":"REST"}],"neow_cost":"NONE","seed_source_timestamp":1519109012126319,"circlet_count":0,"master_deck":["AscendersBane","Strike_B","Strike_B","Strike_B","Strike_B","Defend_B","Defend_B","Defend_B","Zap","Dualcast","Gash","Chill","Undo","Self Repair","Auto Shields","Go for the Eyes+1","Hologram","Conserve Battery","Machine Learning","Buffer"],"special_seed":0,"relics":["Cracked Core","Juzu Bracelet","Cables","CultistMask","Black Star"],"potions_floor_usage":[20],"damage_taken":[{"damage":0.0,"enemies":"Small Slimes","floor":1.0,"turns":2.0},{"damage":7.0,"enemies":"Jaw Worm","floor":2.0,"turns":4.0},{"damage":0.0,"enemies":"Cultist","floor":3.0,"turns":4.0},{"damage":4.0,"enemies":"2 Fungi Beasts","floor":4.0,"turns":4.0},{"damage":13.0,"enemies":"Blue Slaver","floor":5.0,"turns":3.0},{"damage":40.0,"enemies":"Lagavulin","floor":7.0,"turns":8.0},{"damage":43.0,"enemies":"Exordium Thugs","floor":8.0,"turns":6.0},{"damage":8.0,"enemies":"3 Louse","floor":11.0,"turns":3.0},{"damage":3.0,"enemies":"Large Slime","floor":13.0,"turns":6.0},{"damage":32.0,"enemies":"The Guardian","floor":16.0,"turns":13.0},{"damage":3.0,"enemies":"3 Byrds","floor":18.0,"turns":5.0},{"damage":70,"enemies":"Masked Bandits","floor":20,"turns":5}],"seed_played":"-8366909921241110237","potions_obtained":[{"floor":2.0,"key":"Energy Potion"},{"floor":7.0,"key":"FairyPotion"},{"floor":11.0,"key":"Regen Potion"},{"floor":13.0,"key":"Poison Potion"},{"floor":16.0,"key":"LiquidBronze"},{"floor":18.0,"key":"AttackPotion"}],"is_trial":false,"path_per_floor":["M","M","M","M","M","R","E","M","T","?","M","R","M","?","R","B",null,"M","$","?"],"character_chosen":"DEFECT","items_purchased":["Buffer"],"campfire_rested":2,"item_purchase_floors":[19],"current_hp_per_floor":[64,57,57,53,40,61,28,14,14,31,23,23,20,20,41,31,61,65,65,0],"gold":250,"neow_bonus":"HUNDRED_GOLD","is_prod":false,"is_daily":false,"chose_seed":false,"campfire_upgraded":1,"win_rate":0,"timestamp":1569514992,"path_taken":["M","M","M","M","M","R","E","M","T","?","M","R","M","?","R","BOSS","M","?","?"],"build_version":"2019-07-17","purchased_purges":1,"victory":false,"max_hp_per_floor":[71,71,71,71,71,71,71,71,71,71,71,71,71,71,71,71,71,71,71,71],"card_choices":[{"not_picked":["Ball Lightning","Skim"],"picked":"Gash","floor":1.0},{"not_picked":["Stack","Double Energy"],"picked":"Chill","floor":2.0},{"not_picked":["Coolheaded","Fusion","Double Energy"],"picked":"SKIP","floor":3.0},{"not_picked":["Streamline","Coolheaded"],"picked":"Undo","floor":4.0},{"not_picked":["Conserve Battery","Compile Driver"],"picked":"Self Repair","floor":5.0},{"not_picked":["Heatsinks","Chaos"],"picked":"Auto Shields","floor":7.0},{"not_picked":["Storm","Redo"],"picked":"Go for the Eyes","floor":8.0},{"not_picked":["Cold Snap","Multi-Cast"],"picked":"Hologram","floor":11.0},{"not_picked":["Redo","BootSequence"],"picked":"Conserve Battery","floor":13.0},{"not_picked":["Biased Cognition","Thunder Strike"],"picked":"Machine Learning","floor":16.0},{"not_picked":["Barrage","Steam Power+1","BootSequence"],"picked":"SKIP","floor":18.0}],"player_experience":451509,"relics_obtained":[{"floor":7.0,"key":"Juzu Bracelet"},{"floor":9.0,"key":"Cables"}],"event_choices":[{"damage_healed":17.0,"max_hp_gain":0.0,"max_hp_loss":0.0,"gold_gain":0.0,"event_name":"The Cleric","player_choice":"Healed","floor":10.0,"gold_loss":35.0,"damage_taken":0.0},{"damage_healed":0.0,"max_hp_gain":0.0,"max_hp_loss":0.0,"gold_gain":0.0,"event_name":"FaceTrader","player_choice":"Trade","floor":14.0,"gold_loss":0.0,"damage_taken":0.0,"relics_obtained":["CultistMask"]},{"damage_healed":0,"gold_gain":0,"player_choice":"Fought Bandits","damage_taken":0,"max_hp_gain":0,"max_hp_loss":0,"event_name":"Masked Bandits","floor":20,"gold_loss":0}],"is_beta":false,"boss_relics":[{"not_picked":["Runic Dome","Snecko Eye"],"picked":"Black Star"}],"items_purged_floors":[19],"is_endless":false,"potions_floor_spawned":[2,7,11,13,16,18],"killed_by":"Masked Bandits","ascension_level":19}