{"gold_per_floor":[109,35,110,128,145,176,211,3,75,101,101,121,131,143,143,248,248,259,259,277,30,58,90,90,117,117,127,140,159,159],"floor_reached":30,"playtime":1464,"items_purged":[],"score":321,"play_id":"1af2aaca-30d6-4bc5-abe6-bf5863e778f7","local_time":"20190823082635","is_ascension_mode":true,"campfire_choices":[{"floor":11,"key":"REST"},{"floor":15,"key":"REST"},{"floor":24,"key":"REST"}],"neow_cost":"NONE","seed_source_timestamp":265981300453379,"circlet_count":0,"master_deck":["Strike_B","Strike_B","Defend_B","Defend_B","Defend_B","Defend_B","Zap","Dualcast","Compile Driver","Ball Lightning","Compile Driver","Coolheaded","Sweeping Beam","Conserve Battery","BootSequence","Panache","Cold Snap","Steam","Fusion","Coolheaded","Rainbow","Redo+1","Redo","Heatsinks","Barrage+1","Storm+1","Defragment","Doubt","Biased Cognition","Leap"],"special_seed":0,"relics":["Cracked Core","NeowsBlessing","WingedGreaves","Smiling Mask","Blue Candle","Art of War","Cursed Key","Bottled Tornado","Red Mask","Gremlin Horn","Bag of Marbles","Turnip"],"potions_floor_usage":[22,23,25,27,30],"damage_taken":[{"damage":0.0,"enemies":"Cultist","floor":1.0,"turns":1.0},{"damage":0.0,"enemies":"2 Louse","floor":4.0,"turns":1.0},{"damage":0.0,"enemies":"Jaw Worm","floor":5.0,"turns":1.0},{"damage":22.0,"enemies":"Lagavulin","floor":6.0,"turns":5.0},{"damage":26.0,"enemies":"Gremlin Nob","floor":7.0,"turns":4.0},{"damage":13,"enemies":"Lagavulin","floor":10,"turns":6},{"damage":2,"enemies":"Red Slaver","floor":12,"turns":3},{"damage":0,"enemies":"Looter","floor":13,"turns":3},{"damage":3,"enemies":"Exordium Wildlife","floor":14,"turns":4},{"damage":24,"enemies":"Slime Boss","floor":16,"turns":11},{"damage":0,"enemies":"Chosen","floor":18,"turns":4},{"damage":14,"enemies":"3 Byrds","floor":20,"turns":4},{"damage":26,"enemies":"Masked Bandits","floor":22,"turns":4},{"damage":26,"enemies":"Book of Stabbing","floor":23,"turns":6},{"damage":17,"enemies":"Slavers","floor":25,"turns":5},{"damage":6,"enemies":"Snecko","floor":27,"turns":5},{"damage":1,"enemies":"Centurion and Healer","floor":28,"turns":4},{"damage":12,"enemies":"3 Cultists","floor":29,"turns":4},{"damage":12,"enemies":"Snecko","floor":30,"turns":4}],"seed_played":"-3273483001629438587","potions_obtained":[{"floor":4.0,"key":"PowerPotion"},{"floor":6.0,"key":"SneckoOil"},{"floor":10,"key":"Regen Potion"},{"floor":13,"key":"Poison Potion"},{"floor":22,"key":"Ancient Potion"},{"floor":23,"key":"Regen Potion"},{"floor":25,"key":"Block Potion"},{"floor":29,"key":"Energy Potion"}],"is_trial":false,"path_per_floor":["M","$","?","M","M","E","E","$","T","E","R","M","M","M","R","B",null,"M","?","M","$","?","E","R","E","T","M","M","M","M"],"character_chosen":"DEFECT","items_purchased":["Ball Lightning","Compile Driver","Panache","Cold Snap","Bottled Tornado"],"campfire_rested":3,"item_purchase_floors":[2,2,8,8,21],"current_hp_per_floor":[75,75,64,64,64,42,16,16,16,3,25,23,23,20,42,18,75,75,75,61,61,35,23,45,28,28,22,21,9,0],"gold":159,"neow_bonus":"THREE_ENEMY_KILL","is_prod":false,"is_daily":false,"chose_seed":false,"campfire_upgraded":0,"win_rate":0,"timestamp":1566566795,"path_taken":["M","?","?","M","?","E","E","?","T","E","R","M","M","M","R","BOSS","M","?","M","$","?","E","R","E","T","M","M","M","M"],"build_version":"2019-07-17","purchased_purges":0,"victory":false,"max_hp_per_floor":[75,75,75,75,75,75,75,75,75,75,75,75,75,75,75,75,75,75,75,75,75,75,75,75,75,75,75,75,75,75],"card_choices":[{"not_picked":["Beam Cell","Go for the Eyes"],"picked":"Compile Driver","floor":1.0},{"not_picked":["Turbo","Leap"],"picked":"Coolheaded","floor":4.0},{"not_picked":["Rebound","Hologram"],"picked":"Sweeping Beam","floor":5.0},{"not_picked":["Fission","Leap"],"picked":"Conserve Battery","floor":6.0},{"not_picked":["Double Energy","Reprogram"],"picked":"BootSequence","floor":7.0},{"not_picked":["Steam Power","Hologram"],"picked":"Steam","floor":10},{"not_picked":["Aggregate","Chill"],"picked":"Fusion","floor":12},{"not_picked":["Cold Snap","Turbo"],"picked":"Coolheaded","floor":13},{"not_picked":["Streamline","Fusion","Stack"],"picked":"SKIP","floor":14},{"not_picked":["All For One","Machine Learning"],"picked":"Rainbow","floor":16},{"not_picked":["Coolheaded+1","Auto Shields"],"picked":"Redo+1","floor":18},{"not_picked":["Rip and Tear","Steam+1"],"picked":"Barrage+1","floor":20},{"not_picked":["FTL+1","Doom and Gloom"],"picked":"Storm+1","floor":23},{"not_picked":["Compile Driver","Barrage+1"],"picked":"Defragment","floor":25},{"not_picked":["Gash","Melter","Compile Driver"],"picked":"SKIP","floor":27},{"not_picked":["Chill","Cold Snap"],"picked":"Biased Cognition","floor":28},{"not_picked":["Beam Cell","Gash"],"picked":"Leap","floor":29}],"player_experience":195148,"relics_obtained":[{"floor":6.0,"key":"WingedGreaves"},{"floor":7.0,"key":"Smiling Mask"},{"floor":9.0,"key":"Blue Candle"},{"floor":10,"key":"Art of War"},{"floor":22,"key":"Red Mask"},{"floor":23,"key":"Gremlin Horn"},{"floor":25,"key":"Bag of Marbles"},{"floor":26,"key":"Turnip"}],"event_choices":[{"damage_healed":0.0,"max_hp_gain":0.0,"max_hp_loss":0.0,"gold_gain":75.0,"event_name":"World of Goop","player_choice":"Gather Gold","floor":3.0,"gold_loss":0.0,"damage_taken":11.0},{"damage_healed":0,"gold_gain":0,"cards_transformed":["Strike_B","Strike_B"],"player_choice":"Became Test Subject","damage_taken":0,"max_hp_gain":0,"max_hp_loss":0,"event_name":"Drug Dealer","floor":19,"gold_loss":0,"cards_obtained":["Redo","Heatsinks"]},{"damage_healed":0,"gold_gain":0,"player_choice":"Fought Bandits","damage_taken":0,"max_hp_gain":0,"max_hp_loss":0,"event_name":"Masked Bandits","floor":22,"gold_loss":0}],"is_beta":false,"boss_relics":[{"not_picked":["Tiny House","FrozenCore"],"picked":"Cursed Key"}],"items_purged_floors":[],"is_endless":false,"potions_floor_spawned":[4,6,10,13,16,18,22,23,25,29],"killed_by":"Snecko","ascension_level":2}