{"gold_per_floor":[109,34,50,69,84,84,84,119,166,192,157,168,198,208,208,303,303,323,30,48,68,85,85],"floor_reached":23,"playtime":2099,"items_purged":["Defend_G","Strike_G"],"score":226,"play_id":"3251b503-336c-481b-8259-7a74311ccd81","local_time":"20190819164721","is_ascension_mode":true,"campfire_choices":[{"data":"Backstab","floor":6.0,"key":"SMITH"},{"data":"Terror","floor":15,"key":"SMITH"}],"neow_cost":"NONE","seed_source_timestamp":0,"circlet_count":0,"master_deck":["Strike_G+1","Strike_G","Strike_G","Defend_G","Defend_G","Defend_G","Defend_G","Survivor","Neutralize","Outmaneuver","Deflect+1","Dagger Spray","Backstab+1","Slice","Terror+1","Noxious Fumes+1","Noxious Fumes+1","Footwork+1","Corpse Explosion","Blade Dance+1","Poisoned Stab","Quick Slash","Distraction+1","Backflip"],"special_seed":0,"relics":["Ring of the Snake","Frozen Egg 2","Strawberry","Orichalcum","StoneCalendar","Sozu","Centennial Puzzle"],"potions_floor_usage":[16],"damage_taken":[{"damage":1.0,"enemies":"Cultist","floor":1.0,"turns":5.0},{"damage":0.0,"enemies":"Jaw Worm","floor":3.0,"turns":5.0},{"damage":0.0,"enemies":"Small Slimes","floor":4.0,"turns":4.0},{"damage":0.0,"enemies":"3 Louse","floor":5.0,"turns":3.0},{"damage":35.0,"enemies":"Lagavulin","floor":8.0,"turns":10.0},{"damage":10.0,"enemies":"3 Sentries","floor":10.0,"turns":7.0},{"damage":2.0,"enemies":"Exordium Wildlife","floor":12.0,"turns":2.0},{"damage":1.0,"enemies":"Lagavulin","floor":13.0,"turns":5.0},{"damage":2.0,"enemies":"Red Slaver","floor":14.0,"turns":3.0},{"damage":18,"enemies":"The Guardian","floor":16,"turns":8},{"damage":14,"enemies":"Spheric Guardian","floor":18,"turns":4},{"damage":10,"enemies":"2 Thieves","floor":20,"turns":3},{"damage":13,"enemies":"Snake Plant","floor":21,"turns":4},{"damage":0,"enemies":"3 Cultists","floor":22,"turns":2},{"damage":41,"enemies":"Gremlin Leader","floor":23,"turns":4}],"seed_played":"5550346361008448660","potions_obtained":[{"floor":1.0,"key":"Strength Potion"},{"floor":3.0,"key":"Weak Potion"},{"floor":4.0,"key":"Strength Potion"},{"floor":12.0,"key":"Regen Potion"},{"floor":14.0,"key":"Poison Potion"},{"floor":16,"key":"Dexterity Potion"}],"is_trial":false,"path_per_floor":["M","$","M","M","M","R","?","E","T","E","?","M","E","M","R","B",null,"M","$","M","M","M","E"],"character_chosen":"THE_SILENT","items_purchased":["Poisoned Stab","Centennial Puzzle"],"campfire_rested":0,"item_purchase_floors":[19,19],"current_hp_per_floor":[69,69,69,69,69,69,55,20,27,17,36,34,33,31,31,28,77,63,63,53,40,40,0],"gold":85,"neow_bonus":"REMOVE_CARD","is_prod":false,"is_daily":false,"chose_seed":false,"campfire_upgraded":2,"win_rate":0,"timestamp":1566226041,"path_taken":["M","?","M","M","?","R","?","E","T","E","?","M","E","M","R","BOSS","M","$","M","M","M","E"],"build_version":"2019-07-17","purchased_purges":2,"victory":false,"max_hp_per_floor":[70,70,70,70,70,70,70,70,77,77,77,77,77,77,77,77,77,77,77,77,77,77,77],"card_choices":[{"not_picked":["Reflex","Dash"],"picked":"Outmaneuver","floor":1.0},{"not_picked":["Flying Knee","All Out Attack"],"picked":"Deflect","floor":3.0},{"not_picked":["Underhanded Strike","PiercingWail"],"picked":"Dagger Spray","floor":4.0},{"not_picked":["Blade Dance","Acrobatics"],"picked":"Backstab","floor":5.0},{"not_picked":["Venomology","Heel Hook"],"picked":"Slice","floor":8.0},{"not_picked":["Dash","Dagger Throw"],"picked":"Terror","floor":10.0},{"not_picked":["Escape Plan","Well Laid Plans+1"],"picked":"Noxious Fumes+1","floor":12.0},{"not_picked":["Underhanded Strike","Acrobatics"],"picked":"Noxious Fumes+1","floor":13.0},{"not_picked":["Poisoned Stab","Flying Knee"],"picked":"Footwork+1","floor":14.0},{"not_picked":["Malaise","Night Terror"],"picked":"Corpse Explosion","floor":16},{"not_picked":["Slice+1","Deadly Poison+1"],"picked":"Blade Dance+1","floor":18},{"not_picked":["Sucker Punch","Dagger Spray"],"picked":"Quick Slash","floor":20},{"not_picked":["Sucker Punch","Poisoned Stab"],"picked":"Distraction+1","floor":21},{"not_picked":["Acrobatics","Dodge and Roll"],"picked":"Backflip","floor":22}],"player_experience":22559,"relics_obtained":[{"floor":8.0,"key":"Frozen Egg 2"},{"floor":9.0,"key":"Strawberry"},{"floor":10.0,"key":"Orichalcum"},{"floor":13.0,"key":"StoneCalendar"}],"event_choices":[{"damage_healed":0.0,"max_hp_gain":0.0,"max_hp_loss":0.0,"gold_gain":0.0,"event_name":"Shining Light","player_choice":"Entered Light","floor":7.0,"gold_loss":0.0,"damage_taken":14.0,"cards_upgraded":["Strike_G","Deflect"]},{"damage_healed":19.0,"max_hp_gain":0.0,"max_hp_loss":0.0,"gold_gain":0.0,"event_name":"The Cleric","player_choice":"Healed","floor":11.0,"gold_loss":35.0,"damage_taken":0.0}],"is_beta":false,"boss_relics":[{"not_picked":["Coffee Dripper","Calling Bell"],"picked":"Sozu"}],"items_purged_floors":[2,19],"is_endless":false,"potions_floor_spawned":[1,3,4,12,14,16,18,21],"killed_by":"Gremlin Leader","ascension_level":1}