{"gold_per_floor":[113,125,125,50,68,68,83,83,83,101,126,137,137,37,37,112,112,122,142,142,155,155,155,155,183,183,183,195,195],"floor_reached":29,"playtime":3149,"items_purged":["Strike_B","Defend_B"],"score":575,"play_id":"1d6e7b3d-cfd9-4ad7-a7dd-5282be9073b1","local_time":"20190926144852","is_ascension_mode":true,"campfire_choices":[{"data":"Buffer","floor":6.0,"key":"SMITH"},{"data":"Defend_B","floor":8.0,"key":"SMITH"},{"data":"Auto Shields","floor":13.0,"key":"SMITH"},{"floor":15.0,"key":"REST"},{"data":"Beam Cell","floor":23.0,"key":"SMITH"},{"floor":27.0,"key":"REST"}],"neow_cost":"NONE","seed_source_timestamp":0,"circlet_count":0,"master_deck":["AscendersBane","Defend_B","Defend_B+1","Zap","Dualcast","Double Energy+1","Echo Form+1","Self Repair+1","Gash","Buffer+1","Gash","Genetic Algorithm","Auto Shields+1","Genetic Algorithm","Echo Form+1","Conserve Battery+1","Beam Cell+1","RitualDagger"],"special_seed":0,"relics":["Astrolabe","Darkstone Periapt","Frozen Egg 2","Busted Crown","Juzu Bracelet","Regal Pillow"],"potions_floor_usage":[],"damage_taken":[{"damage":9.0,"enemies":"Jaw Worm","floor":1.0,"turns":4.0},{"damage":2.0,"enemies":"Cultist","floor":2.0,"turns":4.0},{"damage":19.0,"enemies":"2 Louse","floor":5.0,"turns":4.0},{"damage":3.0,"enemies":"Large Slime","floor":7.0,"turns":7.0},{"damage":15.0,"enemies":"Gremlin Gang","floor":10.0,"turns":4.0},{"damage":50.0,"enemies":"3 Sentries","floor":11.0,"turns":9.0},{"damage":11.0,"enemies":"Exordium Wildlife","floor":12.0,"turns":6.0},{"damage":0.0,"enemies":"Slime Boss","floor":16.0,"turns":11.0},{"damage":1.0,"enemies":"Shell Parasite","floor":18.0,"turns":7.0},{"damage":0.0,"enemies":"Spheric Guardian","floor":19.0,"turns":6.0},{"damage":6.0,"enemies":"Centurion and Healer","floor":21.0,"turns":9.0},{"damage":57.0,"enemies":"Book of Stabbing","floor":25.0,"turns":8.0},{"damage":37.0,"enemies":"Cultist and Chosen","floor":28.0,"turns":9.0},{"damage":31,"enemies":"Masked Bandits","floor":29,"turns":3}],"seed_played":"-4940499836070108483","potions_obtained":[{"floor":2.0,"key":"Fire Potion"},{"floor":7.0,"key":"Poison Potion"},{"floor":11.0,"key":"Swift Potion"},{"floor":12.0,"key":"SteroidPotion"},{"floor":25.0,"key":"SneckoOil"}],"is_trial":false,"path_per_floor":["M","M","?","$","M","R","M","R","T","M","E","M","R","$","R","B",null,"M","M","?","M","?","R","$","E","T","R","M","?"],"character_chosen":"DEFECT","items_purchased":[],"campfire_rested":2,"item_purchase_floors":[],"current_hp_per_floor":[65,71,71,71,62,62,69,69,69,64,24,23,23,23,44,54,67,71,71,65,71,71,71,71,24,24,60,23,0],"gold":195,"neow_bonus":"BOSS_RELIC","is_prod":false,"is_daily":false,"chose_seed":false,"campfire_upgraded":4,"win_rate":0,"timestamp":1569523732,"path_taken":["M","M","?","$","M","R","M","R","T","M","E","M","R","?","R","BOSS","M","M","?","M","?","R","$","E","T","R","M","?"],"build_version":"2019-07-17","purchased_purges":2,"victory":false,"max_hp_per_floor":[71,71,71,71,71,71,71,71,71,71,71,71,71,71,71,71,71,71,71,71,71,71,71,71,71,71,71,71,71],"card_choices":[{"not_picked":["Skim","Stack"],"picked":"Gash","floor":1.0},{"not_picked":["Darkness","Blizzard","Double Energy"],"picked":"SKIP","floor":2.0},{"not_picked":["Redo","Compile Driver","Barrage"],"picked":"SKIP","floor":5.0},{"not_picked":["Redo","Compile Driver","Barrage"],"picked":"SKIP","floor":5.0},{"not_picked":["Doom and Gloom","Ball Lightning"],"picked":"Gash","floor":7.0},{"not_picked":["Loop","Conserve Battery"],"picked":"Genetic Algorithm","floor":10.0},{"not_picked":["Echo Form","Undo"],"picked":"Auto Shields","floor":11.0},{"not_picked":["Hologram","Sunder"],"picked":"Genetic Algorithm","floor":12.0},{"not_picked":["Multi-Cast","Amplify"],"picked":"Echo Form+1","floor":16.0},{"not_picked":[],"picked":"Conserve Battery+1","floor":18.0},{"not_picked":[],"picked":"Beam Cell","floor":19.0},{"not_picked":["Sweeping Beam"],"picked":"SKIP","floor":21.0},{"not_picked":["Stack+1"],"picked":"SKIP","floor":25.0},{"not_picked":["Barrage+1"],"picked":"SKIP","floor":28.0}],"player_experience":454216,"relics_obtained":[{"floor":9.0,"key":"Darkstone Periapt"},{"floor":11.0,"key":"Frozen Egg 2"},{"floor":25.0,"key":"Juzu Bracelet"},{"floor":26.0,"key":"Regal Pillow"}],"event_choices":[{"damage_healed":0.0,"max_hp_gain":0.0,"max_hp_loss":0.0,"gold_gain":0.0,"cards_transformed":["Strike_B"],"event_name":"Transmorgrifier","player_choice":"Transformed","floor":3.0,"gold_loss":0.0,"damage_taken":0.0,"cards_obtained":["Buffer"]},{"damage_healed":0.0,"max_hp_gain":0.0,"max_hp_loss":0.0,"gold_gain":0.0,"event_name":"Nest","player_choice":"Joined the Cult","floor":20.0,"gold_loss":0.0,"damage_taken":6.0,"cards_obtained":["RitualDagger"]},{"damage_healed":0.0,"max_hp_gain":0.0,"max_hp_loss":0.0,"gold_gain":0.0,"event_name":"The Mausoleum","player_choice":"Ignored","floor":22.0,"gold_loss":0.0,"damage_taken":0.0},{"damage_healed":0,"gold_gain":0,"player_choice":"Fought Bandits","damage_taken":0,"max_hp_gain":0,"max_hp_loss":0,"event_name":"Masked Bandits","floor":29,"gold_loss":0}],"is_beta":false,"boss_relics":[{"not_picked":["Philosopher\u0027s Stone","Calling Bell"],"picked":"Busted Crown"}],"items_purged_floors":[4,14],"is_endless":false,"potions_floor_spawned":[2,7,11,12,25],"killed_by":"Masked Bandits","ascension_level":19}