{"gold_per_floor":[19,31,31,44,59,59,103,124,124,124,124,162,27,52,52,180,180,196,196,215,9,34,34,65,65,65,98,113,113,129,148,148,148],"floor_reached":33,"playtime":1189,"items_purged":["Parasite"],"score":354,"play_id":"ad0a5622-5eca-426f-95d0-3195d032ba27","local_time":"20190827094009","is_ascension_mode":true,"campfire_choices":[{"floor":6.0,"key":"REST"},{"data":"Chaos","floor":11.0,"key":"SMITH"},{"floor":15.0,"key":"REST"},{"data":"Creative AI","floor":23.0,"key":"SMITH"},{"data":"Electrodynamics","floor":25.0,"key":"SMITH"},{"floor":29.0,"key":"REST"},{"floor":32.0,"key":"REST"}],"neow_cost":"NO_GOLD","seed_source_timestamp":0,"circlet_count":0,"master_deck":["Strike_B","Strike_B","Strike_B","Strike_B","Defend_B","Defend_B","Defend_B","Defend_B","Zap","Dualcast","Sweeping Beam","Leap","Conserve Battery","Redo","Chaos+1","Electrodynamics+1","Ball Lightning+1","Coolheaded","Creative AI+1","Hologram+1","Self Repair+1","Loop","Glacier","Steam+1"],"special_seed":0,"relics":["Cracked Core","Golden Idol","Strawberry","The Courier","Molten Egg 2","Lizard Tail","Mercury Hourglass","Dream Catcher","Potion Belt","Matryoshka"],"potions_floor_usage":[],"damage_taken":[{"damage":2.0,"enemies":"Jaw Worm","floor":1.0,"turns":3.0},{"damage":0.0,"enemies":"Small Slimes","floor":2.0,"turns":3.0},{"damage":1.0,"enemies":"Cultist","floor":4.0,"turns":3.0},{"damage":58.0,"enemies":"Gremlin Gang","floor":5.0,"turns":4.0},{"damage":26.0,"enemies":"3 Sentries","floor":7.0,"turns":7.0},{"damage":8.0,"enemies":"Blue Slaver","floor":8.0,"turns":3.0},{"damage":9.0,"enemies":"Lagavulin","floor":12.0,"turns":5.0},{"damage":8.0,"enemies":"Exordium Wildlife","floor":14.0,"turns":4.0},{"damage":12.0,"enemies":"The Guardian","floor":16.0,"turns":13.0},{"damage":3.0,"enemies":"3 Byrds","floor":18.0,"turns":3.0},{"damage":9.0,"enemies":"Chosen","floor":20.0,"turns":6.0},{"damage":26.0,"enemies":"Shelled Parasite and Fungi","floor":22.0,"turns":4.0},{"damage":22.0,"enemies":"Gremlin Leader","floor":24.0,"turns":7.0},{"damage":7.0,"enemies":"Slavers","floor":27.0,"turns":2.0},{"damage":21.0,"enemies":"Centurion and Healer","floor":28.0,"turns":7.0},{"damage":19.0,"enemies":"Cultist and Chosen","floor":30.0,"turns":5.0},{"damage":21.0,"enemies":"Snake Plant","floor":31.0,"turns":4.0},{"damage":0,"enemies":"Champ","floor":33,"turns":1}],"seed_played":"8708214175301774322","potions_obtained":[{"floor":5.0,"key":"Fire Potion"},{"floor":7.0,"key":"GamblersBrew"},{"floor":14.0,"key":"Fire Potion"},{"floor":16.0,"key":"Swift Potion"},{"floor":19.0,"key":"AttackPotion"},{"floor":27.0,"key":"Block Potion"}],"is_trial":false,"path_per_floor":["M","M","?","M","M","R","E","M","T","?","R","E","$","M","R","B",null,"M","?","M","$","M","R","E","R","T","E","M","R","M","M","R","B"],"character_chosen":"DEFECT","items_purchased":["Ball Lightning+1","Coolheaded","Mercury Hourglass"],"campfire_rested":4,"item_purchase_floors":[13,13,21],"current_hp_per_floor":[87,87,65,64,6,32,13,5,5,29,29,20,20,12,39,27,93,90,90,81,81,55,55,33,33,33,26,15,42,33,12,39,39],"gold":148,"neow_bonus":"TWENTY_PERCENT_HP_BONUS","is_prod":false,"is_daily":false,"chose_seed":false,"campfire_upgraded":3,"win_rate":0,"timestamp":1566916809,"path_taken":["M","M","?","M","M","R","E","M","T","?","R","E","$","M","R","BOSS","M","?","M","$","M","R","E","R","T","E","?","R","?","M","R","BOSS"],"build_version":"2019-07-17","purchased_purges":1,"victory":false,"max_hp_per_floor":[89,89,89,89,89,89,96,96,96,96,96,96,93,93,93,93,93,93,93,93,93,93,93,93,93,93,93,93,93,93,93,93,93],"card_choices":[{"not_picked":["Cold Snap","Turbo"],"picked":"Sweeping Beam","floor":1.0},{"not_picked":["Turbo","Beam Cell"],"picked":"Leap","floor":2.0},{"not_picked":["Loop","Cold Snap"],"picked":"Conserve Battery","floor":4.0},{"not_picked":["Capacitor","Turbo"],"picked":"Redo","floor":5.0},{"not_picked":["Conserve Battery","Go for the Eyes"],"picked":"Chaos","floor":7.0},{"not_picked":["Force Field","Sweeping Beam","Stack"],"picked":"SKIP","floor":8.0},{"not_picked":["Glacier","Ball Lightning"],"picked":"Electrodynamics","floor":12.0},{"not_picked":["Ball Lightning+1","Sweeping Beam+1","Stack"],"picked":"SKIP","floor":14.0},{"not_picked":["Rainbow","Buffer"],"picked":"Creative AI","floor":16.0},{"not_picked":["BootSequence","Hello World"],"picked":"Hologram+1","floor":18.0},{"not_picked":["Streamline+1","Coolheaded","Compile Driver+1"],"picked":"SKIP","floor":20.0},{"not_picked":["Sweeping Beam+1","Rebound+1","Capacitor+1"],"picked":"SKIP","floor":22.0},{"not_picked":["Thunder Strike+1","Consume"],"picked":"Self Repair+1","floor":24.0},{"not_picked":["Capacitor","Conserve Battery","Hologram"],"picked":"SKIP","floor":27.0},{"not_picked":["Leap","Compile Driver+1"],"picked":"Loop","floor":28.0},{"not_picked":["Hologram","Sunder+1"],"picked":"Glacier","floor":30.0},{"not_picked":["Compile Driver+1","Reinforced Body","Glacier"],"picked":"SKIP","floor":31.0},{"not_picked":["Stack+1","FTL+1"],"picked":"Steam+1","floor":32.0}],"player_experience":222482,"relics_obtained":[{"floor":7.0,"key":"Strawberry"},{"floor":9.0,"key":"The Courier"},{"floor":12.0,"key":"Molten Egg 2"},{"floor":24.0,"key":"Dream Catcher"},{"floor":26.0,"key":"Potion Belt"},{"floor":27.0,"key":"Matryoshka"}],"event_choices":[{"damage_healed":0.0,"max_hp_gain":0.0,"max_hp_loss":0.0,"gold_gain":0.0,"event_name":"Golden Idol","player_choice":"Take Damage","floor":3.0,"gold_loss":0.0,"damage_taken":22.0,"relics_obtained":["Golden Idol"]},{"damage_healed":24.0,"max_hp_gain":0.0,"max_hp_loss":0.0,"gold_gain":0.0,"event_name":"Mushrooms","player_choice":"Healed and dodged fight","floor":10.0,"gold_loss":0.0,"damage_taken":0.0,"cards_obtained":["Parasite"]},{"damage_healed":0.0,"max_hp_gain":0.0,"max_hp_loss":0.0,"gold_gain":0.0,"event_name":"Lab","player_choice":"Got Potions","floor":19.0,"gold_loss":0.0,"damage_taken":0.0}],"is_beta":false,"boss_relics":[{"not_picked":["Inserter","Runic Dome"],"picked":"Lizard Tail"}],"items_purged_floors":[13],"is_endless":false,"potions_floor_spawned":[5,7,14,16,20,27],"killed_by":"Champ","ascension_level":2}