{"gold_per_floor":[113,288,363,37,37,37,72,92,92,119,132,32,32],"floor_reached":13,"playtime":919,"items_purged":["Doubt"],"score":100,"play_id":"802659a9-5817-4ed7-97d2-4c62357f11dc","local_time":"20190726091114","is_ascension_mode":true,"campfire_choices":[{"data":"Creative AI","floor":6,"key":"SMITH"}],"neow_cost":"PERCENT_DAMAGE","seed_source_timestamp":244938382482729,"circlet_count":0,"master_deck":["Strike_B","Strike_B","Strike_B","Strike_B","Defend_B","Defend_B","Defend_B","Defend_B","Zap","Dualcast","Creative AI+1","Cold Snap","Barrage","Hologram","Coolheaded","Capacitor","Heatsinks","Cold Snap"],"relics":["Cracked Core","Mummified Hand","Singing Bowl","Anchor","Darkstone Periapt","FossilizedHelix"],"potions_floor_usage":[10,10,10,13],"damage_taken":[{"damage":1,"enemies":"2 Louse","floor":1,"turns":2},{"damage":23,"enemies":"3 Sentries","floor":7,"turns":6},{"damage":0,"enemies":"Jaw Worm","floor":8,"turns":3},{"damage":14,"enemies":"Lagavulin","floor":10,"turns":4},{"damage":0,"enemies":"Cultist","floor":11,"turns":4},{"damage":9,"enemies":"Gremlin Nob","floor":13,"turns":3}],"seed_played":"916909091589119042","potions_obtained":[{"floor":1,"key":"SteroidPotion"},{"floor":7,"key":"Energy Potion"},{"floor":8,"key":"Fire Potion"},{"floor":11,"key":"Swift Potion"}],"is_trial":false,"path_per_floor":["M","?","?","$","T","R","E","M","T","E","M","$","E"],"character_chosen":"DEFECT","items_purchased":["Mummified Hand","Heatsinks","Cold Snap"],"campfire_rested":0,"item_purchase_floors":[4,12,12],"current_hp_per_floor":[53,53,42,42,42,42,19,19,19,5,5,5,0],"gold":32,"neow_bonus":"THREE_RARE_CARDS","is_prod":false,"is_daily":false,"chose_seed":false,"campfire_upgraded":1,"win_rate":0,"timestamp":1564150274,"path_taken":["M","?","?","$","?","R","E","M","T","E","M","$","E"],"build_version":"2019-07-17","purchased_purges":1,"victory":false,"max_hp_per_floor":[75,75,75,75,75,75,75,75,75,75,75,75,75],"card_choices":[{"not_picked":["Buffer","Core Surge"],"picked":"Creative AI","floor":0},{"not_picked":["Heatsinks","Stack"],"picked":"Cold Snap","floor":1},{"not_picked":["Steam Power","Tempest"],"picked":"Barrage","floor":7},{"not_picked":["Double Energy","Compile Driver"],"picked":"Hologram","floor":8},{"not_picked":["Gash","Redo"],"picked":"Coolheaded","floor":10},{"not_picked":["Steam Power","Stack"],"picked":"Capacitor","floor":11}],"player_experience":101677,"relics_obtained":[{"floor":5,"key":"Singing Bowl"},{"floor":7,"key":"Anchor"},{"floor":9,"key":"Darkstone Periapt"},{"floor":10,"key":"FossilizedHelix"}],"event_choices":[{"damage_healed":0,"gold_gain":175,"player_choice":"AGREE","damage_taken":0,"max_hp_gain":0,"max_hp_loss":0,"event_name":"Liars Game","floor":2,"gold_loss":0,"cards_obtained":["Doubt"]},{"damage_healed":0,"gold_gain":75,"player_choice":"Gather Gold","damage_taken":11,"max_hp_gain":0,"max_hp_loss":0,"event_name":"World of Goop","floor":3,"gold_loss":0}],"is_beta":false,"boss_relics":[],"items_purged_floors":[4],"is_endless":false,"potions_floor_spawned":[1,7,8,11],"killed_by":"Gremlin Nob","ascension_level":2}