{"gold_per_floor":[13,13,88,102,115,115,147,147,170,198,198,225,244,257,257,352,352,366,379,379,395,140,140,173,173,173,208,208,241,166,184,184,184],"floor_reached":33,"playtime":1603,"items_purged":["Regret"],"score":404,"play_id":"b7f45ec5-e32c-4860-9b8f-833f8a40a81b","local_time":"20190818210832","is_ascension_mode":true,"campfire_choices":[{"data":"Whirlwind","floor":6.0,"key":"SMITH"},{"data":"Bash","floor":8.0,"key":"SMITH"},{"data":"Carnage","floor":15.0,"key":"SMITH"},{"data":"Clothesline","floor":23.0,"key":"SMITH"},{"data":"Dark Embrace","floor":25.0,"key":"SMITH"},{"data":"Shrug It Off","floor":28.0,"key":"SMITH"},{"floor":32.0,"key":"REST"}],"neow_cost":"NO_GOLD","seed_source_timestamp":564127602889161,"circlet_count":0,"master_deck":["Strike_R","Strike_R","Strike_R","Strike_R","Strike_R","Defend_R","Defend_R","Defend_R","Defend_R","Bash+1","Armaments+1","Anger","Whirlwind+1","True Grit","Clothesline+1","Carnage+1","Reaper","True Grit+1","Writhe","Clothesline+1","Dark Embrace+1","Shrug It Off+1"],"special_seed":0,"relics":["Burning Blood","Incense Burner","Smiling Mask","Ancient Tea Set","Bottled Lightning","Strawberry","Art of War","Philosopher\u0027s Stone","Gambling Chip","Toolbox","The Courier","Shuriken","StoneCalendar","Letter Opener"],"potions_floor_usage":[],"damage_taken":[{"damage":1.0,"enemies":"Cultist","floor":1.0,"turns":4.0},{"damage":2.0,"enemies":"2 Louse","floor":4.0,"turns":3.0},{"damage":7.0,"enemies":"Jaw Worm","floor":5.0,"turns":3.0},{"damage":10.0,"enemies":"3 Sentries","floor":7.0,"turns":6.0},{"damage":23.0,"enemies":"Gremlin Nob","floor":10.0,"turns":4.0},{"damage":24.0,"enemies":"3 Sentries","floor":12.0,"turns":5.0},{"damage":6.0,"enemies":"3 Louse","floor":13.0,"turns":3.0},{"damage":9.0,"enemies":"Large Slime","floor":14.0,"turns":5.0},{"damage":41.0,"enemies":"The Guardian","floor":16.0,"turns":10.0},{"damage":2.0,"enemies":"3 Byrds","floor":18.0,"turns":4.0},{"damage":12.0,"enemies":"2 Thieves","floor":19.0,"turns":3.0},{"damage":18.0,"enemies":"3 Cultists","floor":21.0,"turns":4.0},{"damage":46.0,"enemies":"Book of Stabbing","floor":24.0,"turns":7.0},{"damage":34.0,"enemies":"Gremlin Leader","floor":27.0,"turns":8.0},{"damage":45.0,"enemies":"Slavers","floor":29.0,"turns":4.0},{"damage":29.0,"enemies":"Centurion and Healer","floor":31.0,"turns":5.0},{"damage":54,"enemies":"Automaton","floor":33,"turns":10}],"seed_played":"3987840616285380747","potions_obtained":[{"floor":5.0,"key":"FearPotion"},{"floor":7.0,"key":"Regen Potion"},{"floor":14.0,"key":"SteroidPotion"},{"floor":21.0,"key":"EssenceOfSteel"},{"floor":24.0,"key":"Regen Potion"},{"floor":31.0,"key":"SpeedPotion"}],"is_trial":false,"path_per_floor":["M","?","?","M","M","R","E","R","T","E","?","E","M","M","R","B",null,"M","M","?","M","$","R","E","R","T","E","R","E","?","M","R","B"],"character_chosen":"IRONCLAD","items_purchased":["Toolbox"],"campfire_rested":1,"item_purchase_floors":[22],"current_hp_per_floor":[80,80,69,73,72,72,68,68,68,51,58,40,40,37,37,17,70,84,78,78,75,75,75,48,48,48,56,56,32,32,16,42,0],"gold":184,"neow_bonus":"ONE_RARE_RELIC","is_prod":false,"is_daily":false,"chose_seed":false,"campfire_upgraded":6,"win_rate":0,"timestamp":1566180512,"path_taken":["M","?","?","M","M","R","E","R","T","E","?","E","M","M","R","BOSS","M","M","?","M","$","R","E","R","T","E","R","E","?","M","R","BOSS"],"build_version":"2019-07-17","purchased_purges":1,"victory":false,"max_hp_per_floor":[80,80,80,80,80,80,80,80,80,80,87,87,87,87,87,87,87,87,87,87,87,87,87,87,87,87,87,87,87,87,87,87,87],"card_choices":[{"not_picked":["Flex","True Grit"],"picked":"Armaments","floor":1.0},{"not_picked":["Warcry","Iron Wave"],"picked":"Anger","floor":4.0},{"not_picked":["Headbutt","Iron Wave"],"picked":"Whirlwind","floor":5.0},{"not_picked":["Thunderclap","Headbutt"],"picked":"True Grit","floor":7.0},{"not_picked":["Sword Boomerang","Clothesline","Warcry"],"picked":"SKIP","floor":10.0},{"not_picked":["Sword Boomerang","Warcry"],"picked":"Clothesline","floor":10.0},{"not_picked":["Brutality","Burning Pact"],"picked":"Carnage","floor":12.0},{"not_picked":["Thunderclap","Inflame","Anger"],"picked":"SKIP","floor":13.0},{"not_picked":["Twin Strike","Combust","Heavy Blade"],"picked":"SKIP","floor":14.0},{"not_picked":["Berserk","Juggernaut"],"picked":"Reaper","floor":16.0},{"not_picked":["Hemokinesis","Sentinel"],"picked":"True Grit+1","floor":18.0},{"not_picked":["True Grit","Heavy Blade+1","Wild Strike+1"],"picked":"SKIP","floor":19.0},{"not_picked":["Wild Strike","Clash"],"picked":"Clothesline+1","floor":21.0},{"not_picked":["Warcry+1","Twin Strike"],"picked":"Dark Embrace","floor":24.0},{"not_picked":["Thunderclap","Heavy Blade"],"picked":"Shrug It Off","floor":27.0},{"not_picked":["Carnage","Dual Wield"],"picked":"Shockwave","floor":29.0},{"not_picked":["Wild Strike","Headbutt","True Grit"],"picked":"SKIP","floor":31.0}],"player_experience":170977,"relics_obtained":[{"floor":7.0,"key":"Smiling Mask"},{"floor":9.0,"key":"Ancient Tea Set"},{"floor":10.0,"key":"Bottled Lightning"},{"floor":12.0,"key":"Art of War"},{"floor":24.0,"key":"The Courier"},{"floor":26.0,"key":"Shuriken"},{"floor":27.0,"key":"StoneCalendar"},{"floor":29.0,"key":"Letter Opener"}],"event_choices":[{"damage_healed":0.0,"max_hp_gain":0.0,"max_hp_loss":0.0,"gold_gain":0.0,"event_name":"Living Wall","player_choice":"Grow","floor":2.0,"gold_loss":0.0,"damage_taken":0.0,"cards_upgraded":["Armaments"]},{"damage_healed":0.0,"max_hp_gain":0.0,"max_hp_loss":0.0,"gold_gain":75.0,"event_name":"World of Goop","player_choice":"Gather Gold","floor":3.0,"gold_loss":0.0,"damage_taken":11.0},{"damage_healed":0.0,"max_hp_gain":0.0,"max_hp_loss":0.0,"gold_gain":0.0,"event_name":"Big Fish","player_choice":"Box","floor":11.0,"gold_loss":0.0,"damage_taken":0.0,"relics_obtained":["Strawberry"],"cards_obtained":["Regret"]},{"damage_healed":0.0,"max_hp_gain":0.0,"max_hp_loss":0.0,"gold_gain":0.0,"event_name":"The Mausoleum","player_choice":"Opened","floor":20.0,"gold_loss":0.0,"damage_taken":0.0,"relics_obtained":["Gambling Chip"],"cards_obtained":["Writhe"]},{"cards_removed":["Shockwave"],"damage_healed":0.0,"max_hp_gain":0.0,"max_hp_loss":0.0,"gold_gain":0.0,"event_name":"Beggar","player_choice":"Gave Gold","floor":30.0,"gold_loss":75.0,"damage_taken":0.0}],"is_beta":false,"boss_relics":[{"not_picked":["Runic Dome","Busted Crown"],"picked":"Philosopher\u0027s Stone"}],"items_purged_floors":[22],"is_endless":false,"potions_floor_spawned":[5,7,14,21,24,31],"killed_by":"Automaton","ascension_level":5}