{"gold_per_floor":[110,128,78,94,94,94,121,121,144,144,144,154,188,205,205,304,304,319,58,77,77,94,94,112,112,112,112,124,159,159,179,179,277,327,346,15,28,48,63,63,63,90,143,156,171,171],"floor_reached":46,"playtime":1944,"items_purged":["Strike_B+1"],"score":585,"play_id":"a1f927d6-6b16-4cd6-bdce-afb6e4752e6d","local_time":"20190911131235","is_ascension_mode":true,"campfire_choices":[{"data":"Rip and Tear","floor":6.0,"key":"SMITH"},{"data":"Genetic Algorithm","floor":8.0,"key":"SMITH"},{"data":"Sweeping Beam","floor":10.0,"key":"SMITH"},{"floor":15.0,"key":"REST"},{"data":"Loop","floor":23.0,"key":"SMITH"},{"data":"Coolheaded","floor":27.0,"key":"SMITH"},{"data":"Self Repair","floor":30.0,"key":"SMITH"},{"floor":32.0,"key":"REST"},{"data":"Defragment","floor":40.0,"key":"SMITH"}],"neow_cost":"NONE","seed_source_timestamp":57680810040651,"circlet_count":0,"master_deck":["Strike_B+1","Defend_B+1","Defend_B+1","Defend_B+1","Defend_B+1","Zap+1","Dualcast","Genetic Algorithm+1","Rip and Tear+1","Conserve Battery","Sweeping Beam+1","Loop+1","Self Repair+1","Ball Lightning","Core Surge","Glacier","Coolheaded+1","Barrage+1","Beam Cell+1","Rainbow","Barrage+1","Echo Form","Defragment+1","Compile Driver+1","Hologram+1","Buffer","Darkness","Fusion+1","Redo+1"],"special_seed":0,"relics":["Cracked Core","Omamori","Potion Belt","Black Star","Pear","Toy Ornithopter","Du-Vu Doll","Lantern","Bottled Lightning","Tiny House","Bottled Tornado","Bag of Preparation","Cables","Regal Pillow"],"potions_floor_usage":[42,42,42,45,46],"damage_taken":[{"damage":5.0,"enemies":"Small Slimes","floor":1.0,"turns":3.0},{"damage":10.0,"enemies":"2 Louse","floor":2.0,"turns":3.0},{"damage":7.0,"enemies":"Jaw Worm","floor":4.0,"turns":3.0},{"damage":33.0,"enemies":"Gremlin Nob","floor":7.0,"turns":5.0},{"damage":1.0,"enemies":"Blue Slaver","floor":12.0,"turns":4.0},{"damage":9.0,"enemies":"Lagavulin","floor":13.0,"turns":6.0},{"damage":9.0,"enemies":"Red Slaver","floor":14.0,"turns":3.0},{"damage":12.0,"enemies":"The Guardian","floor":16.0,"turns":8.0},{"damage":17.0,"enemies":"Spheric Guardian","floor":18.0,"turns":4.0},{"damage":25.0,"enemies":"Shell Parasite","floor":20.0,"turns":7.0},{"damage":0.0,"enemies":"Centurion and Healer","floor":22.0,"turns":7.0},{"damage":10.0,"enemies":"Snake Plant","floor":24.0,"turns":6.0},{"damage":7.0,"enemies":"Snecko","floor":28.0,"turns":5.0},{"damage":58.0,"enemies":"Slavers","floor":29.0,"turns":7.0},{"damage":12.0,"enemies":"Shelled Parasite and Fungi","floor":31.0,"turns":6.0},{"damage":17.0,"enemies":"Champ","floor":33.0,"turns":10.0},{"damage":14.0,"enemies":"3 Shapes","floor":35.0,"turns":8.0},{"damage":9.0,"enemies":"Orb Walker","floor":37.0,"turns":3.0},{"damage":35.0,"enemies":"3 Darklings","floor":38.0,"turns":7.0},{"damage":60.0,"enemies":"Jaw Worm Horde","floor":39.0,"turns":5.0},{"damage":9,"enemies":"Giant Head","floor":42,"turns":11},{"damage":22,"enemies":"Writhing Mass","floor":44,"turns":7},{"damage":26,"enemies":"3 Darklings","floor":45,"turns":6},{"damage":17,"enemies":"Sphere and 2 Shapes","floor":46,"turns":3}],"seed_played":"-1172664411545275983","potions_obtained":[{"floor":7.0,"key":"FearPotion"},{"floor":12.0,"key":"Explosive Potion"},{"floor":22.0,"key":"GamblersBrew"},{"floor":28.0,"key":"SkillPotion"},{"floor":29.0,"key":"PowerPotion"},{"floor":33.0,"key":"Dexterity Potion"},{"floor":34.0,"key":"Dexterity Potion"},{"floor":37.0,"key":"GamblersBrew"},{"floor":38.0,"key":"Regen Potion"},{"floor":44,"key":"SteroidPotion"}],"is_trial":false,"path_per_floor":["M","M","?","M","?","R","E","R","T","R","?","M","E","M","R","B",null,"M","$","M","?","M","R","M","T","T","R","M","E","R","M","R","B",null,"M","$","M","M","M","R","?","E","T","M","M","M"],"character_chosen":"DEFECT","items_purchased":["Pear","Bottled Tornado"],"campfire_rested":2,"item_purchase_floors":[19,36],"current_hp_per_floor":[77,67,67,60,53,53,20,20,20,20,20,19,10,8,32,20,82,72,82,64,64,71,71,68,68,68,68,68,15,15,18,45,33,97,93,93,84,59,28,28,28,34,34,22,11,0],"gold":171,"neow_bonus":"TEN_PERCENT_HP_BONUS","is_prod":false,"is_daily":false,"chose_seed":false,"campfire_upgraded":7,"win_rate":0,"timestamp":1568225555,"path_taken":["M","M","?","M","?","R","E","R","T","R","?","M","E","M","R","BOSS","M","$","M","?","M","R","M","?","T","R","M","E","R","M","R","BOSS","M","$","M","M","M","R","?","E","T","M","M","M"],"build_version":"2019-09-10","purchased_purges":1,"victory":false,"max_hp_per_floor":[82,82,82,82,82,82,82,82,82,82,82,82,82,82,82,82,82,82,92,92,92,92,92,92,92,92,92,92,92,92,92,92,92,97,97,97,97,97,97,97,97,97,97,97,97,97],"card_choices":[{"not_picked":["Beam Cell","Turbo"],"picked":"Genetic Algorithm","floor":1.0},{"not_picked":["Coolheaded","Gash"],"picked":"Rip and Tear","floor":2.0},{"not_picked":["Barrage","Steam Power"],"picked":"Conserve Battery","floor":4.0},{"not_picked":["Undo","Chaos"],"picked":"Sweeping Beam","floor":7.0},{"not_picked":["Steam","Reprogram"],"picked":"Loop","floor":12.0},{"not_picked":["Streamline","Steam"],"picked":"Self Repair","floor":13.0},{"not_picked":["Darkness","All For One"],"picked":"Ball Lightning","floor":14.0},{"not_picked":["Hyperbeam","Thunder Strike"],"picked":"Core Surge","floor":16.0},{"not_picked":["Hello World","Rebound","Blizzard"],"picked":"SKIP","floor":18.0},{"not_picked":["Streamline","Hologram"],"picked":"Glacier","floor":20.0},{"not_picked":["Core Surge","Sweeping Beam"],"picked":"Coolheaded","floor":22.0},{"not_picked":["Steam","Glacier"],"picked":"Barrage+1","floor":24.0},{"not_picked":["Streamline","FTL"],"picked":"Beam Cell+1","floor":28.0},{"not_picked":["Hologram","Stack+1"],"picked":"Rainbow","floor":29.0},{"not_picked":["Leap","Steam+1"],"picked":"Barrage","floor":31.0},{"not_picked":["Hyperbeam","Core Surge"],"picked":"Echo Form","floor":33.0},{"not_picked":["Redo","Streamline"],"picked":"Defragment","floor":34.0},{"not_picked":["Coolheaded","Leap"],"picked":"Compile Driver+1","floor":35.0},{"not_picked":["Streamline+1","Beam Cell","Coolheaded"],"picked":"SKIP","floor":37.0},{"not_picked":["Undo","Sweeping Beam+1"],"picked":"Hologram+1","floor":38.0},{"not_picked":["Double Energy","Barrage+1","Sweeping Beam"],"picked":"SKIP","floor":39.0},{"not_picked":["Go for the Eyes+1","Cold Snap"],"picked":"Darkness","floor":42},{"not_picked":["Compile Driver+1","Streamline"],"picked":"Fusion+1","floor":44},{"not_picked":["Go for the Eyes","Sweeping Beam","Redo+1"],"picked":"SKIP","floor":45},{"not_picked":["Go for the Eyes","Sweeping Beam"],"picked":"Redo+1","floor":45}],"player_experience":264508,"relics_obtained":[{"floor":7.0,"key":"Omamori"},{"floor":13.0,"key":"Potion Belt"},{"floor":25.0,"key":"Toy Ornithopter"},{"floor":26.0,"key":"Du-Vu Doll"},{"floor":29.0,"key":"Lantern"},{"floor":29.0,"key":"Bottled Lightning"},{"floor":42,"key":"Bag of Preparation"},{"floor":42,"key":"Cables"},{"floor":43,"key":"Regal Pillow"}],"event_choices":[{"cards_removed":["Strike_B"],"damage_healed":0.0,"max_hp_gain":0.0,"max_hp_loss":0.0,"gold_gain":0.0,"event_name":"The Cleric","player_choice":"Card Removal","floor":3.0,"gold_loss":50.0,"damage_taken":0.0},{"cards_removed":["Strike_B"],"damage_healed":0.0,"max_hp_gain":0.0,"max_hp_loss":0.0,"gold_gain":0.0,"event_name":"Golden Wing","player_choice":"Card Removal","floor":5.0,"gold_loss":0.0,"damage_taken":7.0},{"damage_healed":0.0,"max_hp_gain":0.0,"max_hp_loss":0.0,"gold_gain":0.0,"event_name":"Living Wall","player_choice":"Grow","floor":11.0,"gold_loss":0.0,"damage_taken":0.0,"cards_upgraded":["Zap"]},{"damage_healed":0.0,"max_hp_gain":0.0,"max_hp_loss":0.0,"gold_gain":0.0,"event_name":"Back to Basics","player_choice":"Simplicity","floor":21.0,"gold_loss":0.0,"damage_taken":0.0,"cards_upgraded":["Strike_B","Strike_B","Defend_B","Defend_B","Defend_B","Defend_B"]},{"damage_healed":0.0,"max_hp_gain":0.0,"max_hp_loss":0.0,"gold_gain":0.0,"event_name":"Match and Keep!","player_choice":"1 cards matched","floor":41.0,"gold_loss":0.0,"damage_taken":0.0,"cards_obtained":["Buffer"]}],"is_beta":true,"boss_relics":[{"not_picked":["Pandora\u0027s Box","SacredBark"],"picked":"Black Star"},{"not_picked":["Runic Pyramid","Fusion Hammer"],"picked":"Tiny House"}],"items_purged_floors":[36],"is_endless":false,"potions_floor_spawned":[7,12,22,28,29,33,37,38,44],"killed_by":"Sphere and 2 Shapes","ascension_level":2}