{"gold_per_floor":[113,124,124,142,158,188,188,198,243,59,85,85,126,149,161,271,283,308,245,257,292,320,332,360,372,459,491,503],"floor_reached":28,"playtime":1937,"items_purged":[],"score":303,"play_id":"f54e3982-805f-4847-8b73-bef620a2bafb","local_time":"20190808202420","is_ascension_mode":true,"campfire_choices":[{"data":"Havoc","floor":7.0,"key":"SMITH"},{"data":"Feel No Pain","floor":15.0,"key":"SMITH"},{"data":"1","floor":23,"key":"LIFT"},{"floor":25,"key":"RECALL"}],"neow_cost":"NONE","seed_source_timestamp":0,"circlet_count":0,"master_deck":["Strike_R","Strike_R","Strike_R","Strike_R+1","Strike_R","Defend_R","Defend_R","Bash+1","Anger","Havoc+1","Carnage","Fiend Fire","Feel No Pain+1","Shockwave","Corruption","Regret","Shrug It Off+1","True Grit+1","Dark Embrace","Pain","Pain","Writhe","Sever Soul","Rupture","Havoc+1","Pommel Strike","True Grit+1"],"special_seed":0,"relics":["Burning Blood","Pantograph","Whetstone","Orichalcum","Toxic Egg 2","MawBank","Torii","Calling Bell","Ancient Tea Set","Pear","Girya"],"potions_floor_usage":[22,28],"damage_taken":[{"damage":2.0,"enemies":"Jaw Worm","floor":1.0,"turns":3.0},{"damage":0.0,"enemies":"Cultist","floor":2.0,"turns":2.0},{"damage":5.0,"enemies":"Small Slimes","floor":4.0,"turns":3.0},{"damage":16.0,"enemies":"Blue Slaver","floor":5.0,"turns":3.0},{"damage":29.0,"enemies":"3 Sentries","floor":6.0,"turns":8.0},{"damage":10.0,"enemies":"Lots of Slimes","floor":8.0,"turns":4.0},{"damage":6.0,"enemies":"Gremlin Nob","floor":11.0,"turns":3.0},{"damage":15.0,"enemies":"Lagavulin","floor":13.0,"turns":5.0},{"damage":0.0,"enemies":"2 Fungi Beasts","floor":14.0,"turns":2.0},{"damage":7.0,"enemies":"Slime Boss","floor":16.0,"turns":12.0},{"damage":10.0,"enemies":"Chosen","floor":18.0,"turns":6.0},{"damage":19.0,"enemies":"Spheric Guardian","floor":21.0,"turns":5.0},{"damage":26,"enemies":"Chosen and Byrds","floor":22,"turns":6},{"damage":16,"enemies":"Cultist and Chosen","floor":24,"turns":6},{"damage":53,"enemies":"Sentry and Sphere","floor":27,"turns":8},{"damage":14,"enemies":"Snecko","floor":28,"turns":3}],"seed_played":"-4332196477986206057","potions_obtained":[{"floor":2.0,"key":"Fruit Juice"},{"floor":4.0,"key":"Dexterity Potion"},{"floor":5.0,"key":"GamblersBrew"},{"floor":6.0,"key":"EssenceOfSteel"},{"floor":11.0,"key":"PowerPotion"},{"floor":14.0,"key":"Weak Potion"},{"floor":21,"key":"Explosive Potion"},{"floor":24,"key":"FearPotion"}],"is_trial":false,"path_per_floor":["M","M","?","M","M","E","R","M","T","$","E","?","E","M","R","B",null,"M","?","?","M","M","R","M","R","T","M","M"],"character_chosen":"IRONCLAD","items_purchased":["Orichalcum","Shockwave"],"campfire_rested":0,"item_purchase_floors":[10,10],"current_hp_per_floor":[88,88,88,93,83,60,60,56,56,56,56,56,47,53,53,77,103,99,99,99,86,66,66,56,56,56,9,0],"gold":503,"neow_bonus":"TEN_PERCENT_HP_BONUS","is_prod":false,"is_daily":false,"chose_seed":false,"campfire_upgraded":2,"win_rate":0,"timestamp":1565313860,"path_taken":["M","M","?","M","M","E","R","?","T","?","E","?","E","M","R","BOSS","M","?","?","?","M","R","M","R","T","M","M"],"build_version":"2019-07-17","purchased_purges":0,"victory":false,"max_hp_per_floor":[88,88,88,93,93,93,93,93,93,93,93,93,93,93,93,93,103,103,103,103,103,103,103,103,103,103,103,103],"card_choices":[{"not_picked":["True Grit","Warcry"],"picked":"Anger","floor":1.0},{"not_picked":["Evolve","True Grit"],"picked":"Sever Soul","floor":2.0},{"not_picked":["Searing Blow","Spot Weakness"],"picked":"Havoc","floor":4.0},{"not_picked":["Havoc","Entrench"],"picked":"Carnage","floor":5.0},{"not_picked":["Headbutt","Reckless Charge"],"picked":"Fiend Fire","floor":6.0},{"not_picked":["True Grit","Anger"],"picked":"Feel No Pain","floor":8.0},{"not_picked":["Whirlwind","Clash"],"picked":"Corruption","floor":11.0},{"not_picked":["Rampage","True Grit+1"],"picked":"Shrug It Off+1","floor":13.0},{"not_picked":["Rupture","Bloodletting+1"],"picked":"True Grit+1","floor":14.0},{"not_picked":["Immolate","Berserk"],"picked":"Dark Embrace","floor":16.0},{"not_picked":["Flex+1","Sword Boomerang"],"picked":"Sever Soul","floor":18.0},{"not_picked":["Flex+1","Battle Trance+1"],"picked":"Rupture","floor":21},{"not_picked":["Headbutt","True Grit+1"],"picked":"Havoc+1","floor":22},{"not_picked":["Clash","Hemokinesis"],"picked":"Pommel Strike","floor":24},{"not_picked":["Cleave+1","Entrench+1"],"picked":"True Grit+1","floor":27}],"player_experience":111526,"relics_obtained":[{"floor":6.0,"key":"Pantograph"},{"floor":9.0,"key":"Whetstone"},{"floor":11.0,"key":"Toxic Egg 2"},{"floor":13.0,"key":"Torii"},{"floor":17.0,"key":"Ancient Tea Set"},{"floor":17.0,"key":"Pear"},{"floor":17.0,"key":"Girya"}],"event_choices":[{"cards_removed":["Sever Soul"],"damage_healed":0.0,"max_hp_gain":0.0,"max_hp_loss":0.0,"gold_gain":0.0,"event_name":"Bonfire Elementals","player_choice":"Offered Uncommon","floor":3.0,"gold_loss":0.0,"damage_taken":0.0},{"damage_healed":0.0,"max_hp_gain":0.0,"max_hp_loss":0.0,"gold_gain":0.0,"event_name":"Big Fish","player_choice":"Box","floor":12.0,"gold_loss":0.0,"damage_taken":0.0,"relics_obtained":["MawBank"],"cards_obtained":["Regret"]},{"cards_removed":["Defend_R"],"damage_healed":0.0,"max_hp_gain":0.0,"max_hp_loss":0.0,"gold_gain":0.0,"event_name":"Beggar","player_choice":"Gave Gold","floor":19.0,"gold_loss":75.0,"damage_taken":0.0},{"cards_removed":["Defend_R"],"damage_healed":0.0,"max_hp_gain":0.0,"max_hp_loss":0.0,"gold_gain":0.0,"event_name":"Purifier","player_choice":"Purged","floor":20.0,"gold_loss":0.0,"damage_taken":0.0}],"is_beta":false,"boss_relics":[{"not_picked":["Velvet Choker","Eternal Feather"],"picked":"Calling Bell"}],"items_purged_floors":[],"is_endless":false,"potions_floor_spawned":[2,4,5,6,11,14,21,24],"killed_by":"Snecko","ascension_level":3}