{"gold_per_floor":[119,119,119,119,143,143,167,202,202,202,14,14,14,29,29,29],"floor_reached":16,"playtime":469,"items_purged":[],"score":137,"play_id":"fe650575-5adb-4d44-bb34-ea1c900db36e","local_time":"20190904164424","is_ascension_mode":true,"campfire_choices":[{"data":"True Grit","floor":6,"key":"SMITH"},{"data":"Feel No Pain","floor":10,"key":"SMITH"},{"data":"Shockwave","floor":12,"key":"SMITH"},{"floor":15,"key":"REST"}],"neow_cost":"NONE","seed_source_timestamp":264381116358251,"circlet_count":0,"master_deck":["Strike_R","Strike_R","Strike_R","Strike_R","Defend_R","Defend_R","Defend_R","Defend_R","Bash","Dark Embrace","Feel No Pain+1","True Grit+1","Whirlwind","Havoc","Shockwave+1","Impervious","Reaper+1"],"relics":["Burning Blood","Golden Idol","Dodecahedron","Molten Egg 2"],"potions_floor_usage":[],"damage_taken":[{"damage":6,"enemies":"Cultist","floor":1,"turns":4},{"damage":4,"enemies":"Small Slimes","floor":5,"turns":5},{"damage":6,"enemies":"2 Louse","floor":7,"turns":7},{"damage":57,"enemies":"Gremlin Nob","floor":8,"turns":6},{"damage":0,"enemies":"Lots of Slimes","floor":14,"turns":1},{"damage":37,"enemies":"The Guardian","floor":16,"turns":15}],"seed_played":"9198105516441243870","potions_obtained":[{"floor":5,"key":"Energy Potion"},{"floor":8,"key":"SneckoOil"}],"is_trial":false,"path_per_floor":["M","?","?","?","M","R","M","E","T","R","$","R","$","M","R","B"],"character_chosen":"IRONCLAD","items_purchased":["Shockwave","Impervious"],"campfire_rested":1,"item_purchase_floors":[11,11],"current_hp_per_floor":[72,52,57,57,59,59,59,8,8,8,8,8,8,14,39,9],"gold":29,"neow_bonus":"ONE_RANDOM_RARE_CARD","is_prod":false,"is_daily":false,"chose_seed":false,"campfire_upgraded":3,"win_rate":0,"timestamp":1567633464,"path_taken":["M","?","?","?","M","R","M","E","T","R","$","R","$","?","R","BOSS"],"build_version":"2019-07-17","purchased_purges":0,"victory":false,"max_hp_per_floor":[80,80,85,85,85,85,85,85,85,85,85,85,85,85,85,85],"card_choices":[{"not_picked":["Heavy Blade","Clothesline"],"picked":"Feel No Pain","floor":1},{"not_picked":["Wild Strike","Cleave"],"picked":"True Grit","floor":5},{"not_picked":["Clothesline","Clash"],"picked":"Whirlwind","floor":7},{"not_picked":["Rupture","Heavy Blade"],"picked":"Havoc","floor":8},{"not_picked":["Flex","Body Slam+1"],"picked":"Reaper+1","floor":14}],"player_experience":239621,"relics_obtained":[{"floor":8,"key":"Dodecahedron"},{"floor":9,"key":"Molten Egg 2"}],"event_choices":[{"damage_healed":0,"gold_gain":0,"player_choice":"Take Damage","damage_taken":20,"relics_obtained":["Golden Idol"],"max_hp_gain":0,"max_hp_loss":0,"event_name":"Golden Idol","floor":2,"gold_loss":0},{"damage_healed":0,"gold_gain":0,"player_choice":"Donut","damage_taken":0,"max_hp_gain":5,"max_hp_loss":0,"event_name":"Big Fish","floor":3,"gold_loss":0},{"cards_removed":["Strike_R"],"damage_healed":0,"gold_gain":0,"player_choice":"Offered Basic","damage_taken":0,"max_hp_gain":0,"max_hp_loss":0,"event_name":"Bonfire Elementals","floor":4,"gold_loss":0}],"is_beta":false,"boss_relics":[],"items_purged_floors":[],"is_endless":false,"potions_floor_spawned":[5,8],"killed_by":"The Guardian","ascension_level":8}