{"gold_per_floor":[111,111,111,125,141,141,157,169,169,184,201,217,248,261,261,261],"floor_reached":16,"playtime":1007,"items_purged":[],"score":119,"play_id":"b43fa98d-69cf-41c5-b6eb-3f006742e5b8","local_time":"20190724184541","is_ascension_mode":true,"campfire_choices":[{"data":"Offering","floor":6,"key":"SMITH"},{"floor":15,"key":"REST"}],"neow_cost":"TEN_PERCENT_HP_LOSS","seed_source_timestamp":106513465692453,"circlet_count":0,"master_deck":["Strike_R","Strike_R","Strike_R","Strike_R","Strike_R","Defend_R","Defend_R","Defend_R","Bash","Offering+1","Whirlwind","Regret","Shrug It Off","Ghostly Armor","Pommel Strike","Pommel Strike","Armaments","Reaper","Pommel Strike","Twin Strike+1","Power Through"],"relics":["Burning Blood","Lantern","Pantograph","Molten Egg 2"],"potions_floor_usage":[8,13],"damage_taken":[{"damage":9,"enemies":"Jaw Worm","floor":1,"turns":4},{"damage":9,"enemies":"Small Slimes","floor":4,"turns":2},{"damage":10,"enemies":"Cultist","floor":5,"turns":3},{"damage":6,"enemies":"2 Fungi Beasts","floor":7,"turns":1},{"damage":1,"enemies":"Lots of Slimes","floor":8,"turns":2},{"damage":6,"enemies":"3 Louse","floor":10,"turns":1},{"damage":15,"enemies":"2 Fungi Beasts","floor":11,"turns":4},{"damage":21,"enemies":"Exordium Wildlife","floor":12,"turns":6},{"damage":47,"enemies":"Lagavulin","floor":13,"turns":6},{"damage":10,"enemies":"Blue Slaver","floor":14,"turns":3},{"damage":55,"enemies":"The Guardian","floor":16,"turns":9}],"seed_played":"-8076657609104558178","potions_obtained":[{"floor":4,"key":"Explosive Potion"},{"floor":5,"key":"GamblersBrew"},{"floor":7,"key":"LiquidBronze"},{"floor":10,"key":"Ancient Potion"}],"is_trial":false,"path_per_floor":["M","?","?","M","M","R","M","M","T","M","M","M","E","M","R","B"],"character_chosen":"IRONCLAD","items_purchased":[],"campfire_rested":1,"item_purchase_floors":[],"current_hp_per_floor":[69,69,69,66,62,62,62,67,67,67,58,49,12,8,29,0],"gold":261,"neow_bonus":"THREE_RARE_CARDS","is_prod":false,"is_daily":false,"chose_seed":false,"campfire_upgraded":1,"win_rate":0,"timestamp":1564011941,"path_taken":["M","?","?","M","M","R","M","M","T","?","M","M","E","M","R","BOSS"],"build_version":"2019-07-17","purchased_purges":0,"victory":false,"max_hp_per_floor":[72,72,72,72,72,72,72,72,72,72,72,72,72,72,72,72],"card_choices":[{"not_picked":["Barricade","Berserk"],"picked":"Offering","floor":0},{"not_picked":["Cleave","Fire Breathing"],"picked":"Whirlwind","floor":1},{"not_picked":["Body Slam","Cleave"],"picked":"Shrug It Off","floor":4},{"not_picked":["True Grit","Body Slam"],"picked":"Ghostly Armor","floor":5},{"not_picked":["Sword Boomerang","Clothesline"],"picked":"Pommel Strike","floor":7},{"not_picked":["Thunderclap","Sword Boomerang"],"picked":"Pommel Strike","floor":8},{"not_picked":["Twin Strike","Spot Weakness"],"picked":"Armaments","floor":10},{"not_picked":["Iron Wave","Warcry"],"picked":"Reaper","floor":11},{"not_picked":["Flex","Rampage"],"picked":"Pommel Strike","floor":12},{"not_picked":["Rupture","Flex"],"picked":"Twin Strike","floor":13},{"not_picked":["Heavy Blade+1","Spot Weakness"],"picked":"Power Through","floor":14}],"player_experience":90347,"relics_obtained":[{"floor":9,"key":"Pantograph"},{"floor":13,"key":"Molten Egg 2"}],"event_choices":[{"damage_healed":0,"gold_gain":0,"player_choice":"Box","damage_taken":0,"relics_obtained":["Lantern"],"max_hp_gain":0,"max_hp_loss":0,"event_name":"Big Fish","floor":2,"gold_loss":0,"cards_obtained":["Regret"]},{"cards_removed":["Defend_R"],"damage_healed":0,"gold_gain":0,"player_choice":"Purged","damage_taken":0,"max_hp_gain":0,"max_hp_loss":0,"event_name":"Purifier","floor":3,"gold_loss":0}],"is_beta":false,"boss_relics":[],"items_purged_floors":[],"is_endless":false,"potions_floor_spawned":[4,5,7,10],"killed_by":"The Guardian","ascension_level":2}