{"gold_per_floor":[116,16,28,46,66,66,91,91,169,201,221,231,249,86,86,158,158,178,193,108,124,124,124,144,164,188,188,207,207,234,247,247,247],"floor_reached":33,"playtime":3768,"items_purged":["Strike_B"],"score":563,"play_id":"72e1aa7b-9d4a-4027-92f5-27d346d6a418","local_time":"20190925214637","is_ascension_mode":true,"campfire_choices":[{"data":"Go for the Eyes","floor":6.0,"key":"SMITH"},{"data":"Beam Cell","floor":8.0,"key":"SMITH"},{"data":"Glacier","floor":15.0,"key":"SMITH"},{"data":"Hologram","floor":23.0,"key":"SMITH"},{"floor":27.0,"key":"REST"},{"data":"Coolheaded","floor":32,"key":"SMITH"}],"neow_cost":"NONE","seed_source_timestamp":0,"circlet_count":0,"master_deck":["AscendersBane","Strike_B+1","Strike_B+1","Strike_B+1","Defend_B+1","Defend_B+1","Defend_B+1","Defend_B+1","Zap","Dualcast","Leap","Go for the Eyes+1","Beam Cell+1","Cold Snap","Doom and Gloom","Ball Lightning+1","Glacier+1","Coolheaded+1","Hologram+1","Rainbow","Chill","Genetic Algorithm","Lockon"],"special_seed":0,"relics":["Cracked Core","Ginger","Cables","Strawberry","Whetstone","Inserter","Pear","PreservedInsect","Bottled Lightning"],"potions_floor_usage":[30],"damage_taken":[{"damage":1.0,"enemies":"Cultist","floor":1.0,"turns":3.0},{"damage":0.0,"enemies":"Jaw Worm","floor":3.0,"turns":3.0},{"damage":4.0,"enemies":"2 Louse","floor":4.0,"turns":3.0},{"damage":0.0,"enemies":"Looter","floor":5.0,"turns":2.0},{"damage":14.0,"enemies":"Gremlin Nob","floor":7.0,"turns":4.0},{"damage":15.0,"enemies":"3 Sentries","floor":10.0,"turns":5.0},{"damage":4.0,"enemies":"2 Fungi Beasts","floor":11.0,"turns":3.0},{"damage":4.0,"enemies":"Lots of Slimes","floor":12.0,"turns":2.0},{"damage":2.0,"enemies":"Large Slime","floor":13.0,"turns":8.0},{"damage":12.0,"enemies":"Hexaghost","floor":16.0,"turns":9.0},{"damage":4.0,"enemies":"Spheric Guardian","floor":18.0,"turns":5.0},{"damage":0.0,"enemies":"Chosen","floor":19.0,"turns":4.0},{"damage":10.0,"enemies":"Centurion and Healer","floor":21.0,"turns":9.0},{"damage":8.0,"enemies":"Shelled Parasite and Fungi","floor":24.0,"turns":8.0},{"damage":10.0,"enemies":"Chosen and Byrds","floor":25.0,"turns":8.0},{"damage":5.0,"enemies":"Snake Plant","floor":28.0,"turns":5.0},{"damage":22,"enemies":"Gremlin Leader","floor":30,"turns":9},{"damage":13,"enemies":"Sentry and Sphere","floor":31,"turns":5},{"damage":68,"enemies":"Collector","floor":33,"turns":6}],"seed_played":"3461996638079663829","potions_obtained":[{"floor":3.0,"key":"AttackPotion"},{"floor":5.0,"key":"Strength Potion"},{"floor":13.0,"key":"Explosive Potion"},{"floor":16.0,"key":"EssenceOfSteel"},{"floor":18.0,"key":"Weak Potion"},{"floor":19.0,"key":"EssenceOfSteel"},{"floor":28.0,"key":"Regen Potion"}],"is_trial":false,"path_per_floor":["M","$","M","M","M","R","E","R","T","E","M","M","M","$","R","B",null,"M","M","?","M","?","R","M","M","T","R","M","?","E","M","R","B"],"character_chosen":"DEFECT","items_purchased":["Go for the Eyes","Whetstone"],"campfire_rested":1,"item_purchase_floors":[2,14],"current_hp_per_floor":[70,70,70,66,66,66,52,52,52,44,40,36,34,34,34,22,69,65,65,75,65,65,65,57,47,47,75,70,70,63,50,50,0],"gold":247,"neow_bonus":"TEN_PERCENT_HP_BONUS","is_prod":false,"is_daily":false,"chose_seed":false,"campfire_upgraded":5,"win_rate":0,"timestamp":1569462397,"path_taken":["M","?","M","M","M","R","E","R","T","E","M","M","M","$","R","BOSS","M","M","?","M","?","R","M","M","T","R","M","?","E","M","R","BOSS"],"build_version":"2019-07-17","purchased_purges":1,"victory":false,"max_hp_per_floor":[78,78,78,78,78,78,78,78,78,85,85,85,85,85,85,85,85,85,85,95,95,95,95,95,95,95,95,95,95,95,95,95,95],"card_choices":[{"not_picked":["Rebound","Double Energy"],"picked":"Leap","floor":1.0},{"not_picked":["Redo","Cold Snap"],"picked":"Beam Cell","floor":3.0},{"not_picked":["Chaos","Cold Snap","Force Field"],"picked":"SKIP","floor":4.0},{"not_picked":["Chaos","Force Field"],"picked":"Cold Snap","floor":4.0},{"not_picked":["Melter","Redo"],"picked":"Doom and Gloom","floor":5.0},{"not_picked":["Recycle","Beam Cell"],"picked":"Ball Lightning","floor":7.0},{"not_picked":["Cold Snap","Streamline"],"picked":"Glacier","floor":10.0},{"not_picked":["Capacitor","Streamline"],"picked":"Coolheaded","floor":11.0},{"not_picked":["Static Discharge","Beam Cell","Cold Snap"],"picked":"SKIP","floor":12.0},{"not_picked":["Melter","White Noise"],"picked":"Hologram","floor":13.0},{"not_picked":["Creative AI","Hyperbeam"],"picked":"Rainbow","floor":16.0},{"not_picked":["Conserve Battery","Turbo"],"picked":"Chill","floor":18.0},{"not_picked":["Hologram","Reprogram","Streamline"],"picked":"SKIP","floor":19.0},{"not_picked":["Rebound","Sunder","Gash+1"],"picked":"SKIP","floor":21.0},{"not_picked":["Darkness","Hologram"],"picked":"Genetic Algorithm","floor":24.0},{"not_picked":["Hello World","Steam Power+1"],"picked":"Lockon","floor":25.0},{"not_picked":["Leap","Hologram","Ball Lightning"],"picked":"SKIP","floor":28.0},{"not_picked":["Auto Shields","Static Discharge","Doom and Gloom"],"picked":"SKIP","floor":30},{"not_picked":["Fusion","Core Surge","Hologram"],"picked":"SKIP","floor":31}],"player_experience":413054,"relics_obtained":[{"floor":7.0,"key":"Ginger"},{"floor":9.0,"key":"Cables"},{"floor":10.0,"key":"Strawberry"},{"floor":26.0,"key":"PreservedInsect"},{"floor":30,"key":"Bottled Lightning"}],"event_choices":[{"damage_healed":0.0,"max_hp_gain":0.0,"max_hp_loss":0.0,"gold_gain":0.0,"event_name":"Addict","player_choice":"Obtained Relic","floor":20.0,"gold_loss":85.0,"damage_taken":0.0,"relics_obtained":["Pear"]},{"damage_healed":0.0,"max_hp_gain":0.0,"max_hp_loss":0.0,"gold_gain":0.0,"event_name":"Back to Basics","player_choice":"Simplicity","floor":22.0,"gold_loss":0.0,"damage_taken":0.0,"cards_upgraded":["Strike_B","Strike_B","Defend_B","Defend_B","Defend_B","Defend_B"]},{"damage_healed":0,"gold_gain":0,"player_choice":"Ignored","damage_taken":0,"max_hp_gain":0,"max_hp_loss":0,"event_name":"The Mausoleum","floor":29,"gold_loss":0}],"is_beta":false,"boss_relics":[{"not_picked":["Eternal Feather","Calling Bell"],"picked":"Inserter"}],"items_purged_floors":[2],"is_endless":false,"potions_floor_spawned":[3,5,13,16,18,19,28],"killed_by":"Collector","ascension_level":18}