{"gold_per_floor":[15,15,30,30,30,30,91,124,151,151,164,187,187,221,221,342,342,366,382,405,14,0,0,0,0,25,25,65,65,65,88,88,88],"floor_reached":33,"playtime":1862,"items_purged":[],"score":298,"play_id":"45387996-c569-4d8e-b9dd-092d8977bf45","local_time":"20190725195325","is_ascension_mode":true,"campfire_choices":[{"data":"Bash","floor":6,"key":"SMITH"},{"floor":10,"key":"REST"},{"data":"Feel No Pain","floor":13,"key":"SMITH"},{"data":"Perfected Strike","floor":15,"key":"SMITH"},{"floor":23,"key":"RECALL"},{"data":"Second Wind","floor":25,"key":"SMITH"},{"data":"Clash","floor":29,"key":"SMITH"},{"data":"Offering","floor":32,"key":"SMITH"}],"neow_cost":"NO_GOLD","seed_source_timestamp":196125233894050,"circlet_count":0,"master_deck":["Strike_R","Strike_R","Strike_R+1","Strike_R","Strike_R","Defend_R","Defend_R","Defend_R","Defend_R","Bash+1","Perfected Strike+1","Havoc+1","Second Wind+1","Offering+1","Feel No Pain+1","Metallicize","Clash+1","Feed+1","Warcry","Clash+1","Pommel Strike","Headbutt+1","Hemokinesis+1"],"relics":["Burning Blood","Charon\u0027s Ashes","Golden Idol","Darkstone Periapt","Blood Vial","Juzu Bracelet","Orichalcum","Omamori","Runic Cube","ClockworkSouvenir","Whetstone","MutagenicStrength","Bag of Preparation","Molten Egg 2"],"potions_floor_usage":[14,14,16,19,33,33,33],"damage_taken":[{"damage":11,"enemies":"Cultist","floor":1,"turns":4},{"damage":7,"enemies":"Jaw Worm","floor":3,"turns":2},{"damage":36,"enemies":"3 Sentries","floor":7,"turns":6},{"damage":33,"enemies":"Gremlin Nob","floor":8,"turns":5},{"damage":0,"enemies":"Small Slimes","floor":11,"turns":3},{"damage":13,"enemies":"3 Louse","floor":12,"turns":3},{"damage":7,"enemies":"Lagavulin","floor":14,"turns":4},{"damage":40,"enemies":"Slime Boss","floor":16,"turns":12},{"damage":6,"enemies":"Chosen","floor":18,"turns":3},{"damage":20,"enemies":"2 Thieves","floor":19,"turns":3},{"damage":21,"enemies":"Snecko","floor":20,"turns":4},{"damage":15,"enemies":"Slavers","floor":28,"turns":4},{"damage":6,"enemies":"3 Cultists","floor":31,"turns":2},{"damage":74,"enemies":"Automaton","floor":33,"turns":6}],"seed_played":"9205333288919050070","potions_obtained":[{"floor":7,"key":"BloodPotion"},{"floor":8,"key":"FearPotion"},{"floor":12,"key":"AttackPotion"},{"floor":14,"key":"Weak Potion"},{"floor":28,"key":"GamblersBrew"},{"floor":31,"key":"AttackPotion"}],"is_trial":false,"path_per_floor":["M","?","M","?","T","R","?","E","T","R","M","M","R","E","R","B",null,"M","M","M","$","?","R","$","R","T","?","E","R","?","M","R","B"],"character_chosen":"IRONCLAD","items_purchased":["ClockworkSouvenir","Whetstone","Block Potion"],"campfire_rested":1,"item_purchase_floors":[21,21,21],"current_hp_per_floor":[75,74,73,73,73,73,44,19,19,41,49,44,44,45,45,31,74,74,63,50,50,50,50,50,50,50,50,47,47,47,53,53,0],"gold":88,"neow_bonus":"ONE_RARE_RELIC","is_prod":false,"is_daily":false,"chose_seed":false,"campfire_upgraded":6,"win_rate":0,"timestamp":1564102405,"path_taken":["M","?","M","?","?","R","?","E","T","R","M","M","R","E","R","BOSS","M","M","M","$","?","R","$","R","T","?","E","R","?","M","R","BOSS"],"build_version":"2019-07-17","purchased_purges":0,"victory":false,"max_hp_per_floor":[80,74,74,74,74,74,74,74,74,74,74,74,74,74,74,74,74,74,77,77,77,77,77,77,77,77,77,81,81,81,85,85,85],"card_choices":[{"not_picked":["Headbutt","Heavy Blade"],"picked":"Perfected Strike","floor":1},{"not_picked":["Shrug It Off","Intimidate"],"picked":"Havoc","floor":3},{"not_picked":["Headbutt","Perfected Strike"],"picked":"Second Wind","floor":7},{"not_picked":["Ghostly Armor","Armaments"],"picked":"Offering","floor":8},{"not_picked":["Spot Weakness","Flex"],"picked":"Feel No Pain","floor":11},{"not_picked":["Twin Strike","Flex"],"picked":"Metallicize","floor":12},{"not_picked":["Headbutt","Spot Weakness"],"picked":"Clash","floor":14},{"not_picked":["Offering","Berserk"],"picked":"Feed","floor":16},{"not_picked":["Anger","Perfected Strike"],"picked":"Warcry","floor":18},{"not_picked":["Sword Boomerang","Armaments"],"picked":"Clash+1","floor":19},{"not_picked":["Power Through","Entrench"],"picked":"Pommel Strike","floor":20},{"not_picked":["Shrug It Off+1","Thunderclap+1"],"picked":"Headbutt+1","floor":28},{"not_picked":["Whirlwind+1","Cleave+1"],"picked":"Hemokinesis+1","floor":31}],"player_experience":99815,"relics_obtained":[{"floor":5,"key":"Darkstone Periapt"},{"floor":8,"key":"Juzu Bracelet"},{"floor":9,"key":"Orichalcum"},{"floor":14,"key":"Omamori"},{"floor":28,"key":"Bag of Preparation"}],"event_choices":[{"damage_healed":0,"gold_gain":0,"player_choice":"Lose Max HP","damage_taken":0,"relics_obtained":["Golden Idol"],"max_hp_gain":0,"max_hp_loss":6,"event_name":"Golden Idol","floor":2,"gold_loss":0},{"damage_healed":0,"gold_gain":0,"player_choice":"Grow","damage_taken":0,"max_hp_gain":0,"max_hp_loss":0,"event_name":"Living Wall","floor":4,"gold_loss":0,"cards_upgraded":["Havoc"]},{"damage_healed":0,"gold_gain":30,"player_choice":"Searched \u00273\u0027 times","damage_taken":0,"relics_obtained":["Blood Vial"],"max_hp_gain":0,"max_hp_loss":0,"event_name":"Dead Adventurer","floor":7,"gold_loss":0},{"damage_healed":0,"gold_gain":0,"player_choice":"Paid Fearfully","damage_taken":0,"max_hp_gain":0,"max_hp_loss":0,"event_name":"Masked Bandits","floor":22,"gold_loss":14},{"damage_healed":0,"gold_gain":0,"player_choice":"Inject Mutagens","damage_taken":0,"relics_obtained":["MutagenicStrength"],"max_hp_gain":0,"max_hp_loss":0,"event_name":"Drug Dealer","floor":27,"gold_loss":0},{"damage_healed":0,"gold_gain":0,"player_choice":"Stole Relic","damage_taken":0,"relics_obtained":["Molten Egg 2"],"max_hp_gain":0,"max_hp_loss":0,"event_name":"Addict","floor":30,"gold_loss":0,"cards_obtained":["Shame"]}],"is_beta":false,"boss_relics":[{"not_picked":["Ectoplasm","White Beast Statue"],"picked":"Runic Cube"}],"items_purged_floors":[],"is_endless":false,"potions_floor_spawned":[7,8,12,14,28,31],"killed_by":"Automaton","ascension_level":2}