{"gold_per_floor":[109,34,34,134,151,180,194,223,247,247,266,285,285,72,72,174,174,190,190,105,105,33,91,91,121,145,112],"floor_reached":27,"playtime":2116,"items_purged":["Strike_B","Strike_B"],"score":257,"play_id":"e707e0ed-f4c7-4447-a5b1-4580d3da4bb7","local_time":"20190820080110","is_ascension_mode":false,"campfire_choices":[{"data":"Defragment","floor":10.0,"key":"SMITH"},{"data":"Loop","floor":13.0,"key":"SMITH"},{"data":"Loop","floor":15.0,"key":"SMITH"},{"data":"Capacitor","floor":24.0,"key":"SMITH"}],"neow_cost":"NONE","seed_source_timestamp":136600782388054,"circlet_count":0,"master_deck":["Strike_B","Defend_B","Defend_B","Defend_B","Defend_B","Zap","Dualcast","Ball Lightning","Cold Snap","Sweeping Beam","Defragment+1","Loop+1","Capacitor+1","Sweeping Beam","Loop+1","Redo","Electrodynamics","Coolheaded","RitualDagger","Defragment+1","Defragment","Leap+1","Consume"],"special_seed":0,"relics":["Cracked Core","Blood Vial","Vajra","Potion Belt","Sozu","Pen Nib","Tiny Chest","Gremlin Horn","MawBank"],"potions_floor_usage":[25,25],"damage_taken":[{"damage":0.0,"enemies":"2 Louse","floor":1.0,"turns":2.0},{"damage":1.0,"enemies":"Jaw Worm","floor":5.0,"turns":3.0},{"damage":26.0,"enemies":"Lagavulin","floor":6.0,"turns":6.0},{"damage":1.0,"enemies":"Cultist","floor":7.0,"turns":3.0},{"damage":12.0,"enemies":"Gremlin Nob","floor":8.0,"turns":4.0},{"damage":0.0,"enemies":"2 Fungi Beasts","floor":11.0,"turns":2.0},{"damage":0.0,"enemies":"Large Slime","floor":12.0,"turns":4.0},{"damage":19.0,"enemies":"The Guardian","floor":16.0,"turns":7.0},{"damage":15.0,"enemies":"Shell Parasite","floor":18.0,"turns":5.0},{"damage":27.0,"enemies":"Book of Stabbing","floor":23.0,"turns":5.0},{"damage":35,"enemies":"Slavers","floor":25,"turns":3},{"damage":5,"enemies":"2 Thieves","floor":27,"turns":2}],"seed_played":"-2452144079772032585","potions_obtained":[{"floor":5.0,"key":"PowerPotion"},{"floor":6.0,"key":"Energy Potion"},{"floor":11.0,"key":"Poison Potion"},{"floor":16.0,"key":"PowerPotion"}],"is_trial":false,"path_per_floor":["M","$","?","?","M","E","M","E","T","R","M","M","R","$","R","B",null,"M","?","?","?","$","E","R","E","T","M"],"character_chosen":"DEFECT","items_purchased":["Loop","Redo","Defragment"],"campfire_rested":0,"item_purchase_floors":[14,14,22],"current_hp_per_floor":[82,82,75,75,74,48,49,39,39,39,41,43,43,43,43,26,82,67,61,61,61,61,36,36,3,3,0],"gold":112,"neow_bonus":"TEN_PERCENT_HP_BONUS","is_prod":false,"is_daily":false,"chose_seed":false,"campfire_upgraded":4,"win_rate":0.0,"timestamp":1566280870,"path_taken":["M","$","?","?","M","E","?","E","T","R","M","M","R","$","R","BOSS","M","?","?","?","$","E","R","E","T","?"],"build_version":"2019-07-17","purchased_purges":2,"victory":false,"max_hp_per_floor":[82,82,82,82,82,82,82,82,82,82,82,82,82,82,82,82,82,82,82,82,82,82,82,82,82,82,82],"card_choices":[{"not_picked":["Steam","Beam Cell"],"picked":"Ball Lightning","floor":1.0},{"not_picked":["Barrage","Stack"],"picked":"Cold Snap","floor":5.0},{"not_picked":["Doom and Gloom","Skim"],"picked":"Sweeping Beam","floor":6.0},{"not_picked":["Steam","Genetic Algorithm"],"picked":"Defragment","floor":7.0},{"not_picked":["Melter","Redo"],"picked":"Loop","floor":8.0},{"not_picked":["Reinforced Body","Glacier"],"picked":"Capacitor","floor":11.0},{"not_picked":["Compile Driver","Streamline"],"picked":"Sweeping Beam","floor":12.0},{"not_picked":["Multi-Cast","Biased Cognition"],"picked":"Electrodynamics","floor":16.0},{"not_picked":["Scrape","Gash+1"],"picked":"Coolheaded","floor":18.0},{"not_picked":["Barrage","Cold Snap"],"picked":"Leap+1","floor":23.0},{"not_picked":["Sweeping Beam","Loop"],"picked":"Consume","floor":25}],"player_experience":31003,"relics_obtained":[{"floor":6.0,"key":"Blood Vial"},{"floor":8.0,"key":"Vajra"},{"floor":9.0,"key":"Potion Belt"},{"floor":23.0,"key":"Tiny Chest"},{"floor":25,"key":"Gremlin Horn"},{"floor":26,"key":"MawBank"}],"event_choices":[{"cards_removed":["Strike_B"],"damage_healed":0.0,"max_hp_gain":0.0,"max_hp_loss":0.0,"gold_gain":0.0,"event_name":"Golden Wing","player_choice":"Card Removal","floor":3.0,"gold_loss":0.0,"damage_taken":7.0},{"damage_healed":0.0,"max_hp_gain":0.0,"max_hp_loss":0.0,"gold_gain":100.0,"event_name":"Golden Shrine","player_choice":"Pray","floor":4.0,"gold_loss":0.0,"damage_taken":0.0},{"damage_healed":0.0,"max_hp_gain":0.0,"max_hp_loss":0.0,"gold_gain":0.0,"event_name":"Nest","player_choice":"Joined the Cult","floor":19.0,"gold_loss":0.0,"damage_taken":6.0,"cards_obtained":["RitualDagger"]},{"damage_healed":0.0,"max_hp_gain":0.0,"max_hp_loss":0.0,"gold_gain":0.0,"event_name":"Addict","player_choice":"Obtained Relic","floor":20.0,"gold_loss":85.0,"damage_taken":0.0,"relics_obtained":["Pen Nib"]},{"damage_healed":0.0,"max_hp_gain":0.0,"max_hp_loss":0.0,"gold_gain":0.0,"event_name":"Duplicator","player_choice":"Copied","floor":21.0,"gold_loss":0.0,"damage_taken":0.0,"cards_obtained":["Defragment"]}],"is_beta":false,"boss_relics":[{"not_picked":["Cursed Key","Lizard Tail"],"picked":"Sozu"}],"items_purged_floors":[2,14],"is_endless":false,"potions_floor_spawned":[5,6,11,16,18,25],"killed_by":"2 Thieves","ascension_level":0}