{"gold_per_floor":[119,131,131,56,67,67,96,96,96,58,72,72,72,92,92,197,197,210,210,210,58,58,90,143,157,180,192,204,228,240,265,277,392,404,427,439,467,157,175,175,25,50,74,74,100,112,140,153,153,153,153,153,0,28,28],"floor_reached":56,"playtime":9101,"items_purged":["Strike_G","Defend_G","Strike_G","Strike_G"],"score":1488,"play_id":"0bd7867c-f760-4d38-a703-00f45ea87625","local_time":"20190820174020","is_ascension_mode":true,"campfire_choices":[{"data":"Neutralize","floor":6.0,"key":"SMITH"},{"data":"Deadly Poison","floor":8.0,"key":"SMITH"},{"data":"Footwork","floor":12.0,"key":"SMITH"},{"data":"Poisoned Stab","floor":15.0,"key":"SMITH"},{"floor":30,"key":"REST"},{"floor":32,"key":"REST"},{"data":"Prepared","floor":40,"key":"SMITH"},{"floor":44,"key":"RECALL"},{"data":"Calculated Gamble","floor":49,"key":"SMITH"},{"data":"Burst","floor":52,"key":"SMITH"}],"neow_cost":"NONE","seed_source_timestamp":164148100707435,"circlet_count":0,"master_deck":["Defend_G","Defend_G","Defend_G","Survivor","Neutralize+1","Prepared+1","Backflip","Poisoned Stab+1","Deadly Poison+1","Footwork+1","Blur","Deflect","Acrobatics+1","Poisoned Stab","Shame","Tactician","Expertise+1","Tactician+1","Adrenaline","Blur+1","Escape Plan+1","Distraction+1","Clumsy","Distraction+1","Calculated Gamble+1","Burst+1"],"special_seed":0,"relics":["Ring of the Snake","Gremlin Horn","Empty Cage","Darkstone Periapt","Orichalcum","Bag of Preparation","MawBank","MutagenicStrength","Cursed Key","TwistedFunnel","Potion Belt","Oddly Smooth Stone","Ancient Tea Set","Sundial","Anchor","Lantern"],"potions_floor_usage":[29,33,33,33,55],"damage_taken":[{"damage":0.0,"enemies":"Cultist","floor":1.0,"turns":4.0},{"damage":0.0,"enemies":"2 Louse","floor":2.0,"turns":3.0},{"damage":0.0,"enemies":"Jaw Worm","floor":5.0,"turns":7.0},{"damage":35.0,"enemies":"Lagavulin","floor":7.0,"turns":8.0},{"damage":0.0,"enemies":"Looter","floor":11.0,"turns":4.0},{"damage":0.0,"enemies":"Large Slime","floor":14.0,"turns":5.0},{"damage":32.0,"enemies":"Slime Boss","floor":16.0,"turns":20.0},{"damage":0.0,"enemies":"Chosen","floor":18.0,"turns":6.0},{"damage":57.0,"enemies":"Book of Stabbing","floor":23.0,"turns":11.0},{"damage":4.0,"enemies":"Shell Parasite","floor":25.0,"turns":5.0},{"damage":0,"enemies":"Chosen and Byrds","floor":29,"turns":8},{"damage":2,"enemies":"Snake Plant","floor":31,"turns":4},{"damage":39,"enemies":"Collector","floor":33,"turns":9},{"damage":16,"enemies":"3 Darklings","floor":35,"turns":7},{"damage":0,"enemies":"Orb Walker","floor":37,"turns":4},{"damage":0,"enemies":"Transient","floor":39,"turns":5},{"damage":0,"enemies":"Nemesis","floor":42,"turns":11},{"damage":9,"enemies":"Reptomancer","floor":45,"turns":6},{"damage":0,"enemies":"4 Shapes","floor":46,"turns":5},{"damage":0,"enemies":"Nemesis","floor":47,"turns":9},{"damage":0,"enemies":"Jaw Worm Horde","floor":48,"turns":6},{"damage":0,"enemies":"Time Eater","floor":50,"turns":17},{"damage":0,"enemies":"Shield and Spear","floor":54,"turns":7},{"damage":12,"enemies":"The Heart","floor":55,"turns":10}],"seed_played":"-6613402346409269198","potions_obtained":[{"floor":5.0,"key":"Ancient Potion"},{"floor":7.0,"key":"SkillPotion"},{"floor":11.0,"key":"SpeedPotion"},{"floor":14.0,"key":"Poison Potion"},{"floor":23.0,"key":"Energy Potion"},{"floor":29,"key":"AttackPotion"},{"floor":31,"key":"Fire Potion"},{"floor":35,"key":"SmokeBomb"},{"floor":42,"key":"SteroidPotion"},{"floor":45,"key":"SmokeBomb"},{"floor":46,"key":"Ancient Potion"},{"floor":54,"key":"GamblersBrew"}],"is_trial":false,"path_per_floor":["M","M","?","$","M","R","E","R","T","$","M","R","$","M","R","B",null,"M","?","?","$","?","E","T","M","T","?","?","M","R","M","R","B",null,"M","?","M","$","M","R","$","E","T","R","E","M","E","M","R","B",null,"R","$","E","B",null],"character_chosen":"THE_SILENT","items_purchased":["Footwork","Poisoned Stab","TwistedFunnel","Anchor"],"campfire_rested":2,"item_purchase_floors":[10,21,38,53],"current_hp_per_floor":[77,77,77,77,77,77,42,42,42,42,42,42,42,42,42,10,77,77,77,63,63,69,12,12,8,8,8,8,8,34,32,58,19,88,72,72,72,72,72,72,72,72,78,78,69,69,69,69,69,69,94,94,94,94,82],"gold":28,"neow_bonus":"TEN_PERCENT_HP_BONUS","is_prod":false,"is_daily":false,"chose_seed":false,"campfire_upgraded":7,"win_rate":0,"timestamp":1566315620,"path_taken":["M","M","?","$","M","R","E","R","T","$","M","R","$","?","R","BOSS","M","?","?","$","?","E","?","M","T","?","?","M","R","?","R","BOSS","M","?","M","$","M","R","$","E","T","R","E","M","E","M","R","BOSS","R","$","E","BOSS"],"build_version":"2019-07-17","purchased_purges":4,"victory":true,"max_hp_per_floor":[77,77,77,77,77,77,77,77,77,77,77,77,77,77,77,77,77,77,77,82,82,88,88,88,88,88,88,88,88,88,88,88,88,88,88,88,88,88,88,88,88,88,94,94,94,94,94,94,94,94,94,94,94,94,94],"card_choices":[{"not_picked":["Bane","Underhanded Strike"],"picked":"Prepared","floor":1.0},{"not_picked":["Crippling Poison","Die Die Die"],"picked":"Backflip","floor":2.0},{"not_picked":["Dodge and Roll","Prepared"],"picked":"Poisoned Stab","floor":5.0},{"not_picked":["Bane","Flying Knee"],"picked":"Deadly Poison","floor":7.0},{"not_picked":["Blade Dance","Dodge and Roll"],"picked":"Blur","floor":11.0},{"not_picked":["Cloak And Dagger","Doppelganger"],"picked":"Deflect","floor":14.0},{"not_picked":["Slice","Prepared+1"],"picked":"Acrobatics+1","floor":18.0},{"not_picked":["Crippling Poison","Quick Slash"],"picked":"Tactician","floor":23.0},{"not_picked":["Cloak And Dagger+1","Sucker Punch"],"picked":"Expertise+1","floor":25.0},{"not_picked":["Distraction","Outmaneuver"],"picked":"Tactician+1","floor":29},{"not_picked":["Sucker Punch","Reflex+1","Distraction"],"picked":"SKIP","floor":31},{"not_picked":["A Thousand Cuts","Tools of the Trade"],"picked":"Adrenaline","floor":33},{"not_picked":["Terror","Underhanded Strike+1"],"picked":"Blur+1","floor":35},{"not_picked":["Endless Agony","Deadly Poison"],"picked":"Escape Plan+1","floor":37},{"not_picked":["Poisoned Stab+1","Dash+1","Acrobatics"],"picked":"SKIP","floor":39},{"not_picked":["Tactician","Dagger Throw"],"picked":"Distraction+1","floor":42},{"not_picked":["Terror","Sucker Punch+1"],"picked":"Distraction+1","floor":45},{"not_picked":["Underhanded Strike","Masterful Stab+1"],"picked":"Calculated Gamble","floor":46},{"not_picked":["Choke","PiercingWail+1"],"picked":"Burst","floor":47},{"not_picked":["Acrobatics","Backstab+1","Deflect"],"picked":"SKIP","floor":48},{"not_picked":["Blur","Blade Dance","Endless Agony+1"],"picked":"SKIP","floor":54}],"player_experience":45238,"relics_obtained":[{"floor":7.0,"key":"Gremlin Horn"},{"floor":23.0,"key":"Orichalcum"},{"floor":24.0,"key":"Bag of Preparation"},{"floor":26.0,"key":"MawBank"},{"floor":42,"key":"Potion Belt"},{"floor":43,"key":"Oddly Smooth Stone"},{"floor":45,"key":"Ancient Tea Set"},{"floor":47,"key":"Sundial"},{"floor":54,"key":"Lantern"}],"event_choices":[{"damage_healed":0.0,"max_hp_gain":0.0,"max_hp_loss":0.0,"gold_gain":0.0,"event_name":"WeMeetAgain","player_choice":"Ignored","floor":3.0,"gold_loss":0.0,"damage_taken":0.0},{"damage_healed":0.0,"max_hp_gain":0.0,"max_hp_loss":0.0,"gold_gain":0.0,"event_name":"Vampires","player_choice":"Ignored","floor":19.0,"gold_loss":0.0,"damage_taken":0.0},{"damage_healed":0.0,"max_hp_gain":5.0,"max_hp_loss":0.0,"gold_gain":0.0,"event_name":"Forgotten Altar","player_choice":"Shed Blood","floor":20.0,"gold_loss":0.0,"damage_taken":19.0},{"damage_healed":0.0,"max_hp_gain":0.0,"max_hp_loss":0.0,"gold_gain":0.0,"event_name":"Addict","player_choice":"Stole Relic","floor":22.0,"gold_loss":0.0,"damage_taken":0.0,"relics_obtained":["Darkstone Periapt"],"cards_obtained":["Shame"]},{"damage_healed":0.0,"max_hp_gain":0.0,"max_hp_loss":0.0,"gold_gain":0.0,"event_name":"Ghosts","player_choice":"Ignored","floor":27.0,"gold_loss":0.0,"damage_taken":0.0},{"damage_healed":0.0,"max_hp_gain":0.0,"max_hp_loss":0.0,"gold_gain":0.0,"event_name":"Drug Dealer","player_choice":"Inject Mutagens","floor":28.0,"gold_loss":0.0,"damage_taken":0.0,"relics_obtained":["MutagenicStrength"]},{"cards_removed":["Strike_G"],"damage_healed":0,"gold_gain":0,"player_choice":"Removed Attack","damage_taken":0,"max_hp_gain":0,"max_hp_loss":0,"event_name":"Falling","floor":36,"gold_loss":0}],"is_beta":false,"boss_relics":[{"not_picked":["Fusion Hammer","White Beast Statue"],"picked":"Empty Cage"},{"not_picked":["Runic Dome","Snecko Eye"],"picked":"Cursed Key"}],"items_purged_floors":[4,21,38,41],"is_endless":false,"potions_floor_spawned":[5,7,11,14,23,29,31,35,42,45,46,54],"ascension_level":2}