{"gold_per_floor":[116,130,305,316,15,15,40,40,40,40,58,87,104,124,124,223,223,240,240,255,255,289,289,318,128,151,164,164,216,251,268,268,369,369,381,25,45,45,56,56,81,81,81,91,91,91],"floor_reached":46,"playtime":2083,"items_purged":["Shame","Defend_R"],"score":693,"play_id":"cb924ae2-bca7-42a0-bb98-f8000c6443a7","local_time":"20190825175456","is_ascension_mode":true,"campfire_choices":[{"data":"Bash","floor":6.0,"key":"SMITH"},{"data":"Shrug It Off","floor":8.0,"key":"SMITH"},{"data":"1","floor":10.0,"key":"LIFT"},{"data":"2","floor":15.0,"key":"LIFT"},{"data":"3","floor":23.0,"key":"LIFT"},{"data":"Disarm","floor":28.0,"key":"SMITH"},{"floor":32.0,"key":"REST"},{"data":"Flame Barrier","floor":40.0,"key":"SMITH"},{"floor":42.0,"key":"REST"},{"data":"Fiend Fire","floor":45.0,"key":"SMITH"}],"neow_cost":"TEN_PERCENT_HP_LOSS","seed_source_timestamp":0,"circlet_count":0,"master_deck":["Strike_R","Defend_R","Defend_R","Bash+1","Pommel Strike","Havoc","Doubt","Anger","Shrug It Off+1","Shrug It Off","Disarm+1","Combust","Heavy Blade","Fiend Fire+1","Shrug It Off+1","Immolate+1","Dual Wield+1","Heavy Blade+1","Flame Barrier+1","Seeing Red","Warcry+1","Metallicize","Bludgeon+1","Spot Weakness","Madness","Madness","Clothesline+1"],"special_seed":0,"relics":["Burning Blood","Mango","Incense Burner","Sundial","Girya","Odd Mushroom","Astrolabe","Molten Egg 2","MutagenicStrength","Red Mask","Bottled Lightning","Tiny Chest","Bag of Marbles","Regal Pillow","Ginger","Empty Cage","Pantograph","Shuriken"],"potions_floor_usage":[46],"damage_taken":[{"damage":13.0,"enemies":"Jaw Worm","floor":1.0,"turns":5.0},{"damage":6.0,"enemies":"2 Louse","floor":2.0,"turns":3.0},{"damage":12.0,"enemies":"Small Slimes","floor":4.0,"turns":4.0},{"damage":35.0,"enemies":"Lagavulin","floor":7.0,"turns":5.0},{"damage":12.0,"enemies":"Looter","floor":11.0,"turns":3.0},{"damage":25.0,"enemies":"The Mushroom Lair","floor":12.0,"turns":5.0},{"damage":0.0,"enemies":"Blue Slaver","floor":13.0,"turns":4.0},{"damage":1.0,"enemies":"3 Louse","floor":14.0,"turns":4.0},{"damage":11.0,"enemies":"Hexaghost","floor":16.0,"turns":11.0},{"damage":12.0,"enemies":"Chosen","floor":18.0,"turns":6.0},{"damage":11.0,"enemies":"2 Thieves","floor":20.0,"turns":2.0},{"damage":9.0,"enemies":"Masked Bandits","floor":22.0,"turns":4.0},{"damage":35.0,"enemies":"Slavers","floor":24.0,"turns":6.0},{"damage":12.0,"enemies":"Shelled Parasite and Fungi","floor":27.0,"turns":4.0},{"damage":7.0,"enemies":"Book of Stabbing","floor":30.0,"turns":4.0},{"damage":7.0,"enemies":"Snake Plant","floor":31.0,"turns":2.0},{"damage":70.0,"enemies":"Automaton","floor":33.0,"turns":14.0},{"damage":1.0,"enemies":"Orb Walker","floor":35.0,"turns":2.0},{"damage":16.0,"enemies":"3 Shapes","floor":37.0,"turns":3.0},{"damage":21.0,"enemies":"Spire Growth","floor":39.0,"turns":4.0},{"damage":36.0,"enemies":"Giant Head","floor":41.0,"turns":6.0},{"damage":0.0,"enemies":"Sphere and 2 Shapes","floor":44.0,"turns":1.0},{"damage":66,"enemies":"Reptomancer","floor":46,"turns":3}],"seed_played":"4265061630299509512","potions_obtained":[{"floor":12.0,"key":"Explosive Potion"},{"floor":13.0,"key":"GamblersBrew"},{"floor":14.0,"key":"BloodPotion"},{"floor":18.0,"key":"AttackPotion"},{"floor":30.0,"key":"SpeedPotion"},{"floor":31.0,"key":"Fire Potion"},{"floor":39.0,"key":"SkillPotion"}],"is_trial":false,"path_per_floor":["M","M","?","M","$","R","E","R","T","R","M","?","M","M","R","B",null,"M","?","M","?","?","R","E","$","T","M","R","T","E","M","R","B",null,"M","$","M","?","M","R","E","R","T","M","R","E"],"character_chosen":"IRONCLAD","items_purchased":["Incense Burner","Tiny Chest","Pantograph"],"campfire_rested":2,"item_purchase_floors":[5,25,36],"current_hp_per_floor":[79,79,79,73,73,73,44,44,44,44,38,19,25,30,30,25,71,65,65,60,60,57,57,28,28,28,22,22,22,21,20,60,17,69,74,74,64,53,38,38,8,48,48,54,54,0],"gold":91,"neow_bonus":"ONE_RARE_RELIC","is_prod":false,"is_daily":false,"chose_seed":false,"campfire_upgraded":5,"win_rate":0,"timestamp":1566773696,"path_taken":["M","M","?","M","$","R","E","R","T","R","M","?","M","M","R","BOSS","M","?","M","?","?","R","E","$","T","M","R","?","E","M","R","BOSS","M","$","M","?","M","R","E","R","T","M","R","E"],"build_version":"2019-07-17","purchased_purges":2,"victory":false,"max_hp_per_floor":[86,86,86,86,86,86,86,86,86,86,86,86,86,86,86,86,86,86,86,86,86,86,86,86,86,86,86,86,86,86,86,86,86,86,86,86,86,86,86,86,86,86,86,86,86,86],"card_choices":[{"not_picked":["Heavy Blade","Cleave"],"picked":"Pommel Strike","floor":1.0},{"not_picked":["Wild Strike","Sever Soul"],"picked":"Havoc","floor":2.0},{"not_picked":["Pommel Strike","Double Tap"],"picked":"Anger","floor":4.0},{"not_picked":["Twin Strike","Warcry"],"picked":"Shrug It Off","floor":7.0},{"not_picked":["Wild Strike","Pummel"],"picked":"Shrug It Off","floor":11.0},{"not_picked":["Clothesline","Sever Soul"],"picked":"Disarm","floor":12.0},{"not_picked":["Bloodletting","True Grit"],"picked":"Combust","floor":13.0},{"not_picked":["Second Wind","Sword Boomerang"],"picked":"Heavy Blade","floor":14.0},{"not_picked":["Double Tap","Dark Embrace"],"picked":"Fiend Fire","floor":16.0},{"not_picked":["Iron Wave","Fire Breathing+1"],"picked":"Heavy Blade+1","floor":18.0},{"not_picked":["Sword Boomerang+1","Intimidate"],"picked":"Flame Barrier","floor":20.0},{"not_picked":["Thunderclap+1","Body Slam+1"],"picked":"Seeing Red","floor":24.0},{"not_picked":["Iron Wave+1","Pommel Strike+1","Shrug It Off"],"picked":"SKIP","floor":27.0},{"not_picked":["Blood for Blood+1","Clash+1"],"picked":"Warcry+1","floor":30.0},{"not_picked":["Havoc","Heavy Blade+1"],"picked":"Metallicize","floor":31.0},{"not_picked":["Double Tap","Brutality"],"picked":"Bludgeon+1","floor":33.0},{"not_picked":["Cleave+1","Clothesline+1"],"picked":"Spot Weakness","floor":35.0},{"not_picked":["Rupture","Sword Boomerang+1","Reckless Charge+1"],"picked":"SKIP","floor":37.0},{"not_picked":["Flex+1","Clash+1"],"picked":"Clothesline+1","floor":39.0},{"not_picked":["Hemokinesis+1","Anger+1","Warcry+1"],"picked":"SKIP","floor":41.0},{"not_picked":["Iron Wave+1","Pommel Strike+1","Sentinel+1"],"picked":"SKIP","floor":44.0}],"player_experience":216212,"relics_obtained":[{"floor":7.0,"key":"Sundial"},{"floor":9.0,"key":"Girya"},{"floor":12.0,"key":"Odd Mushroom"},{"floor":22.0,"key":"Red Mask"},{"floor":24.0,"key":"Bottled Lightning"},{"floor":26.0,"key":"Bag of Marbles"},{"floor":29.0,"key":"Regal Pillow"},{"floor":30.0,"key":"Ginger"},{"floor":41.0,"key":"Shuriken"}],"event_choices":[{"damage_healed":0.0,"max_hp_gain":0.0,"max_hp_loss":0.0,"gold_gain":175.0,"event_name":"Liars Game","player_choice":"AGREE","floor":3.0,"gold_loss":0.0,"damage_taken":0.0,"cards_obtained":["Doubt"]},{"damage_healed":0.0,"max_hp_gain":0.0,"max_hp_loss":0.0,"gold_gain":0.0,"event_name":"Mushrooms","player_choice":"Fought Mushrooms","floor":12.0,"gold_loss":0.0,"damage_taken":0.0},{"damage_healed":0.0,"max_hp_gain":0.0,"max_hp_loss":0.0,"gold_gain":0.0,"event_name":"Addict","player_choice":"Stole Relic","floor":19.0,"gold_loss":0.0,"damage_taken":0.0,"relics_obtained":["Molten Egg 2"],"cards_obtained":["Shame"]},{"damage_healed":0.0,"max_hp_gain":0.0,"max_hp_loss":0.0,"gold_gain":0.0,"event_name":"Drug Dealer","player_choice":"Inject Mutagens","floor":21.0,"gold_loss":0.0,"damage_taken":0.0,"relics_obtained":["MutagenicStrength"]},{"damage_healed":0.0,"max_hp_gain":0.0,"max_hp_loss":0.0,"gold_gain":0.0,"event_name":"Masked Bandits","player_choice":"Fought Bandits","floor":22.0,"gold_loss":0.0,"damage_taken":0.0},{"damage_healed":0.0,"max_hp_gain":0.0,"max_hp_loss":0.0,"gold_gain":0.0,"event_name":"Winding Halls","player_choice":"Embrace Madness","floor":38.0,"gold_loss":0.0,"damage_taken":11.0,"cards_obtained":["Madness","Madness"]}],"is_beta":false,"boss_relics":[{"not_picked":["Cursed Key","Snecko Eye"],"picked":"Astrolabe"},{"not_picked":["Coffee Dripper","Black Star"],"picked":"Empty Cage"}],"items_purged_floors":[25,36],"is_endless":false,"potions_floor_spawned":[12,13,14,16,18,30,31,39],"killed_by":"Reptomancer","ascension_level":7}