{"gold_per_floor":[217,235,410,29,43,75,91,118,118,137,152,119,19,19,19,117,117,134,134,153,78,90,90,120,120,202,215,25,352,72,101,101,200,200,210,220,220,233,245,271,271,63,63,0,0,31,47,62,62,62,62,62,10,42,42],"floor_reached":56,"playtime":2336,"items_purged":["Strike_R","Doubt","Normality"],"score":1585,"play_id":"12f8c971-e74e-48d0-a9e1-2cfa75c12679","local_time":"20190817115220","is_ascension_mode":true,"campfire_choices":[{"floor":15,"key":"REST"},{"data":"Demon Form","floor":23,"key":"SMITH"},{"data":"Impervious","floor":25,"key":"SMITH"},{"data":"Shrug It Off","floor":32,"key":"SMITH"},{"data":"Havoc","floor":41,"key":"SMITH"},{"floor":49,"key":"RECALL"},{"data":"Seeing Red","floor":52,"key":"SMITH"}],"neow_cost":"NONE","seed_source_timestamp":443847388248417,"circlet_count":0,"master_deck":["Bash","Sword Boomerang","Demon Form+1","Shrug It Off+1","Sword Boomerang+1","Flame Barrier+1","Spot Weakness","Headbutt+1","Heavy Blade+1","Carnage+1","Immolate+1","Offering","Uppercut+1","Thunderclap+1","Impervious+1","Cleave+1","Iron Wave+1","Anger+1","Armaments+1","Necronomicurse","Inflame+1","Carnage+1","Armaments+1","Heavy Blade+1","Bludgeon+1","Double Tap","Feed+1","Injury","Parasite","Warcry+1","Secret Weapon","Rage+1","Seeing Red+1","Havoc+1","Havoc+1","True Grit+1","Heavy Blade+1","Second Wind+1"],"relics":["Burning Blood","Ice Cream","Molten Egg 2","Regal Pillow","Self Forming Clay","Pandora\u0027s Box","Necronomicon","Torii","Singing Bowl","Membership Card","Old Coin","PreservedInsect","ClockworkSouvenir","Kunai","Calling Bell","Happy Flower","Meat on the Bone","Bird Faced Urn","Dead Branch","Calipers","Red Mask","Potion Belt","Anchor"],"potions_floor_usage":[6,22,27,27,48,50,50,50],"damage_taken":[{"damage":3,"enemies":"2 Louse","floor":1,"turns":4},{"damage":5,"enemies":"Small Slimes","floor":2,"turns":4},{"damage":3,"enemies":"Jaw Worm","floor":5,"turns":4},{"damage":49,"enemies":"3 Sentries","floor":6,"turns":9},{"damage":7,"enemies":"2 Fungi Beasts","floor":7,"turns":5},{"damage":22,"enemies":"Gremlin Nob","floor":8,"turns":4},{"damage":3,"enemies":"3 Louse","floor":10,"turns":3},{"damage":2,"enemies":"Exordium Wildlife","floor":11,"turns":6},{"damage":21,"enemies":"Exordium Thugs","floor":12,"turns":6},{"damage":45,"enemies":"The Guardian","floor":16,"turns":8},{"damage":4,"enemies":"Chosen","floor":18,"turns":3},{"damage":7,"enemies":"Shell Parasite","floor":20,"turns":2},{"damage":24,"enemies":"Snake Plant","floor":22,"turns":2},{"damage":29,"enemies":"Book of Stabbing","floor":24,"turns":3},{"damage":0,"enemies":"Chosen and Byrds","floor":27,"turns":2},{"damage":29,"enemies":"Gremlin Leader","floor":29,"turns":6},{"damage":0,"enemies":"Slavers","floor":31,"turns":2},{"damage":9,"enemies":"Collector","floor":33,"turns":5},{"damage":26,"enemies":"3 Shapes","floor":35,"turns":2},{"damage":0,"enemies":"Orb Walker","floor":36,"turns":2},{"damage":27,"enemies":"Writhing Mass","floor":38,"turns":3},{"damage":39,"enemies":"Spire Growth","floor":39,"turns":4},{"damage":19,"enemies":"Giant Head","floor":40,"turns":6},{"damage":0,"enemies":"Reptomancer","floor":46,"turns":2},{"damage":0,"enemies":"Transient","floor":47,"turns":5},{"damage":21,"enemies":"Maw","floor":48,"turns":4},{"damage":54,"enemies":"Donu and Deca","floor":50,"turns":7},{"damage":17,"enemies":"Shield and Spear","floor":54,"turns":5},{"damage":75,"enemies":"The Heart","floor":55,"turns":7}],"seed_played":"-2501463934110892936","potions_obtained":[{"floor":5,"key":"Poison Potion"},{"floor":7,"key":"FairyPotion"},{"floor":8,"key":"SpeedPotion"},{"floor":10,"key":"Swift Potion"},{"floor":22,"key":"SteroidPotion"},{"floor":24,"key":"FearPotion"},{"floor":33,"key":"SmokeBomb"},{"floor":36,"key":"EssenceOfSteel"},{"floor":46,"key":"Weak Potion"},{"floor":47,"key":"Explosive Potion"},{"floor":48,"key":"SneckoOil"}],"is_trial":false,"path_per_floor":["M","M","?","$","M","E","M","E","T","M","M","M","$","?","R","B",null,"M","?","M","?","M","R","E","R","T","M","$","E","$","E","R","B",null,"M","M","?","M","M","E","R","$","T","?","$","E","M","M","R","B",null,"R","$","E","B",null],"character_chosen":"IRONCLAD","items_purchased":["Ice Cream","Membership Card","Bludgeon+1","PreservedInsect","ClockworkSouvenir","SpeedPotion","Calipers","Fire Potion","Swift Potion"],"campfire_rested":1,"item_purchase_floors":[4,28,30,30,30,30,42,53,53],"current_hp_per_floor":[80,80,80,80,80,37,36,20,20,23,27,12,12,12,51,12,80,80,64,63,63,45,45,22,22,22,28,28,16,16,22,22,19,82,64,70,70,49,32,31,31,31,31,31,31,49,55,56,56,22,84,84,84,78,25],"gold":42,"neow_bonus":"HUNDRED_GOLD","is_prod":false,"is_daily":false,"chose_seed":false,"campfire_upgraded":5,"win_rate":0,"timestamp":1566060740,"path_taken":["M","M","?","$","M","E","M","E","T","M","M","M","$","?","R","BOSS","M","?","M","?","M","R","E","R","T","M","$","E","$","E","R","BOSS","M","M","?","M","M","E","R","$","T","?","?","E","M","M","R","BOSS","R","$","E","BOSS"],"build_version":"2019-07-17","purchased_purges":3,"victory":true,"max_hp_per_floor":[80,80,80,80,80,80,80,80,80,80,80,80,80,80,80,80,80,80,80,80,80,80,80,80,80,80,80,80,82,82,82,82,82,82,84,84,84,84,84,84,84,84,84,84,84,84,84,84,84,84,84,84,84,88,88],"card_choices":[{"not_picked":["Fire Breathing","Wild Strike"],"picked":"Sword Boomerang","floor":1},{"not_picked":["Flex","Shockwave"],"picked":"Demon Form","floor":2},{"not_picked":["True Grit","Iron Wave"],"picked":"Shrug It Off","floor":5},{"not_picked":["Wild Strike","Thunderclap"],"picked":"Sword Boomerang","floor":6},{"not_picked":["Rupture","Battle Trance"],"picked":"Flame Barrier","floor":7},{"not_picked":["Corruption","Twin Strike+1"],"picked":"Spot Weakness","floor":8},{"not_picked":["Burning Pact","Iron Wave+1"],"picked":"Headbutt+1","floor":10},{"not_picked":["Power Through","Clash+1"],"picked":"Heavy Blade+1","floor":11},{"not_picked":["Combust","Perfected Strike+1"],"picked":"Carnage+1","floor":12},{"not_picked":["Exhume","Brutality"],"picked":"Immolate+1","floor":16},{"not_picked":["Bloodletting","Clash+1"],"picked":"Armaments+1","floor":18},{"not_picked":["Body Slam+1","True Grit+1"],"picked":"Inflame+1","floor":20},{"not_picked":["Thunderclap+1","Rupture+1"],"picked":"Carnage+1","floor":22},{"not_picked":["Combust","Ghostly Armor"],"picked":"Armaments+1","floor":24},{"not_picked":["Havoc","True Grit"],"picked":"Heavy Blade+1","floor":27},{"not_picked":["Intimidate+1","Uppercut+1","Clothesline+1"],"picked":"Singing Bowl","floor":29},{"not_picked":["Shrug It Off","Headbutt+1"],"picked":"Double Tap","floor":31},{"not_picked":["Impervious","Demon Form"],"picked":"Feed+1","floor":33},{"not_picked":["Metallicize","Havoc+1","Wild Strike+1"],"picked":"Singing Bowl","floor":35},{"not_picked":["Perfected Strike+1","Flex"],"picked":"Warcry+1","floor":36},{"not_picked":["Finesse","The Bomb"],"picked":"Secret Weapon","floor":37},{"not_picked":["Intimidate","Entrench"],"picked":"Rage+1","floor":38},{"not_picked":["Thunderclap+1","True Grit+1"],"picked":"Seeing Red","floor":39},{"not_picked":["Headbutt+1","Bloodletting+1"],"picked":"Havoc","floor":40},{"not_picked":["Immolate+1","Seeing Red+1"],"picked":"Havoc+1","floor":46},{"not_picked":["Pummel+1","Power Through"],"picked":"True Grit+1","floor":47},{"not_picked":["Havoc+1","Headbutt+1"],"picked":"Heavy Blade+1","floor":48},{"not_picked":["Rupture+1","Power Through+1"],"picked":"Second Wind+1","floor":54}],"player_experience":156523,"relics_obtained":[{"floor":6,"key":"Molten Egg 2"},{"floor":8,"key":"Regal Pillow"},{"floor":9,"key":"Self Forming Clay"},{"floor":19,"key":"Necronomicon"},{"floor":24,"key":"Torii"},{"floor":26,"key":"Singing Bowl"},{"floor":29,"key":"Old Coin"},{"floor":31,"key":"Kunai"},{"floor":34,"key":"Happy Flower"},{"floor":34,"key":"Meat on the Bone"},{"floor":34,"key":"Bird Faced Urn"},{"floor":40,"key":"Dead Branch"},{"floor":46,"key":"Potion Belt"},{"floor":54,"key":"Anchor"}],"event_choices":[{"damage_healed":0,"gold_gain":175,"player_choice":"AGREE","damage_taken":0,"max_hp_gain":0,"max_hp_loss":0,"event_name":"Liars Game","floor":3,"gold_loss":0,"cards_obtained":["Doubt"]},{"damage_healed":0,"gold_gain":0,"player_choice":"Grow","damage_taken":0,"max_hp_gain":0,"max_hp_loss":0,"event_name":"Living Wall","floor":14,"gold_loss":0,"cards_upgraded":["Flame Barrier"]},{"damage_healed":0,"gold_gain":0,"player_choice":"Obtained Book","damage_taken":16,"max_hp_gain":0,"max_hp_loss":0,"event_name":"Cursed Tome","floor":19,"gold_loss":0},{"cards_removed":["Dual Wield"],"damage_healed":0,"gold_gain":0,"player_choice":"Gave Gold","damage_taken":0,"max_hp_gain":0,"max_hp_loss":0,"event_name":"Beggar","floor":21,"gold_loss":75},{"damage_healed":0,"gold_gain":0,"player_choice":"Memory 1","damage_taken":0,"max_hp_gain":0,"max_hp_loss":0,"event_name":"SensoryStone","floor":37,"gold_loss":0},{"damage_healed":0,"gold_gain":0,"player_choice":"Paid","damage_taken":0,"relics_obtained":["Red Mask"],"max_hp_gain":0,"max_hp_loss":0,"event_name":"Tomb of Lord Red Mask","floor":44,"gold_loss":63}],"is_beta":false,"boss_relics":[{"not_picked":["Fusion Hammer","Ectoplasm"],"picked":"Pandora\u0027s Box"},{"not_picked":["Lizard Tail","Black Star"],"picked":"Calling Bell"}],"items_purged_floors":[4,13,42],"is_endless":false,"potions_floor_spawned":[5,7,8,10,22,24,33,36,38,46,47,48],"ascension_level":4}