{"gold_per_floor":[109,127,142,156,206,206,223,255,279,279,290,290,323,342,342,342],"floor_reached":16,"playtime":1014,"items_purged":[],"score":222,"play_id":"4e365e6b-7f0b-4b2f-a595-95bdcc43474a","local_time":"20190926082833","is_ascension_mode":true,"campfire_choices":[{"data":"Sweeping Beam","floor":6.0,"key":"SMITH"},{"data":"Rip and Tear","floor":10,"key":"SMITH"},{"data":"Hologram","floor":12,"key":"SMITH"},{"floor":15,"key":"REST"}],"neow_cost":"NONE","seed_source_timestamp":1506951416043514,"circlet_count":0,"master_deck":["AscendersBane","Strike_B","Strike_B","Strike_B","Strike_B","Defend_B","Defend_B","Defend_B","Defend_B","Zap","Dualcast","Sweeping Beam+1","Rebound","Melter","Rip and Tear+1","Hologram+1","Self Repair","Multi-Cast"],"special_seed":0,"relics":["Velvet Choker","Ice Cream","Dream Catcher","PreservedInsect"],"potions_floor_usage":[],"damage_taken":[{"damage":0.0,"enemies":"2 Louse","floor":1.0,"turns":2.0},{"damage":0.0,"enemies":"Cultist","floor":2.0,"turns":3.0},{"damage":0.0,"enemies":"Small Slimes","floor":3.0,"turns":2.0},{"damage":0.0,"enemies":"Gremlin Gang","floor":4.0,"turns":3.0},{"damage":0.0,"enemies":"Large Slime","floor":7.0,"turns":5.0},{"damage":15,"enemies":"3 Sentries","floor":8,"turns":5},{"damage":7,"enemies":"2 Fungi Beasts","floor":11,"turns":2},{"damage":20,"enemies":"Lagavulin","floor":13,"turns":6},{"damage":23,"enemies":"Exordium Thugs","floor":14,"turns":4},{"damage":13,"enemies":"Hexaghost","floor":16,"turns":7}],"seed_played":"-7896124136302127296","potions_obtained":[{"floor":1.0,"key":"FocusPotion"},{"floor":3.0,"key":"Strength Potion"},{"floor":7.0,"key":"FairyPotion"}],"is_trial":false,"path_per_floor":["M","M","M","M","?","R","M","E","T","R","M","R","E","M","R","B"],"character_chosen":"DEFECT","items_purchased":[],"campfire_rested":1,"item_purchase_floors":[],"current_hp_per_floor":[64,64,64,64,64,64,64,49,49,49,42,42,22,7,28,15],"gold":342,"neow_bonus":"BOSS_RELIC","is_prod":false,"is_daily":false,"chose_seed":false,"campfire_upgraded":3,"win_rate":0,"timestamp":1569500913,"path_taken":["M","M","M","M","?","R","M","E","T","R","?","R","E","M","R","BOSS"],"build_version":"2019-07-17","purchased_purges":0,"victory":false,"max_hp_per_floor":[71,71,71,71,71,71,71,71,71,71,71,71,71,71,71,71],"card_choices":[{"not_picked":["Steam Power","Barrage"],"picked":"Sweeping Beam","floor":1.0},{"not_picked":["Auto Shields","Cold Snap"],"picked":"Rebound","floor":2.0},{"not_picked":["Tempest","Ball Lightning"],"picked":"Melter","floor":3.0},{"not_picked":["Steam Power","Cold Snap"],"picked":"Rip and Tear","floor":4.0},{"not_picked":["Melter","Steam","Compile Driver"],"picked":"SKIP","floor":7.0},{"not_picked":["Heatsinks","Fusion","Conserve Battery"],"picked":"SKIP","floor":8},{"not_picked":["Cold Snap","Leap"],"picked":"Hologram","floor":11},{"not_picked":["Stack","BootSequence"],"picked":"Self Repair","floor":13},{"not_picked":["Turbo","Coolheaded"],"picked":"Multi-Cast","floor":14}],"player_experience":442649,"relics_obtained":[{"floor":8,"key":"Ice Cream"},{"floor":9,"key":"Dream Catcher"},{"floor":13,"key":"PreservedInsect"}],"event_choices":[{"damage_healed":0.0,"max_hp_gain":0.0,"max_hp_loss":0.0,"gold_gain":50.0,"event_name":"Golden Shrine","player_choice":"Pray","floor":5.0,"gold_loss":0.0,"damage_taken":0.0}],"is_beta":false,"boss_relics":[],"items_purged_floors":[],"is_endless":false,"potions_floor_spawned":[1,3,7],"killed_by":"Hexaghost","ascension_level":19}