{"gold_per_floor":[109,21,21,21,21,61,61,74,123,123,146,182,66,105,105,195,195,220,244,263,263,263,263,301,321,321,321,321,321],"floor_reached":29,"playtime":668,"items_purged":["Strike_R"],"score":568,"play_id":"17e34c30-2ef4-48f2-9e54-3dbbe75380ea","local_time":"20190626201156","is_ascension_mode":true,"campfire_choices":[{"data":"Bash","floor":7,"key":"SMITH"},{"data":"Metallicize","floor":10,"key":"SMITH"},{"data":"Disarm","floor":15,"key":"SMITH"},{"data":"RitualDagger","floor":23,"key":"SMITH"}],"neow_cost":"NONE","seed_source_timestamp":434783297543595,"circlet_count":0,"master_deck":["AscendersBane","Strike_R","Strike_R","Strike_R","Strike_R","Defend_R","Defend_R","Defend_R","Defend_R","Bash+1","Metallicize+1","Sever Soul","Inflame","Immolate","Ghostly Armor","Disarm+1","Offering","Uppercut+1","True Grit+1","RitualDagger+1","Writhe","Shrug It Off+1","True Grit+1","Doubt"],"relics":["Burning Blood","NeowsBlessing","Bloody Idol","CultistMask","Pear","Bag of Preparation","Dream Catcher","Pen Nib","Cursed Key","Juzu Bracelet","Matryoshka","The Courier","Ice Cream"],"potions_floor_usage":[16,20,20,25],"damage_taken":[{"damage":0,"enemies":"Jaw Worm","floor":1,"turns":1},{"damage":0,"enemies":"Lagavulin","floor":6,"turns":1},{"damage":0,"enemies":"2 Louse","floor":8,"turns":1},{"damage":2,"enemies":"Cultist","floor":11,"turns":3},{"damage":32,"enemies":"Gremlin Nob","floor":12,"turns":4},{"damage":12,"enemies":"Lagavulin","floor":14,"turns":7},{"damage":39,"enemies":"Hexaghost","floor":16,"turns":10},{"damage":18,"enemies":"Spheric Guardian","floor":18,"turns":5},{"damage":6,"enemies":"Chosen","floor":19,"turns":5},{"damage":6,"enemies":"Snecko","floor":20,"turns":3},{"damage":31,"enemies":"Slavers","floor":24,"turns":5},{"damage":20,"enemies":"Snake Plant","floor":25,"turns":2},{"damage":10,"enemies":"Cultist and Chosen","floor":29,"turns":5}],"seed_played":"8105214292865318478","potions_obtained":[{"floor":11,"key":"SkillPotion"},{"floor":14,"key":"Poison Potion"},{"floor":16,"key":"Energy Potion"},{"floor":24,"key":"SkillPotion"}],"is_trial":false,"path_per_floor":["M","$","?","?","?","E","R","M","T","R","M","E","$","E","R","B",null,"M","M","M","?","?","R","E","M","T","?","?","M"],"character_chosen":"IRONCLAD","items_purchased":["Metallicize","Ghostly Armor"],"campfire_rested":0,"item_purchase_floors":[2,13],"current_hp_per_floor":[74,74,48,48,48,64,64,70,70,70,74,48,48,42,42,9,66,54,54,54,48,48,48,23,9,9,9,9,0],"gold":321,"neow_bonus":"THREE_ENEMY_KILL","is_prod":false,"is_daily":false,"chose_seed":false,"campfire_upgraded":4,"win_rate":0,"timestamp":1561594316,"path_taken":["M","$","?","?","?","E","R","M","T","R","M","E","$","E","R","BOSS","M","M","?","?","?","R","E","M","T","?","?","M"],"build_version":"2019-01-23","purchased_purges":1,"victory":false,"max_hp_per_floor":[75,75,75,75,75,85,85,85,85,85,85,85,85,85,85,85,85,85,85,85,85,85,85,85,85,85,85,85,85],"card_choices":[{"not_picked":["Wild Strike","Fire Breathing","Blood for Blood"],"picked":"SKIP","floor":1},{"not_picked":["Barricade","Thunderclap"],"picked":"Sever Soul","floor":6},{"not_picked":["Iron Wave","Anger"],"picked":"Inflame","floor":8},{"not_picked":["Burning Pact","Entrench","Warcry"],"picked":"SKIP","floor":11},{"not_picked":["Warcry","Shrug It Off"],"picked":"Immolate","floor":12},{"not_picked":["Thunderclap","Clash"],"picked":"Disarm","floor":14},{"not_picked":["Juggernaut","Double Tap"],"picked":"Offering","floor":16},{"not_picked":["Carnage","Clothesline"],"picked":"Uppercut+1","floor":18},{"not_picked":["Bloodletting","Anger"],"picked":"True Grit+1","floor":19},{"not_picked":["Anger","Metallicize","Infernal Blade"],"picked":"SKIP","floor":20},{"not_picked":["Cleave","Clothesline"],"picked":"Shrug It Off+1","floor":24},{"not_picked":["Disarm","Iron Wave"],"picked":"True Grit+1","floor":25}],"player_experience":976794,"relics_obtained":[{"floor":6,"key":"Pear"},{"floor":9,"key":"Bag of Preparation"},{"floor":12,"key":"Dream Catcher"},{"floor":14,"key":"Pen Nib"},{"floor":24,"key":"Matryoshka"},{"floor":26,"key":"The Courier"},{"floor":26,"key":"Ice Cream"}],"event_choices":[{"damage_healed":0,"gold_gain":0,"player_choice":"Take Damage","damage_taken":26,"relics_obtained":["Golden Idol"],"max_hp_gain":0,"max_hp_loss":0,"event_name":"Golden Idol","floor":3,"gold_loss":0},{"damage_healed":0,"gold_gain":0,"player_choice":"Ignored","damage_taken":0,"max_hp_gain":0,"max_hp_loss":0,"event_name":"Liars Game","floor":4,"gold_loss":0},{"damage_healed":0,"gold_gain":0,"player_choice":"Trade","damage_taken":0,"relics_obtained":["CultistMask"],"max_hp_gain":0,"max_hp_loss":0,"event_name":"FaceTrader","floor":5,"gold_loss":0},{"damage_healed":0,"gold_gain":0,"player_choice":"Joined the Cult","damage_taken":6,"max_hp_gain":0,"max_hp_loss":0,"event_name":"Nest","floor":21,"gold_loss":0,"cards_obtained":["RitualDagger"]},{"damage_healed":0,"gold_gain":0,"player_choice":"Opened","damage_taken":0,"relics_obtained":["Juzu Bracelet"],"max_hp_gain":0,"max_hp_loss":0,"event_name":"The Mausoleum","floor":22,"gold_loss":0,"cards_obtained":["Writhe"]},{"damage_healed":0,"gold_gain":0,"player_choice":"Gave Idol","damage_taken":0,"relics_obtained":["Bloody Idol"],"max_hp_gain":0,"max_hp_loss":0,"event_name":"Forgotten Altar","floor":27,"relics_lost":["Golden Idol"],"gold_loss":0},{"damage_healed":0,"gold_gain":0,"player_choice":"Ignored","damage_taken":0,"max_hp_gain":0,"max_hp_loss":0,"event_name":"Cursed Tome","floor":28,"gold_loss":0}],"is_beta":false,"boss_relics":[{"not_picked":["Black Blood","Empty Cage"],"picked":"Cursed Key"}],"items_purged_floors":[13],"is_endless":false,"potions_floor_spawned":[11,14,16,18,19,24],"killed_by":"Cultist and Chosen","ascension_level":20}