{"gold_per_floor":[109,5,5,19,37,71,71,97,120,120,130,147,160,174,174,245,245,257,85,105,105,122,122,139,139,209,209,209,209,223,234,234,234],"floor_reached":33,"playtime":1218,"items_purged":["Regret"],"score":547,"play_id":"fdab0890-11f9-41eb-b298-983cf0bde60d","local_time":"20190410154213","is_ascension_mode":true,"campfire_choices":[{"data":"Armaments","floor":7,"key":"SMITH"},{"floor":10,"key":"REST"},{"data":"Demon Form","floor":15,"key":"SMITH"},{"floor":23,"key":"REST"},{"floor":25,"key":"REST"},{"data":"Limit Break","floor":28,"key":"SMITH"},{"floor":32,"key":"REST"}],"neow_cost":"CURSE","seed_source_timestamp":51240166857529,"circlet_count":0,"master_deck":["AscendersBane","Defend_R","Defend_R","Defend_R","Bash","Demon Form+1","Pummel","True Grit","Flame Barrier","Shrug It Off","Armaments+1","Whirlwind","Body Slam","Entrench","Limit Break+1","Sword Boomerang","Bite","Bite","Bite","Bite","Bite","Blood for Blood"],"relics":["Burning Blood","FaceOfCleric","PreservedInsect","Bag of Marbles","Happy Flower","Busted Crown","Oddly Smooth Stone","Enchiridion","Matryoshka"],"potions_floor_usage":[8,16,16,20,22,33],"damage_taken":[{"damage":11,"enemies":"Jaw Worm","floor":1,"turns":4},{"damage":0,"enemies":"Cultist","floor":4,"turns":3},{"damage":7,"enemies":"Small Slimes","floor":5,"turns":5},{"damage":32,"enemies":"Gremlin Nob","floor":6,"turns":4},{"damage":30,"enemies":"3 Sentries","floor":8,"turns":7},{"damage":3,"enemies":"3 Louse","floor":11,"turns":5},{"damage":14,"enemies":"Looter","floor":12,"turns":4},{"damage":11,"enemies":"Gremlin Gang","floor":13,"turns":2},{"damage":1,"enemies":"Lots of Slimes","floor":14,"turns":4},{"damage":40,"enemies":"The Guardian","floor":16,"turns":10},{"damage":33,"enemies":"Shell Parasite","floor":18,"turns":6},{"damage":1,"enemies":"Chosen","floor":20,"turns":5},{"damage":26,"enemies":"Shelled Parasite and Fungi","floor":22,"turns":8},{"damage":10,"enemies":"Snake Plant","floor":24,"turns":3},{"damage":0,"enemies":"Chosen and Byrds","floor":30,"turns":2},{"damage":27,"enemies":"3 Cultists","floor":31,"turns":5},{"damage":67,"enemies":"Collector","floor":33,"turns":5}],"seed_played":"-8203985792762683327","potions_obtained":[{"floor":4,"key":"Regen Potion"},{"floor":5,"key":"SpeedPotion"},{"floor":8,"key":"EssenceOfSteel"},{"floor":12,"key":"PowerPotion"},{"floor":16,"key":"Swift Potion"},{"floor":18,"key":"SpeedPotion"},{"floor":20,"key":"AttackPotion"},{"floor":30,"key":"SteroidPotion"}],"is_trial":false,"path_per_floor":["M","$","?","M","M","E","R","E","T","R","M","M","M","M","R","B",null,"M","$","M","?","M","R","M","R","T","?","R","?","M","M","R","B"],"character_chosen":"IRONCLAD","items_purchased":["True Grit","Oddly Smooth Stone"],"campfire_rested":4,"item_purchase_floors":[2,19],"current_hp_per_floor":[63,63,63,70,70,45,45,22,22,45,49,42,38,44,44,26,70,44,44,50,29,10,36,33,59,59,59,59,59,62,45,63,0],"gold":234,"neow_bonus":"THREE_RARE_CARDS","is_prod":false,"is_daily":false,"chose_seed":false,"campfire_upgraded":3,"win_rate":0,"timestamp":1554925333,"path_taken":["M","$","?","M","M","E","R","E","T","R","M","M","?","M","R","BOSS","M","$","M","?","M","R","M","R","T","?","R","?","M","M","R","BOSS"],"build_version":"2019-01-23","purchased_purges":1,"victory":false,"max_hp_per_floor":[75,75,75,76,77,78,78,79,79,79,80,81,82,83,83,84,84,85,85,86,86,87,87,88,88,88,61,61,61,62,63,63,63],"card_choices":[{"not_picked":["Reaper","Barricade"],"picked":"Demon Form","floor":0},{"not_picked":["Havoc","Headbutt"],"picked":"Pummel","floor":1},{"not_picked":["Bloodletting","Infernal Blade"],"picked":"Flame Barrier","floor":4},{"not_picked":["Seeing Red","Carnage"],"picked":"Shrug It Off","floor":5},{"not_picked":["Disarm","Sword Boomerang"],"picked":"Armaments","floor":6},{"not_picked":["Impervious","Second Wind"],"picked":"Whirlwind","floor":8},{"not_picked":["Warcry","Fire Breathing"],"picked":"Body Slam","floor":11},{"not_picked":["Iron Wave","Fire Breathing","Body Slam"],"picked":"SKIP","floor":12},{"not_picked":["Armaments","Dual Wield"],"picked":"Entrench","floor":13},{"not_picked":["Body Slam","Wild Strike","Bloodletting"],"picked":"SKIP","floor":14},{"not_picked":["Brutality","Fiend Fire"],"picked":"Limit Break","floor":16},{"not_picked":[],"picked":"Sword Boomerang","floor":18},{"not_picked":["Perfected Strike+1"],"picked":"SKIP","floor":20},{"not_picked":["Clothesline"],"picked":"SKIP","floor":22},{"not_picked":["Fire Breathing"],"picked":"SKIP","floor":24},{"not_picked":["Havoc"],"picked":"SKIP","floor":30},{"not_picked":["True Grit"],"picked":"SKIP","floor":31}],"player_experience":552633,"relics_obtained":[{"floor":6,"key":"PreservedInsect"},{"floor":8,"key":"Bag of Marbles"},{"floor":9,"key":"Happy Flower"},{"floor":21,"key":"Enchiridion"},{"floor":26,"key":"Matryoshka"}],"event_choices":[{"damage_healed":0,"gold_gain":0,"player_choice":"Trade","damage_taken":0,"relics_obtained":["FaceOfCleric"],"max_hp_gain":0,"max_hp_loss":0,"event_name":"FaceTrader","floor":3,"gold_loss":0},{"damage_healed":0,"gold_gain":0,"player_choice":"Obtained Book","damage_taken":21,"max_hp_gain":0,"max_hp_loss":0,"event_name":"Cursed Tome","floor":21,"gold_loss":0},{"damage_healed":0,"gold_gain":0,"player_choice":"Became a vampire","damage_taken":0,"max_hp_gain":0,"max_hp_loss":27,"event_name":"Vampires","floor":27,"gold_loss":0,"cards_obtained":["Bite","Bite","Bite","Bite","Bite"]},{"damage_healed":0,"gold_gain":0,"cards_transformed":["Defend_R"],"player_choice":"Transformed","damage_taken":0,"max_hp_gain":0,"max_hp_loss":0,"event_name":"Transmorgrifier","floor":29,"gold_loss":0,"cards_obtained":["Blood for Blood"]}],"is_beta":false,"boss_relics":[{"not_picked":["Philosopher\u0027s Stone","Tiny House"],"picked":"Busted Crown"}],"items_purged_floors":[2],"is_endless":false,"potions_floor_spawned":[4,5,8,12,14,16,18,20,30],"killed_by":"Collector","ascension_level":20}