{"gold_per_floor":[109,59,59,59,82,147,60,60,60,95,95,95,20,34,34,157,157,157,6,6,6,6,6,6,6],"floor_reached":25,"playtime":1744,"items_purged":["Injury","Defend_R"],"score":252,"play_id":"41bebd82-5079-42dc-aea2-809d24ce2f88","local_time":"20190130230553","is_ascension_mode":false,"campfire_choices":[{"floor":12,"key":"REST"},{"data":"Blood for Blood","floor":15,"key":"SMITH"}],"neow_cost":"NONE","seed_source_timestamp":1080302296768200,"circlet_count":0,"master_deck":["Strike_R","Strike_R","Strike_R+1","Strike_R","Defend_R","Defend_R","Defend_R","Bash","Ghostly Armor","Cleave","Flame Barrier","Bandage Up+1","Blood for Blood+1","Cleave","Berserk","Shrug It Off+1","Armaments","Seeing Red+1","Armaments"],"relics":["Burning Blood","NeowsBlessing","Golden Idol","Oddly Smooth Stone","Tiny Chest","Vajra","Gambling Chip","Ectoplasm","MutagenicStrength"],"potions_floor_usage":[25,25],"damage_taken":[{"damage":0,"enemies":"Jaw Worm","floor":1,"turns":1},{"damage":0,"enemies":"2 Louse","floor":5,"turns":2},{"damage":0,"enemies":"Gremlin Nob","floor":6,"turns":1},{"damage":40,"enemies":"Lagavulin","floor":10,"turns":11},{"damage":5,"enemies":"Small Slimes","floor":14,"turns":3},{"damage":29,"enemies":"The Guardian","floor":16,"turns":12},{"damage":4,"enemies":"Chosen","floor":18,"turns":6},{"damage":16,"enemies":"Shell Parasite","floor":20,"turns":6},{"damage":16,"enemies":"Chosen and Byrds","floor":22,"turns":6},{"damage":59,"enemies":"Gremlin Leader","floor":23,"turns":9},{"damage":42,"enemies":"Cultist and Chosen","floor":25,"turns":6}],"seed_played":"-2301899031613174172","potions_obtained":[{"floor":1,"key":"Energy Potion"},{"floor":5,"key":"Regen Potion"},{"floor":10,"key":"SpeedPotion"},{"floor":18,"key":"EssenceOfSteel"},{"floor":22,"key":"PowerPotion"}],"is_trial":false,"path_per_floor":["M","?","?","?","M","E","$","?","T","E","?","R","$","M","R","B",null,"M","$","M","?","M","E","?","M"],"character_chosen":"IRONCLAD","items_purchased":["Bandage Up","Armaments"],"campfire_rested":1,"item_purchase_floors":[7,19],"current_hp_per_floor":[80,80,80,80,80,80,80,73,73,43,27,51,51,58,58,41,80,80,80,76,76,72,25,25,0],"gold":6,"neow_bonus":"THREE_ENEMY_KILL","is_prod":false,"is_daily":false,"chose_seed":false,"campfire_upgraded":1,"win_rate":0.0,"timestamp":1548907553,"path_taken":["M","?","?","?","M","E","$","?","T","E","?","R","$","M","R","BOSS","M","$","M","?","M","E","?","M"],"build_version":"2019-01-23","purchased_purges":2,"victory":false,"max_hp_per_floor":[80,80,80,80,80,80,80,80,80,80,80,80,80,80,80,80,80,80,80,80,80,80,80,80,80],"card_choices":[{"not_picked":["Shockwave","Body Slam"],"picked":"Ghostly Armor","floor":1},{"not_picked":["Shrug It Off","Pommel Strike"],"picked":"Cleave","floor":5},{"not_picked":["Pommel Strike","Warcry"],"picked":"Flame Barrier","floor":6},{"not_picked":["Headbutt","Iron Wave"],"picked":"Blood for Blood","floor":10},{"not_picked":["Limit Break","Dropkick"],"picked":"Cleave","floor":14},{"not_picked":["Limit Break","Barricade"],"picked":"Berserk","floor":16},{"not_picked":["Shockwave+1","Iron Wave"],"picked":"Shrug It Off+1","floor":18},{"not_picked":["Body Slam","Sever Soul+1","Heavy Blade"],"picked":"SKIP","floor":20},{"not_picked":["Thunderclap+1","Flame Barrier+1"],"picked":"Seeing Red+1","floor":22},{"not_picked":["Headbutt+1","Burning Pact"],"picked":"Armaments","floor":23}],"player_experience":92466,"relics_obtained":[{"floor":6,"key":"Tiny Chest"},{"floor":9,"key":"Vajra"},{"floor":10,"key":"Gambling Chip"}],"event_choices":[{"cards_removed":["Strike_R"],"damage_healed":0,"gold_gain":0,"player_choice":"Card Removal","damage_taken":0,"max_hp_gain":0,"max_hp_loss":0,"event_name":"The Cleric","floor":2,"gold_loss":50},{"damage_healed":0,"gold_gain":0,"player_choice":"Take Wound","damage_taken":0,"relics_obtained":["Golden Idol"],"max_hp_gain":0,"max_hp_loss":0,"event_name":"Golden Idol","floor":3,"gold_loss":0,"cards_obtained":["Injury"]},{"damage_healed":0,"gold_gain":0,"player_choice":"Box","damage_taken":0,"relics_obtained":["Oddly Smooth Stone"],"max_hp_gain":0,"max_hp_loss":0,"event_name":"Big Fish","floor":4,"gold_loss":0,"cards_obtained":["Regret"]},{"cards_removed":["Regret"],"damage_healed":0,"gold_gain":0,"player_choice":"Card Removal","damage_taken":7,"max_hp_gain":0,"max_hp_loss":0,"event_name":"Golden Wing","floor":8,"gold_loss":0},{"damage_healed":0,"gold_gain":0,"player_choice":"Entered Light","damage_taken":16,"max_hp_gain":0,"max_hp_loss":0,"event_name":"Shining Light","floor":11,"gold_loss":0,"cards_upgraded":["Bandage Up","Strike_R"]},{"damage_healed":0,"gold_gain":0,"player_choice":"Inject Mutagens","damage_taken":0,"relics_obtained":["MutagenicStrength"],"max_hp_gain":0,"max_hp_loss":0,"event_name":"Drug Dealer","floor":21,"gold_loss":0},{"damage_healed":0,"gold_gain":0,"player_choice":"0 cards matched","damage_taken":0,"max_hp_gain":0,"max_hp_loss":0,"event_name":"Match and Keep!","floor":24,"gold_loss":0,"cards_obtained":[]}],"is_beta":false,"boss_relics":[{"not_picked":["Calling Bell","Empty Cage"],"picked":"Ectoplasm"}],"items_purged_floors":[13,19],"is_endless":false,"potions_floor_spawned":[1,5,10,18,20,22],"killed_by":"Cultist and Chosen","ascension_level":0}