{"gold_per_floor":[110,285,360,360,376,407,407,417,498,498,126,158,178,78,78,174,174,187,187,202,202,222,222,232,232,232,107,126,138,165,15,15,15],"floor_reached":33,"playtime":1165,"items_purged":["Regret","Doubt","Strike_R+1","Bash"],"score":414,"play_id":"4398dfc1-bdd1-43e9-b4da-d6f70ff1c69e","local_time":"20190209225349","is_ascension_mode":true,"campfire_choices":[{"data":"Feed","floor":7,"key":"SMITH"},{"data":"Armaments","floor":15,"key":"SMITH"},{"floor":23,"key":"REST"},{"data":"Rampage","floor":25,"key":"SMITH"},{"floor":32,"key":"REST"}],"neow_cost":"NONE","seed_source_timestamp":828110441339892,"circlet_count":0,"master_deck":["Strike_R+1","Strike_R+1","Strike_R+1","Strike_R+1","Defend_R+1","Defend_R+1","Defend_R+1","Defend_R+1","Shrug It Off","Feed+1","Rampage+1","Armaments+1","Thunderclap","Uppercut","Iron Wave","Pommel Strike+1","Shockwave"],"relics":["Burning Blood","NeowsBlessing","PreservedInsect","Blue Candle","Tiny Chest","Darkstone Periapt","Singing Bowl","Paper Frog","Eternal Feather","Mummified Hand","Centennial Puzzle"],"potions_floor_usage":[12,20,33,33],"damage_taken":[{"damage":0,"enemies":"Small Slimes","floor":1,"turns":1},{"damage":0,"enemies":"Jaw Worm","floor":5,"turns":1},{"damage":0,"enemies":"Gremlin Nob","floor":6,"turns":1},{"damage":7,"enemies":"2 Louse","floor":8,"turns":2},{"damage":36,"enemies":"3 Sentries","floor":12,"turns":7},{"damage":19,"enemies":"Exordium Wildlife","floor":13,"turns":3},{"damage":31,"enemies":"The Guardian","floor":16,"turns":12},{"damage":51,"enemies":"Shell Parasite","floor":18,"turns":9},{"damage":15,"enemies":"Spheric Guardian","floor":20,"turns":5},{"damage":42,"enemies":"Snake Plant","floor":22,"turns":6},{"damage":16,"enemies":"Centurion and Healer","floor":24,"turns":7},{"damage":46,"enemies":"3 Cultists","floor":28,"turns":6},{"damage":25,"enemies":"Snake Plant","floor":29,"turns":5},{"damage":88,"enemies":"Champ","floor":33,"turns":10}],"seed_played":"4923014176147465988","potions_obtained":[{"floor":1,"key":"Block Potion"},{"floor":5,"key":"Block Potion"},{"floor":8,"key":"EssenceOfSteel"},{"floor":28,"key":"Explosive Potion"}],"is_trial":false,"path_per_floor":["M","?","?","?","M","E","R","M","T","T","$","E","M","$","R","B",null,"M","?","M","?","M","R","M","R","T","$","M","M","T","$","R","B"],"character_chosen":"IRONCLAD","items_purchased":["Armaments","Singing Bowl"],"campfire_rested":2,"item_purchase_floors":[11,11],"current_hp_per_floor":[78,78,67,67,73,79,79,82,82,82,82,56,47,47,47,24,77,36,36,29,62,28,67,63,72,72,72,36,17,17,17,59,0],"gold":15,"neow_bonus":"THREE_ENEMY_KILL","is_prod":false,"is_daily":false,"chose_seed":false,"campfire_upgraded":3,"win_rate":0,"timestamp":1549770829,"path_taken":["M","?","?","?","?","E","R","M","T","?","$","E","M","$","R","BOSS","M","?","M","?","M","R","M","R","T","$","M","M","?","$","R","BOSS"],"build_version":"2019-01-23","purchased_purges":4,"victory":false,"max_hp_per_floor":[80,80,80,80,80,80,80,84,84,84,84,88,92,92,92,94,94,98,98,100,100,102,102,108,108,108,108,112,112,112,112,112,112],"card_choices":[{"not_picked":["Reckless Charge","Clothesline","Headbutt"],"picked":"SKIP","floor":1},{"not_picked":["Metallicize","Hemokinesis"],"picked":"Shrug It Off","floor":5},{"not_picked":["Whirlwind","Perfected Strike"],"picked":"Feed","floor":6},{"not_picked":["Evolve","Perfected Strike"],"picked":"Rampage","floor":8},{"not_picked":["True Grit","Blood for Blood"],"picked":"Thunderclap","floor":12},{"not_picked":["Thunderclap","Headbutt"],"picked":"Uppercut","floor":13},{"not_picked":["Brutality","Offering","Fiend Fire"],"picked":"Singing Bowl","floor":16},{"not_picked":["Headbutt","Twin Strike"],"picked":"Iron Wave","floor":18},{"not_picked":["Body Slam","Heavy Blade","Infernal Blade"],"picked":"Singing Bowl","floor":20},{"not_picked":["Warcry","Wild Strike","Sever Soul"],"picked":"Singing Bowl","floor":22},{"not_picked":["Intimidate","Combust","Havoc+1"],"picked":"Singing Bowl","floor":24},{"not_picked":["Metallicize","Second Wind"],"picked":"Pommel Strike+1","floor":28},{"not_picked":["Warcry+1","Power Through"],"picked":"Shockwave","floor":29}],"player_experience":200118,"relics_obtained":[{"floor":6,"key":"Blue Candle"},{"floor":9,"key":"Tiny Chest"},{"floor":10,"key":"Darkstone Periapt"},{"floor":12,"key":"Paper Frog"},{"floor":26,"key":"Mummified Hand"},{"floor":30,"key":"Centennial Puzzle"}],"event_choices":[{"damage_healed":0,"gold_gain":175,"player_choice":"AGREE","damage_taken":0,"max_hp_gain":0,"max_hp_loss":0,"event_name":"Liars Game","floor":2,"gold_loss":0,"cards_obtained":["Doubt"]},{"damage_healed":0,"gold_gain":75,"player_choice":"Gather Gold","damage_taken":11,"max_hp_gain":0,"max_hp_loss":0,"event_name":"World of Goop","floor":3,"gold_loss":0},{"damage_healed":0,"gold_gain":0,"player_choice":"Box","damage_taken":0,"relics_obtained":["PreservedInsect"],"max_hp_gain":0,"max_hp_loss":0,"event_name":"Big Fish","floor":4,"gold_loss":0,"cards_obtained":["Regret"]},{"damage_healed":0,"gold_gain":0,"player_choice":"Simplicity","damage_taken":0,"max_hp_gain":0,"max_hp_loss":0,"event_name":"Back to Basics","floor":19,"gold_loss":0,"cards_upgraded":["Strike_R","Strike_R","Strike_R","Strike_R","Strike_R","Defend_R","Defend_R","Defend_R","Defend_R"]},{"damage_healed":33,"gold_gain":0,"player_choice":"Heal","damage_taken":0,"max_hp_gain":0,"max_hp_loss":0,"event_name":"The Library","floor":21,"gold_loss":0}],"is_beta":false,"boss_relics":[{"not_picked":["Runic Cube","Lizard Tail"],"picked":"Eternal Feather"}],"items_purged_floors":[11,14,27,31],"is_endless":false,"potions_floor_spawned":[1,5,8,28],"killed_by":"Champ","ascension_level":6}