{"gold_per_floor":[113,124,124,196,206,206,234,250,276,301,301,314,314,67,67,67],"floor_reached":16,"playtime":567,"items_purged":["Strike_R"],"score":215,"play_id":"04aca1ba-b50b-4fee-aba6-e8a348902b0c","local_time":"20190628195033","is_ascension_mode":true,"campfire_choices":[{"data":"Whirlwind","floor":6,"key":"SMITH"},{"floor":15,"key":"REST"}],"neow_cost":"NONE","seed_source_timestamp":1371395068998661,"circlet_count":0,"master_deck":["AscendersBane","Strike_R","Strike_R","Strike_R","Defend_R","Defend_R","Defend_R","Defend_R","Bash","Sever Soul","Whirlwind+1","Spot Weakness","Disarm","Feel No Pain","Combust"],"relics":["Burning Blood","Art of War","Vajra","Red Skull","Golden Idol","Juzu Bracelet"],"potions_floor_usage":[7,10,12],"damage_taken":[{"damage":1,"enemies":"Cultist","floor":1,"turns":3},{"damage":2,"enemies":"2 Louse","floor":2,"turns":3},{"damage":14,"enemies":"Jaw Worm","floor":5,"turns":3},{"damage":32,"enemies":"Gremlin Nob","floor":7,"turns":4},{"damage":10,"enemies":"2 Fungi Beasts","floor":8,"turns":3},{"damage":18,"enemies":"3 Sentries","floor":10,"turns":6},{"damage":29,"enemies":"Gremlin Gang","floor":12,"turns":3},{"damage":31,"enemies":"Hexaghost","floor":16,"turns":7}],"seed_played":"-6818415938144983772","potions_obtained":[{"floor":2,"key":"PowerPotion"},{"floor":5,"key":"Dexterity Potion"},{"floor":7,"key":"EssenceOfSteel"}],"is_trial":false,"path_per_floor":["M","M","$","?","M","R","E","M","T","E","?","M","?","$","R","B"],"character_chosen":"IRONCLAD","items_purchased":["Juzu Bracelet"],"campfire_rested":1,"item_purchase_floors":[14],"current_hp_per_floor":[80,82,82,82,74,74,48,44,44,32,32,9,9,9,31,0],"gold":67,"neow_bonus":"TEN_PERCENT_HP_BONUS","is_prod":false,"is_daily":false,"chose_seed":false,"campfire_upgraded":1,"win_rate":0,"timestamp":1561776633,"path_taken":["M","M","$","?","M","R","E","M","T","E","?","?","?","?","R","BOSS"],"build_version":"2019-01-23","purchased_purges":1,"victory":false,"max_hp_per_floor":[82,82,82,82,82,82,82,82,82,82,82,82,74,74,74,74],"card_choices":[{"not_picked":["Shrug It Off","Flex"],"picked":"Sever Soul","floor":1},{"not_picked":["Perfected Strike","Twin Strike"],"picked":"Whirlwind","floor":2},{"not_picked":["Clothesline","Anger"],"picked":"Spot Weakness","floor":5},{"not_picked":["Warcry","Clothesline"],"picked":"Disarm","floor":7},{"not_picked":["Rage","Pommel Strike"],"picked":"Feel No Pain","floor":8},{"not_picked":["Havoc","Body Slam","Wild Strike"],"picked":"SKIP","floor":10},{"not_picked":["Bloodletting","Perfected Strike"],"picked":"Combust","floor":12}],"player_experience":1099934,"relics_obtained":[{"floor":7,"key":"Art of War"},{"floor":9,"key":"Vajra"},{"floor":10,"key":"Red Skull"}],"event_choices":[{"damage_healed":0,"gold_gain":72,"player_choice":"Gained Gold","damage_taken":0,"max_hp_gain":0,"max_hp_loss":0,"event_name":"Golden Wing","floor":4,"gold_loss":0},{"cards_removed":["Strike_R"],"damage_healed":0,"gold_gain":0,"player_choice":"Purged","damage_taken":0,"max_hp_gain":0,"max_hp_loss":0,"event_name":"Purifier","floor":11,"gold_loss":0},{"damage_healed":0,"gold_gain":0,"player_choice":"Lose Max HP","damage_taken":0,"relics_obtained":["Golden Idol"],"max_hp_gain":0,"max_hp_loss":8,"event_name":"Golden Idol","floor":13,"gold_loss":0}],"is_beta":false,"boss_relics":[],"items_purged_floors":[14],"is_endless":false,"potions_floor_spawned":[2,5,7,8],"killed_by":"Hexaghost","ascension_level":19}