{"gold_per_floor":[112,112,61,81,81,81,113,113,137,137,152,180,194,222,222,299,299,254,254,254,254,254,254,254,254,254,254,254,254,254,254,254,254,254,254,107,107,40,40,40,40,40,40,40,40,40,40,40,40,40],"floor_reached":50,"playtime":1531,"items_purged":["Cleave"],"score":804,"play_id":"923149bd-57aa-4a9b-a970-886e71915f2d","local_time":"20190315211936","is_ascension_mode":true,"campfire_choices":[{"data":"True Grit","floor":6,"key":"SMITH"},{"data":"Armaments","floor":8,"key":"SMITH"},{"data":"Bash","floor":15,"key":"SMITH"},{"data":"Inflame","floor":23,"key":"SMITH"},{"data":"Cleave","floor":25,"key":"SMITH"},{"data":"Ghostly Armor","floor":29,"key":"SMITH"},{"data":"Defend_R","floor":32,"key":"SMITH"},{"data":"Defend_R","floor":40,"key":"SMITH"},{"data":"Strike_R","floor":44,"key":"SMITH"},{"data":"Madness","floor":49,"key":"SMITH"}],"neow_cost":"NONE","seed_source_timestamp":2422162679086455,"circlet_count":0,"master_deck":["AscendersBane","Strike_R","Strike_R","Strike_R","Strike_R","Strike_R+1","Defend_R+1","Defend_R+1","Defend_R+1","Defend_R+1","Bash+1","True Grit+1","Armaments+1","Cleave+1","Double Tap+1","Ghostly Armor+1","Inflame+1","Feed+1","Immolate+1","Perfected Strike+1","Sword Boomerang+1","Perfected Strike+1","Rampage+1","Headbutt+1","Uppercut+1","Fiend Fire+1","Whirlwind+1","Dropkick+1","Madness+1","Madness"],"relics":["Burning Blood","NeowsBlessing","War Paint","Bag of Preparation","Red Skull","Regal Pillow","Molten Egg 2","Ectoplasm","MutagenicStrength","Blue Candle","Busted Crown","Omamori","The Courier","MawBank"],"potions_floor_usage":[16,16,16,16,18,24,28,33,42,50],"damage_taken":[{"damage":0,"enemies":"Cultist","floor":1,"turns":1},{"damage":0,"enemies":"Jaw Worm","floor":4,"turns":1},{"damage":0,"enemies":"Gremlin Nob","floor":7,"turns":1},{"damage":13,"enemies":"2 Louse","floor":11,"turns":2},{"damage":17,"enemies":"3 Sentries","floor":12,"turns":12},{"damage":4,"enemies":"Large Slime","floor":13,"turns":7},{"damage":17,"enemies":"Gremlin Nob","floor":14,"turns":4},{"damage":22,"enemies":"Hexaghost","floor":16,"turns":7},{"damage":14,"enemies":"2 Thieves","floor":18,"turns":3},{"damage":12,"enemies":"Chosen","floor":21,"turns":2},{"damage":2,"enemies":"Snecko","floor":22,"turns":4},{"damage":13,"enemies":"Centurion and Healer","floor":24,"turns":4},{"damage":0,"enemies":"Sentry and Sphere","floor":27,"turns":3},{"damage":12,"enemies":"Snake Plant","floor":28,"turns":3},{"damage":0,"enemies":"3 Cultists","floor":30,"turns":2},{"damage":5,"enemies":"Cultist and Chosen","floor":31,"turns":4},{"damage":13,"enemies":"Collector","floor":33,"turns":6},{"damage":13,"enemies":"3 Darklings","floor":35,"turns":3},{"damage":0,"enemies":"Orb Walker","floor":39,"turns":2},{"damage":1,"enemies":"Transient","floor":41,"turns":5},{"damage":0,"enemies":"3 Darklings","floor":42,"turns":2},{"damage":108,"enemies":"Time Eater","floor":50,"turns":8}],"seed_played":"-8345456010739383977","potions_obtained":[{"floor":4,"key":"Weak Potion"},{"floor":7,"key":"Weak Potion"},{"floor":12,"key":"EntropicBrew"},{"floor":16,"key":"Explosive Potion"},{"floor":18,"key":"Regen Potion"},{"floor":22,"key":"GamblersBrew"},{"floor":27,"key":"Weak Potion"},{"floor":28,"key":"Poison Potion"},{"floor":35,"key":"Energy Potion"}],"is_trial":false,"path_per_floor":["M","?","$","M","?","R","E","R","T","?","M","E","M","E","R","B",null,"M","?","?","M","M","R","M","R","T","M","M","R","M","M","R","B",null,"M","$","?","?","M","R","M","M","T","R","?","?","T","?","R","B"],"character_chosen":"IRONCLAD","items_purchased":["Armaments","Whirlwind+1"],"campfire_rested":0,"item_purchase_floors":[3,36],"current_hp_per_floor":[78,71,71,77,77,77,80,80,80,80,73,62,64,53,53,37,69,61,61,61,55,63,63,56,56,56,66,64,64,70,71,71,64,85,78,78,78,78,84,84,89,92,92,92,80,80,80,80,80,0],"gold":40,"neow_bonus":"THREE_ENEMY_KILL","is_prod":false,"is_daily":false,"chose_seed":false,"campfire_upgraded":10,"win_rate":0,"timestamp":1552699176,"path_taken":["M","?","$","M","?","R","E","R","T","?","M","E","M","E","R","BOSS","M","?","?","M","M","R","M","R","T","M","M","R","M","M","R","BOSS","M","$","?","?","?","R","M","M","T","R","?","?","?","?","R","BOSS"],"build_version":"2019-01-23","purchased_purges":1,"victory":false,"max_hp_per_floor":[80,80,80,80,80,80,80,80,80,80,80,80,80,80,80,80,80,80,80,80,80,84,84,84,84,84,88,92,92,92,92,92,92,92,92,92,92,92,92,92,92,92,92,92,92,92,92,92,92,92],"card_choices":[{"not_picked":["Heavy Blade","Sever Soul"],"picked":"True Grit","floor":1},{"not_picked":["Wild Strike","Flex"],"picked":"Cleave","floor":4},{"not_picked":["Perfected Strike","Searing Blow"],"picked":"Double Tap","floor":7},{"not_picked":["Warcry","Headbutt"],"picked":"Ghostly Armor","floor":11},{"not_picked":["Dual Wield","Evolve"],"picked":"Inflame","floor":12},{"not_picked":["Clash","Wild Strike","Cleave"],"picked":"SKIP","floor":13},{"not_picked":["Clash","Wild Strike"],"picked":"Cleave","floor":13},{"not_picked":["Pommel Strike","Entrench"],"picked":"Feed","floor":14},{"not_picked":["Feed+1","Barricade"],"picked":"Immolate+1","floor":16},{"not_picked":["Reckless Charge+1","Clash+1"],"picked":"Perfected Strike+1","floor":18},{"not_picked":["Clothesline+1","Reckless Charge+1"],"picked":"Sword Boomerang+1","floor":21},{"not_picked":["Headbutt+1","Infernal Blade"],"picked":"Perfected Strike+1","floor":22},{"not_picked":["Rage","Corruption"],"picked":"Rampage+1","floor":24},{"not_picked":["Headbutt+1","Warcry","True Grit"],"picked":"SKIP","floor":27},{"not_picked":["Warcry","True Grit"],"picked":"Headbutt+1","floor":27},{"not_picked":["Rage","True Grit"],"picked":"Uppercut+1","floor":28},{"not_picked":["Inflame","Pommel Strike+1","Warcry"],"picked":"SKIP","floor":30},{"not_picked":["Havoc","Twin Strike+1","Disarm"],"picked":"SKIP","floor":31},{"not_picked":["Feed+1","Offering"],"picked":"Fiend Fire+1","floor":33},{"not_picked":["Cleave+1"],"picked":"SKIP","floor":35},{"not_picked":[],"picked":"Dropkick+1","floor":39},{"not_picked":["Second Wind"],"picked":"SKIP","floor":41},{"not_picked":["Sword Boomerang+1"],"picked":"SKIP","floor":42}],"player_experience":395449,"relics_obtained":[{"floor":7,"key":"Bag of Preparation"},{"floor":9,"key":"Red Skull"},{"floor":12,"key":"Regal Pillow"},{"floor":14,"key":"Molten Egg 2"},{"floor":26,"key":"Blue Candle"},{"floor":43,"key":"The Courier"},{"floor":47,"key":"MawBank"}],"event_choices":[{"damage_healed":0,"gold_gain":0,"player_choice":"Success","damage_taken":7,"relics_obtained":["War Paint"],"max_hp_gain":0,"max_hp_loss":0,"event_name":"Scrap Ooze","floor":2,"gold_loss":0},{"damage_healed":0,"gold_gain":0,"player_choice":"Ignored","damage_taken":0,"max_hp_gain":0,"max_hp_loss":0,"event_name":"Liars Game","floor":5,"gold_loss":0},{"damage_healed":0,"gold_gain":0,"player_choice":"Grow","damage_taken":0,"max_hp_gain":0,"max_hp_loss":0,"event_name":"Living Wall","floor":10,"gold_loss":0,"cards_upgraded":["Double Tap"]},{"damage_healed":0,"gold_gain":0,"player_choice":"Inject Mutagens","damage_taken":0,"relics_obtained":["MutagenicStrength"],"max_hp_gain":0,"max_hp_loss":0,"event_name":"Drug Dealer","floor":19,"gold_loss":0},{"damage_healed":0,"gold_gain":0,"player_choice":"Ignored","damage_taken":0,"max_hp_gain":0,"max_hp_loss":0,"event_name":"Vampires","floor":20,"gold_loss":0},{"damage_healed":0,"gold_gain":0,"player_choice":"Ignored","damage_taken":0,"max_hp_gain":0,"max_hp_loss":0,"event_name":"Tomb of Lord Red Mask","floor":37,"gold_loss":0},{"damage_healed":0,"gold_gain":0,"player_choice":"Paid Gold","damage_taken":0,"relics_obtained":["Omamori"],"max_hp_gain":0,"max_hp_loss":0,"event_name":"WeMeetAgain","floor":38,"gold_loss":67},{"damage_healed":0,"gold_gain":0,"player_choice":"Embrace Madness","damage_taken":12,"max_hp_gain":0,"max_hp_loss":0,"event_name":"Winding Halls","floor":45,"gold_loss":0,"cards_obtained":["Madness","Madness"]},{"damage_healed":0,"gold_gain":0,"player_choice":"Memory 1","damage_taken":0,"max_hp_gain":0,"max_hp_loss":0,"event_name":"SensoryStone","floor":46,"gold_loss":0},{"damage_healed":0,"gold_gain":0,"player_choice":"Ignored","damage_taken":0,"max_hp_gain":0,"max_hp_loss":0,"event_name":"SecretPortal","floor":48,"gold_loss":0}],"is_beta":false,"boss_relics":[{"not_picked":["Black Blood","White Beast Statue"],"picked":"Ectoplasm"},{"not_picked":["Eternal Feather","Astrolabe"],"picked":"Busted Crown"}],"items_purged_floors":[36],"is_endless":false,"potions_floor_spawned":[4,7,12,13,16,18,22,27,28,35,39],"killed_by":"Time Eater","ascension_level":13}