{"gold_per_floor":[118,118,19,19,19,52,52,62,62,62,77,77,89,104,104,180,180,198,212,13,26,26,26,26,55,81,81],"floor_reached":27,"playtime":1040,"items_purged":["Normality","Strike_R"],"score":404,"play_id":"d09897b7-ea89-4a86-a356-d0f05b6daec7","local_time":"20190502220151","is_ascension_mode":true,"campfire_choices":[{"data":"Metallicize","floor":12,"key":"SMITH"},{"data":"Combust","floor":15,"key":"SMITH"},{"floor":23,"key":"REST"}],"neow_cost":"CURSE","seed_source_timestamp":524699316032499,"circlet_count":0,"master_deck":["AscendersBane","Strike_R+1","Strike_R","Strike_R","Strike_R","Defend_R","Defend_R","Defend_R","Defend_R","Bash","Feed","Flex","Iron Wave+1","Metallicize+1","Perfected Strike","Offering","Iron Wave","Combust+1","Pommel Strike","Impervious","Body Slam","True Grit","Perfected Strike"],"relics":["Burning Blood","Turnip","Self Forming Clay","Philosopher\u0027s Stone","Nloth\u0027s Gift","Potion Belt","Blood Vial"],"potions_floor_usage":[13,16,16,19,25,25],"damage_taken":[{"damage":20,"enemies":"Jaw Worm","floor":1,"turns":6},{"damage":30,"enemies":"Gremlin Nob","floor":6,"turns":5},{"damage":0,"enemies":"2 Louse","floor":8,"turns":3},{"damage":3,"enemies":"Cultist","floor":11,"turns":4},{"damage":0,"enemies":"Lots of Slimes","floor":13,"turns":1},{"damage":6,"enemies":"Looter","floor":14,"turns":3},{"damage":34,"enemies":"Slime Boss","floor":16,"turns":9},{"damage":32,"enemies":"3 Byrds","floor":18,"turns":3},{"damage":0,"enemies":"Spheric Guardian","floor":19,"turns":2},{"damage":25,"enemies":"3 Cultists","floor":21,"turns":5},{"damage":58,"enemies":"Book of Stabbing","floor":25,"turns":6},{"damage":14,"enemies":"Sentry and Sphere","floor":27,"turns":3}],"seed_played":"753234750917018929","potions_obtained":[{"floor":8,"key":"FearPotion"},{"floor":11,"key":"Explosive Potion"},{"floor":13,"key":"GamblersBrew"},{"floor":18,"key":"SneckoOil"}],"is_trial":false,"path_per_floor":["M","?","$","?","?","E","?","M","T","$","M","R","M","M","R","B",null,"M","M","$","M","?","R","$","E","T","M"],"character_chosen":"IRONCLAD","items_purchased":["Iron Wave","PowerPotion","SkillPotion"],"campfire_rested":1,"item_purchase_floors":[3,20,20],"current_hp_per_floor":[57,78,78,55,44,23,23,32,32,32,38,38,44,47,47,19,72,46,52,52,33,33,60,60,11,11,0],"gold":81,"neow_bonus":"THREE_RARE_CARDS","is_prod":false,"is_daily":false,"chose_seed":false,"campfire_upgraded":2,"win_rate":0,"timestamp":1556859711,"path_taken":["M","?","$","?","?","E","?","?","T","$","M","R","M","M","R","BOSS","M","?","$","M","?","R","?","E","T","M"],"build_version":"2019-01-23","purchased_purges":2,"victory":false,"max_hp_per_floor":[78,78,78,78,78,81,81,84,84,84,87,87,87,90,90,90,90,90,90,90,90,90,90,90,93,93,93],"card_choices":[{"not_picked":["Bludgeon","Offering"],"picked":"Feed","floor":0},{"not_picked":["Seeing Red","Heavy Blade"],"picked":"Flex","floor":1},{"not_picked":["Pommel Strike","Flame Barrier"],"picked":"Metallicize","floor":6},{"not_picked":["Cleave","Headbutt"],"picked":"Iron Wave","floor":8},{"not_picked":["Sword Boomerang","Clash"],"picked":"Combust","floor":11},{"not_picked":["Havoc","Rampage"],"picked":"Pommel Strike","floor":13},{"not_picked":["Armaments","Dropkick","Body Slam"],"picked":"SKIP","floor":14},{"not_picked":["Offering","Brutality"],"picked":"Impervious","floor":16},{"not_picked":["Evolve","Pommel Strike"],"picked":"Body Slam","floor":18},{"not_picked":["Cleave","Whirlwind"],"picked":"True Grit","floor":19},{"not_picked":["True Grit","Wild Strike"],"picked":"Perfected Strike","floor":21},{"not_picked":["Heavy Blade","Blood for Blood","Burning Pact"],"picked":"SKIP","floor":25}],"player_experience":860572,"relics_obtained":[{"floor":6,"key":"Bronze Scales"},{"floor":9,"key":"Self Forming Clay"},{"floor":25,"key":"Potion Belt"},{"floor":26,"key":"Blood Vial"}],"event_choices":[{"damage_healed":26,"gold_gain":0,"player_choice":"Banana","damage_taken":0,"max_hp_gain":0,"max_hp_loss":0,"event_name":"Big Fish","floor":2,"gold_loss":0},{"damage_healed":0,"gold_gain":0,"player_choice":"Entered Light","damage_taken":23,"max_hp_gain":0,"max_hp_loss":0,"event_name":"Shining Light","floor":4,"gold_loss":0,"cards_upgraded":["Iron Wave","Strike_R"]},{"damage_healed":0,"gold_gain":0,"player_choice":"Success","damage_taken":11,"relics_obtained":["Turnip"],"max_hp_gain":0,"max_hp_loss":0,"event_name":"Scrap Ooze","floor":5,"gold_loss":0},{"damage_healed":0,"gold_gain":0,"player_choice":"2 cards matched","damage_taken":0,"max_hp_gain":0,"max_hp_loss":0,"event_name":"Match and Keep!","floor":7,"gold_loss":0,"cards_obtained":["Perfected Strike","Offering"]},{"damage_healed":0,"gold_gain":0,"player_choice":"Traded Relic","damage_taken":0,"relics_obtained":["Nloth\u0027s Gift"],"max_hp_gain":0,"max_hp_loss":0,"event_name":"N\u0027loth","floor":22,"relics_lost":["Bronze Scales"],"gold_loss":0}],"is_beta":false,"boss_relics":[{"not_picked":["Fusion Hammer","Orrery"],"picked":"Philosopher\u0027s Stone"}],"items_purged_floors":[3,20],"is_endless":false,"potions_floor_spawned":[8,11,13,18,21],"killed_by":"Sentry and Sphere","ascension_level":15}