{"gold_per_floor":[119,69,69,87,107,138,138,138,138,138,169,169,192,205,205,309,309,319,234,234,251,266,191,203,203,226,226,245,245,245,260,260,260],"floor_reached":33,"playtime":1240,"items_purged":["Strike_R"],"score":255,"play_id":"af4da233-5cea-4fdf-93d8-2ae96213585e","local_time":"20190502224552","is_ascension_mode":false,"campfire_choices":[{"data":"Berserk","floor":7,"key":"SMITH"},{"data":"Bash","floor":10,"key":"SMITH"},{"data":"Armaments","floor":15,"key":"SMITH"},{"data":"Flame Barrier","floor":25,"key":"SMITH"},{"data":"Berserk","floor":29,"key":"SMITH"},{"floor":32,"key":"REST"}],"neow_cost":"TEN_PERCENT_HP_LOSS","seed_source_timestamp":355200688235856,"circlet_count":0,"master_deck":["Strike_R","Defend_R","Defend_R","Defend_R","Bash+1","Berserk+1","Flame Barrier+1","Whirlwind","Evolve","Armaments+1","Feed","Berserk+1","True Grit","Carnage+1","Cleave+1","Searing Blow"],"relics":["Burning Blood","Question Card","Lantern","Singing Bowl","Dream Catcher","Odd Mushroom","Sozu","Orichalcum","Anchor"],"potions_floor_usage":[6,11,16],"damage_taken":[{"damage":4,"enemies":"2 Louse","floor":1,"turns":3},{"damage":0,"enemies":"Small Slimes","floor":4,"turns":3},{"damage":6,"enemies":"Cultist","floor":5,"turns":3},{"damage":31,"enemies":"Gremlin Nob","floor":6,"turns":5},{"damage":9,"enemies":"Lagavulin","floor":11,"turns":7},{"damage":11,"enemies":"The Mushroom Lair","floor":13,"turns":4},{"damage":1,"enemies":"3 Louse","floor":14,"turns":5},{"damage":2,"enemies":"Hexaghost","floor":16,"turns":10},{"damage":16,"enemies":"Shell Parasite","floor":18,"turns":8},{"damage":24,"enemies":"Spheric Guardian","floor":21,"turns":8},{"damage":25,"enemies":"3 Cultists","floor":22,"turns":5},{"damage":9,"enemies":"Snake Plant","floor":24,"turns":7},{"damage":21,"enemies":"Sentry and Sphere","floor":28,"turns":10},{"damage":14,"enemies":"Shelled Parasite and Fungi","floor":31,"turns":6},{"damage":72,"enemies":"Automaton","floor":33,"turns":12}],"seed_played":"5689332442104606440","potions_obtained":[{"floor":5,"key":"SkillPotion"},{"floor":6,"key":"Fire Potion"},{"floor":13,"key":"Strength Potion"}],"is_trial":false,"path_per_floor":["M","?","$","M","M","E","R","?","T","R","E","?","?","M","R","B",null,"M","?","?","M","M","$","M","R","T","?","M","R","?","M","R","B"],"character_chosen":"IRONCLAD","items_purchased":[],"campfire_rested":1,"item_purchase_floors":[],"current_hp_per_floor":[72,72,72,72,72,47,47,35,35,35,32,25,20,25,25,29,72,68,68,78,66,49,49,51,51,51,51,36,36,36,28,55,0],"gold":260,"neow_bonus":"THREE_RARE_CARDS","is_prod":false,"is_daily":false,"chose_seed":false,"campfire_upgraded":5,"win_rate":0,"timestamp":1556851552,"path_taken":["M","?","$","M","M","E","R","?","T","R","E","?","?","M","R","BOSS","M","?","?","M","?","$","M","R","T","?","M","R","?","M","R","BOSS"],"build_version":"2019-01-23","purchased_purges":1,"victory":false,"max_hp_per_floor":[72,72,72,72,72,72,72,72,72,72,72,72,72,72,72,72,72,78,78,78,84,86,86,91,91,91,91,91,91,91,91,91,91],"card_choices":[{"not_picked":["Juggernaut","Impervious"],"picked":"Berserk","floor":0},{"not_picked":["Warcry","Feel No Pain","True Grit"],"picked":"SKIP","floor":1},{"not_picked":["Headbutt","Body Slam","Warcry"],"picked":"SKIP","floor":4},{"not_picked":["Power Through","Warcry"],"picked":"Flame Barrier","floor":5},{"not_picked":["Thunderclap","Twin Strike"],"picked":"Whirlwind","floor":6},{"not_picked":["Dropkick","Anger","Cleave"],"picked":"Disarm","floor":11},{"not_picked":["Power Through","Sever Soul","Ghostly Armor"],"picked":"Evolve","floor":13},{"not_picked":["Perfected Strike","Flex","Iron Wave"],"picked":"Armaments","floor":14},{"not_picked":["Impervious","Dark Embrace","Juggernaut"],"picked":"Feed","floor":16},{"not_picked":["Flex+1","Pummel+1","Dual Wield+1","Anger"],"picked":"Singing Bowl","floor":18},{"not_picked":["Searing Blow","Heavy Blade","Exhume","Havoc"],"picked":"Singing Bowl","floor":21},{"not_picked":["Cleave","Infernal Blade+1","Clothesline","True Grit"],"picked":"Singing Bowl","floor":22},{"not_picked":["Armaments","Rupture","Wild Strike+1","Juggernaut"],"picked":"Singing Bowl","floor":24},{"not_picked":["Burning Pact","Cleave","True Grit"],"picked":"Carnage+1","floor":28},{"not_picked":["Inflame","Corruption","Dual Wield+1"],"picked":"Cleave+1","floor":31},{"not_picked":["Headbutt","Flex","Dual Wield"],"picked":"Searing Blow","floor":32}],"player_experience":649794,"relics_obtained":[{"floor":6,"key":"Question Card"},{"floor":9,"key":"Singing Bowl"},{"floor":11,"key":"Dream Catcher"},{"floor":13,"key":"Odd Mushroom"},{"floor":26,"key":"Anchor"}],"event_choices":[{"cards_removed":["Strike_R"],"damage_healed":0,"gold_gain":0,"player_choice":"Card Removal","damage_taken":0,"max_hp_gain":0,"max_hp_loss":0,"event_name":"The Cleric","floor":2,"gold_loss":50},{"damage_healed":0,"gold_gain":0,"player_choice":"Success","damage_taken":12,"relics_obtained":["Lantern"],"max_hp_gain":0,"max_hp_loss":0,"event_name":"Scrap Ooze","floor":8,"gold_loss":0},{"cards_removed":["Strike_R"],"damage_healed":0,"gold_gain":0,"player_choice":"Card Removal","damage_taken":7,"max_hp_gain":0,"max_hp_loss":0,"event_name":"Golden Wing","floor":12,"gold_loss":0},{"damage_healed":0,"gold_gain":0,"player_choice":"Fought Mushrooms","damage_taken":0,"max_hp_gain":0,"max_hp_loss":0,"event_name":"Mushrooms","floor":13,"gold_loss":0},{"damage_healed":0,"gold_gain":0,"player_choice":"Obtained Relic","damage_taken":0,"relics_obtained":["Orichalcum"],"max_hp_gain":0,"max_hp_loss":0,"event_name":"Addict","floor":19,"gold_loss":85},{"cards_removed":["Disarm"],"damage_healed":10,"gold_gain":0,"player_choice":"Offered Uncommon","damage_taken":0,"max_hp_gain":0,"max_hp_loss":0,"event_name":"Bonfire Elementals","floor":20,"gold_loss":0},{"damage_healed":0,"gold_gain":0,"cards_transformed":["Strike_R","Defend_R"],"player_choice":"Became Test Subject","damage_taken":0,"max_hp_gain":0,"max_hp_loss":0,"event_name":"Drug Dealer","floor":27,"gold_loss":0,"cards_obtained":["Berserk","True Grit"]},{"damage_healed":0,"gold_gain":0,"player_choice":"Ignored","damage_taken":0,"max_hp_gain":0,"max_hp_loss":0,"event_name":"Ghosts","floor":30,"gold_loss":0}],"is_beta":false,"boss_relics":[{"not_picked":["Tiny House","Runic Dome"],"picked":"Sozu"}],"items_purged_floors":[23],"is_endless":false,"potions_floor_spawned":[5,6,13,18,22,24,31],"killed_by":"Automaton","ascension_level":0}