{"gold_per_floor":[112,112,187,187,201,201,218,218,218,243,268,268,116,132,132,211,261,235,235,235],"floor_reached":20,"playtime":1115,"items_purged":[],"score":289,"play_id":"e2647b21-8f5f-47b1-b41a-49e65d4823c3","local_time":"20181120220346","is_ascension_mode":true,"campfire_choices":[{"data":"Spot Weakness","floor":6,"key":"SMITH"},{"data":"Carnage","floor":8,"key":"SMITH"},{"data":"Power Through","floor":15,"key":"SMITH"}],"neow_cost":"NONE","seed_source_timestamp":15091189456422,"circlet_count":0,"master_deck":["AscendersBane","Strike_R","Strike_R","Strike_R","Strike_R","Defend_R+1","Defend_R","Defend_R","Defend_R","Bash","Spot Weakness+1","Clothesline","Carnage+1","Shrug It Off","Power Through+1","Flame Barrier","Limit Break","Jack Of All Trades"],"relics":["Burning Blood","Centennial Puzzle","Regal Pillow","Meat on the Bone","Odd Mushroom","Singing Bowl","Tiny House"],"potions_floor_usage":[16,16,18],"damage_taken":[{"damage":12,"enemies":"2 Louse","floor":1,"turns":3},{"damage":13,"enemies":"Jaw Worm","floor":5,"turns":4},{"damage":0,"enemies":"Small Slimes","floor":7,"turns":2},{"damage":35,"enemies":"The Mushroom Lair","floor":10,"turns":5},{"damage":13,"enemies":"Gremlin Nob","floor":11,"turns":4},{"damage":9,"enemies":"Exordium Wildlife","floor":14,"turns":6},{"damage":47,"enemies":"The Guardian","floor":16,"turns":17},{"damage":32,"enemies":"2 Thieves","floor":18,"turns":5},{"damage":50,"enemies":"Spheric Guardian","floor":20,"turns":7}],"seed_played":"7085896037841799899","potions_obtained":[{"floor":1,"key":"BloodPotion"},{"floor":10,"key":"GamblersBrew"},{"floor":16,"key":"Weak Potion"},{"floor":17,"key":"Fire Potion"},{"floor":18,"key":"Weak Potion"}],"is_trial":false,"path_per_floor":["M","?","?","?","M","R","M","R","T","?","E","?","$","M","R","B",null,"M","?","M"],"character_chosen":"IRONCLAD","items_purchased":["Power Through","Flame Barrier"],"campfire_rested":0,"item_purchase_floors":[13,13],"current_hp_per_floor":[62,50,39,64,57,57,63,63,63,46,53,53,53,52,52,30,74,62,46,0],"gold":235,"neow_bonus":"RANDOM_COMMON_RELIC","is_prod":false,"is_daily":false,"chose_seed":false,"campfire_upgraded":3,"win_rate":0,"timestamp":1542780226,"path_taken":["M","?","?","?","M","R","?","R","T","?","E","?","$","M","R","BOSS","M","?","?"],"build_version":"2018-11-15","purchased_purges":0,"victory":false,"max_hp_per_floor":[75,75,75,75,75,75,75,75,75,75,77,77,77,79,79,79,86,88,88,88],"card_choices":[{"not_picked":["Rampage","Carnage"],"picked":"Spot Weakness","floor":1},{"not_picked":["Sever Soul","Clash"],"picked":"Clothesline","floor":5},{"not_picked":["Heavy Blade","Pommel Strike"],"picked":"Carnage","floor":7},{"not_picked":["Hemokinesis","Brutality"],"picked":"Shrug It Off","floor":10},{"not_picked":["Body Slam","Thunderclap","Sword Boomerang"],"picked":"Singing Bowl","floor":11},{"not_picked":["Havoc","Body Slam","Twin Strike"],"picked":"Singing Bowl","floor":14},{"not_picked":["Double Tap","Demon Form"],"picked":"Limit Break","floor":16},{"not_picked":["Body Slam","Heavy Blade","Reckless Charge"],"picked":"Singing Bowl","floor":17},{"not_picked":["Clash","Headbutt+1","Second Wind"],"picked":"Singing Bowl","floor":18}],"player_experience":810447,"relics_obtained":[{"floor":9,"key":"Meat on the Bone"},{"floor":10,"key":"Odd Mushroom"},{"floor":11,"key":"Singing Bowl"}],"event_choices":[{"damage_healed":0,"gold_gain":0,"player_choice":"Success","damage_taken":12,"relics_obtained":["Regal Pillow"],"max_hp_gain":0,"max_hp_loss":0,"event_name":"Scrap Ooze","floor":2,"gold_loss":0},{"damage_healed":0,"gold_gain":75,"player_choice":"Gather Gold","damage_taken":11,"max_hp_gain":0,"max_hp_loss":0,"event_name":"World of Goop","floor":3,"gold_loss":0},{"damage_healed":25,"gold_gain":0,"player_choice":"Banana","damage_taken":0,"max_hp_gain":0,"max_hp_loss":0,"event_name":"Big Fish","floor":4,"gold_loss":0},{"damage_healed":0,"gold_gain":0,"player_choice":"Fought Mushrooms","damage_taken":0,"max_hp_gain":0,"max_hp_loss":0,"event_name":"Mushrooms","floor":10,"gold_loss":0},{"cards_removed":["Strike_R"],"damage_healed":0,"gold_gain":0,"player_choice":"Offered Basic","damage_taken":0,"max_hp_gain":0,"max_hp_loss":0,"event_name":"Bonfire Elementals","floor":12,"gold_loss":0},{"damage_healed":0,"gold_gain":0,"player_choice":"CARD ","damage_taken":16,"max_hp_gain":0,"max_hp_loss":0,"event_name":"Knowing Skull","floor":19,"potions_obtained":[],"gold_loss":0,"cards_obtained":["Jack Of All Trades"]}],"is_beta":false,"boss_relics":[{"not_picked":["Black Star","Coffee Dripper"],"picked":"Tiny House"}],"items_purged_floors":[],"is_endless":false,"potions_floor_spawned":[1,10,16,18],"killed_by":"Spheric Guardian","ascension_level":14}