{"gold_per_floor":[114,114,114,39,39,70,70,90,117,117,147,147,159,179,179,280,280,300,300,300,334,334,334],"floor_reached":23,"playtime":1306,"items_purged":["Regret"],"score":215,"play_id":"5f1ea2cb-127a-49d4-9c56-fba71525e8ab","local_time":"20190610194305","is_ascension_mode":true,"campfire_choices":[{"floor":7,"key":"REST"},{"floor":10,"key":"REST"},{"floor":12,"key":"REST"},{"floor":15,"key":"REST"}],"neow_cost":"TEN_PERCENT_HP_LOSS","seed_source_timestamp":4821532098643607,"circlet_count":0,"master_deck":["Defend_G","Defend_G","Defend_G","Defend_G","Strike_G","Strike_G","Strike_G","Survivor","Neutralize","Bane","Deadly Poison","Noxious Fumes","Bane","Catalyst","Deadly Poison","Envenom","Deadly Poison+1","Terror"],"relics":["Ring of the Snake","Lantern","Dodecahedron","Blood Vial","Anchor","Shuriken","Black Star","Red Mask","MutagenicStrength"],"potions_floor_usage":[6,21,23],"damage_taken":[{"damage":9,"enemies":"2 Louse","floor":1,"turns":3},{"damage":38,"enemies":"Gremlin Nob","floor":6,"turns":6},{"damage":0,"enemies":"Jaw Worm","floor":8,"turns":3},{"damage":21,"enemies":"3 Sentries","floor":11,"turns":9},{"damage":0,"enemies":"Small Slimes","floor":13,"turns":3},{"damage":0,"enemies":"3 Louse","floor":14,"turns":3},{"damage":28,"enemies":"The Guardian","floor":16,"turns":7},{"damage":3,"enemies":"Shell Parasite","floor":18,"turns":4},{"damage":25,"enemies":"Masked Bandits","floor":21,"turns":5},{"damage":34,"enemies":"Gremlin Leader","floor":23,"turns":3}],"seed_played":"7823069676715299802","potions_obtained":[{"floor":1,"key":"SteroidPotion"},{"floor":8,"key":"Weak Potion"},{"floor":14,"key":"GhostInAJar"},{"floor":21,"key":"Strength Potion"}],"is_trial":false,"path_per_floor":["M","?","?","$","T","E","R","M","T","R","E","R","M","M","R","B",null,"M","?","?","?","?","E"],"character_chosen":"THE_SILENT","items_purchased":[],"campfire_rested":4,"item_purchase_floors":[],"current_hp_per_floor":[54,47,47,47,47,9,27,29,29,47,28,46,48,50,63,35,63,60,49,49,26,26,0],"gold":334,"neow_bonus":"REMOVE_TWO","is_prod":false,"is_daily":false,"chose_seed":false,"campfire_upgraded":0,"win_rate":0,"timestamp":1560213785,"path_taken":["M","?","?","$","?","E","R","M","T","R","E","R","M","M","R","BOSS","M","?","?","?","?","E"],"build_version":"2019-01-23","purchased_purges":1,"victory":false,"max_hp_per_floor":[63,63,63,63,63,63,63,63,63,63,63,63,63,63,63,63,63,63,68,68,68,68,68],"card_choices":[{"not_picked":["PiercingWail","Deflect"],"picked":"Bane","floor":1},{"not_picked":["Flechettes","Cloak And Dagger"],"picked":"Deadly Poison","floor":6},{"not_picked":["Wraith Form v2","Deadly Poison"],"picked":"Noxious Fumes","floor":8},{"not_picked":["Escape Plan","Backstab"],"picked":"Bane","floor":11},{"not_picked":["Acrobatics","Blade Dance"],"picked":"Catalyst","floor":13},{"not_picked":["Backflip","Predator"],"picked":"Deadly Poison","floor":14},{"not_picked":["Bullet Time","Wraith Form v2"],"picked":"Envenom","floor":16},{"not_picked":["Quick Slash","Dodge and Roll"],"picked":"Deadly Poison+1","floor":18},{"not_picked":["Escape Plan","Underhanded Strike"],"picked":"Terror","floor":21}],"player_experience":73717,"relics_obtained":[{"floor":5,"key":"Dodecahedron"},{"floor":6,"key":"Blood Vial"},{"floor":9,"key":"Anchor"},{"floor":11,"key":"Shuriken"},{"floor":21,"key":"Red Mask"}],"event_choices":[{"cards_removed":["Strike_G"],"damage_healed":0,"gold_gain":0,"player_choice":"Card Removal","damage_taken":7,"max_hp_gain":0,"max_hp_loss":0,"event_name":"Golden Wing","floor":2,"gold_loss":0},{"damage_healed":0,"gold_gain":0,"player_choice":"Box","damage_taken":0,"relics_obtained":["Lantern"],"max_hp_gain":0,"max_hp_loss":0,"event_name":"Big Fish","floor":3,"gold_loss":0,"cards_obtained":["Regret"]},{"damage_healed":0,"gold_gain":0,"player_choice":"Shed Blood","damage_taken":16,"max_hp_gain":5,"max_hp_loss":0,"event_name":"Forgotten Altar","floor":19,"gold_loss":0},{"damage_healed":0,"gold_gain":0,"player_choice":"Ignored","damage_taken":0,"max_hp_gain":0,"max_hp_loss":0,"event_name":"Ghosts","floor":20,"gold_loss":0},{"damage_healed":0,"gold_gain":0,"player_choice":"Fought Bandits","damage_taken":0,"max_hp_gain":0,"max_hp_loss":0,"event_name":"Masked Bandits","floor":21,"gold_loss":0},{"damage_healed":0,"gold_gain":0,"player_choice":"Inject Mutagens","damage_taken":0,"relics_obtained":["MutagenicStrength"],"max_hp_gain":0,"max_hp_loss":0,"event_name":"Drug Dealer","floor":22,"gold_loss":0}],"is_beta":false,"boss_relics":[{"not_picked":["WristBlade","Calling Bell"],"picked":"Black Star"}],"items_purged_floors":[4],"is_endless":false,"potions_floor_spawned":[1,8,14,21],"killed_by":"Gremlin Leader","ascension_level":2}