{"gold_per_floor":[114,114,214,229,22,22,35,35,35,66,13,28,59,79,79,174,174,189,33,52,152,172,172],"floor_reached":23,"playtime":1048,"items_purged":[],"score":322,"play_id":"55a9d303-2dad-4214-a48f-8aa02b903832","local_time":"20181111190635","is_ascension_mode":true,"campfire_choices":[{"data":"Self Repair","floor":6,"key":"SMITH"},{"data":"Ball Lightning","floor":8,"key":"SMITH"},{"data":"Conserve Battery","floor":15,"key":"SMITH"}],"neow_cost":"NONE","seed_source_timestamp":29888633546772,"circlet_count":0,"master_deck":["AscendersBane","Strike_B","Strike_B","Strike_B","Strike_B","Defend_B","Defend_B","Defend_B","Defend_B","Zap","Dualcast","Reinforced Body+1","Self Repair+1","Ball Lightning+1","Cold Snap","Coolheaded","Conserve Battery+1","Self Repair","Creative AI","FTL","Cold Snap","Consume"],"relics":["Cracked Core","NeowsBlessing","Sling","Singing Bowl","Dead Branch","Orichalcum","Sozu","Anchor"],"potions_floor_usage":[10,16,16],"damage_taken":[{"damage":0,"enemies":"2 Louse","floor":1,"turns":1},{"damage":0,"enemies":"Jaw Worm","floor":4,"turns":1},{"damage":0,"enemies":"Cultist","floor":7,"turns":1},{"damage":16,"enemies":"Gremlin Nob","floor":10,"turns":3},{"damage":4,"enemies":"Looter","floor":12,"turns":3},{"damage":1,"enemies":"3 Sentries","floor":13,"turns":7},{"damage":33,"enemies":"Gremlin Gang","floor":14,"turns":5},{"damage":44,"enemies":"Hexaghost","floor":16,"turns":15},{"damage":10,"enemies":"Chosen","floor":18,"turns":7},{"damage":5,"enemies":"Shell Parasite","floor":20,"turns":8},{"damage":27,"enemies":"Shelled Parasite and Fungi","floor":22,"turns":10},{"damage":79,"enemies":"Gremlin Leader","floor":23,"turns":7}],"seed_played":"-5988715626304531763","potions_obtained":[{"floor":7,"key":"SteroidPotion"},{"floor":12,"key":"Dexterity Potion"},{"floor":14,"key":"Fire Potion"}],"is_trial":false,"path_per_floor":["M","?","?","M","$","R","M","R","T","E","$","M","E","M","R","B",null,"M","$","M","?","M","E"],"character_chosen":"DEFECT","items_purchased":["Sling","Coolheaded","Anchor"],"campfire_rested":0,"item_purchase_floors":[5,11,19],"current_hp_per_floor":[68,68,68,68,68,68,68,68,68,52,52,58,69,46,46,19,63,70,70,77,77,67,0],"gold":172,"neow_bonus":"THREE_ENEMY_KILL","is_prod":false,"is_daily":false,"chose_seed":false,"campfire_upgraded":3,"win_rate":0,"timestamp":1541991995,"path_taken":["M","?","?","M","$","R","?","R","T","E","$","M","E","M","R","BOSS","M","$","M","?","?","E"],"build_version":"2018-11-08","purchased_purges":0,"victory":false,"max_hp_per_floor":[75,75,75,75,75,75,75,75,75,75,75,75,77,77,77,77,77,77,77,77,77,77,77],"card_choices":[{"not_picked":["Steam","Turbo"],"picked":"Reinforced Body","floor":1},{"not_picked":["Tempest","White Noise"],"picked":"Self Repair","floor":4},{"not_picked":["Beam Cell","Barrage"],"picked":"Ball Lightning","floor":7},{"not_picked":["Chill","White Noise"],"picked":"Cold Snap","floor":10},{"not_picked":["Gash","Rip and Tear"],"picked":"Conserve Battery","floor":12},{"not_picked":["Genetic Algorithm","Steam","Redo"],"picked":"Singing Bowl","floor":13},{"not_picked":["Blizzard","Beam Cell"],"picked":"Self Repair","floor":14},{"not_picked":["Reboot","Buffer"],"picked":"Creative AI","floor":16},{"not_picked":["Stack","Coolheaded"],"picked":"FTL","floor":18},{"not_picked":["Darkness","Redo+1"],"picked":"Cold Snap","floor":20},{"not_picked":["Streamline","Genetic Algorithm"],"picked":"Consume","floor":22}],"player_experience":728808,"relics_obtained":[{"floor":9,"key":"Singing Bowl"},{"floor":10,"key":"Dead Branch"},{"floor":13,"key":"Orichalcum"}],"event_choices":[{"damage_healed":0,"gold_gain":0,"player_choice":"Grow","damage_taken":0,"max_hp_gain":0,"max_hp_loss":0,"event_name":"Living Wall","floor":2,"gold_loss":0,"cards_upgraded":["Reinforced Body"]},{"damage_healed":0,"gold_gain":100,"player_choice":"Pray","damage_taken":0,"max_hp_gain":0,"max_hp_loss":0,"event_name":"Golden Shrine","floor":3,"gold_loss":0},{"damage_healed":0,"gold_gain":100,"player_choice":"Pray","damage_taken":0,"max_hp_gain":0,"max_hp_loss":0,"event_name":"Golden Shrine","floor":21,"gold_loss":0}],"is_beta":false,"boss_relics":[{"not_picked":["White Beast Statue","Empty Cage"],"picked":"Sozu"}],"items_purged_floors":[],"is_endless":false,"potions_floor_spawned":[7,12,14,20],"killed_by":"Gremlin Leader","ascension_level":12}