{"gold_per_floor":[112,128,143,0,0,29,29,47,47,47,47,47,66,81,81,179,179,198,169,169,10,28,28,48,48],"floor_reached":25,"playtime":1393,"items_purged":["Strike_G","Malaise"],"score":205,"play_id":"315dc815-cb35-4819-bfb1-57b9a4b836ca","local_time":"20190630022542","is_ascension_mode":false,"campfire_choices":[{"floor":7,"key":"REST"},{"data":"Neutralize","floor":11,"key":"SMITH"},{"data":"Night Terror","floor":15,"key":"SMITH"},{"data":"Noxious Fumes","floor":23,"key":"SMITH"}],"neow_cost":"NONE","seed_source_timestamp":609131986604768,"circlet_count":0,"master_deck":["Defend_G","Defend_G","Defend_G","Defend_G","Defend_G","Strike_G","Survivor","Neutralize+1","Heel Hook","Noxious Fumes+1","Night Terror+1","Blur","Doppelganger","Deadly Poison","Crippling Poison+1","Bouncing Flask+1","Malaise+1","Acrobatics","Flying Knee+1","Poisoned Stab"],"relics":["Ring of the Snake","NeowsBlessing","Calipers","The Courier","Astrolabe"],"potions_floor_usage":[6,8,8,13,14,16,22,22,22,24],"damage_taken":[{"damage":0,"enemies":"Cultist","floor":1,"turns":1},{"damage":0,"enemies":"Small Slimes","floor":2,"turns":1},{"damage":0,"enemies":"2 Louse","floor":3,"turns":1},{"damage":23,"enemies":"Lagavulin","floor":6,"turns":7},{"damage":0,"enemies":"Red Slaver","floor":8,"turns":6},{"damage":0,"enemies":"Large Slime","floor":13,"turns":8},{"damage":21,"enemies":"2 Fungi Beasts","floor":14,"turns":4},{"damage":27,"enemies":"Hexaghost","floor":16,"turns":9},{"damage":22,"enemies":"Chosen","floor":18,"turns":5},{"damage":23,"enemies":"2 Thieves","floor":19,"turns":5},{"damage":3,"enemies":"Snecko","floor":22,"turns":5},{"damage":44,"enemies":"Shelled Parasite and Fungi","floor":24,"turns":7},{"damage":24,"enemies":"Chosen and Byrds","floor":25,"turns":6}],"seed_played":"6376020434815894496","potions_obtained":[{"floor":1,"key":"AttackPotion"},{"floor":2,"key":"Weak Potion"},{"floor":6,"key":"EssenceOfSteel"},{"floor":10,"key":"PowerPotion"},{"floor":10,"key":"Strength Potion"},{"floor":10,"key":"Regen Potion"},{"floor":19,"key":"Explosive Potion"},{"floor":22,"key":"SpeedPotion"}],"is_trial":false,"path_per_floor":["M","M","M","$","?","E","R","M","T","?","R","$","M","M","R","B",null,"M","M","?","$","M","R","M","M"],"character_chosen":"THE_SILENT","items_purchased":["Noxious Fumes","Swift Potion","Dexterity Potion"],"campfire_rested":1,"item_purchase_floors":[4,21,21],"current_hp_per_floor":[70,70,70,70,70,47,68,68,68,68,68,68,68,59,59,32,70,48,25,70,70,67,67,23,0],"gold":48,"neow_bonus":"THREE_ENEMY_KILL","is_prod":false,"is_daily":false,"chose_seed":false,"campfire_upgraded":3,"win_rate":0,"timestamp":1561886742,"path_taken":["M","M","M","$","?","E","R","?","T","?","R","$","?","M","R","BOSS","M","?","?","$","M","R","M","?"],"build_version":"2019-01-23","purchased_purges":2,"victory":false,"max_hp_per_floor":[70,70,70,70,70,70,70,70,70,70,70,70,70,70,70,70,70,70,70,70,70,70,70,70,70],"card_choices":[{"not_picked":["Caltrops","Slice"],"picked":"Heel Hook","floor":1},{"not_picked":["Accuracy","Predator","Backflip"],"picked":"SKIP","floor":2},{"not_picked":["PiercingWail","Acrobatics","Quick Slash"],"picked":"SKIP","floor":3},{"not_picked":["Deflect","Poisoned Stab","Accuracy"],"picked":"SKIP","floor":6},{"not_picked":["Deadly Poison","Backflip","Deflect"],"picked":"SKIP","floor":8},{"not_picked":["Dash","Flying Knee"],"picked":"Doppelganger","floor":13},{"not_picked":["Underhanded Strike","Backflip"],"picked":"Deadly Poison","floor":14},{"not_picked":["Wraith Form v2","Doppelganger"],"picked":"Malaise","floor":16},{"not_picked":["Dagger Spray","Dagger Throw"],"picked":"Acrobatics","floor":18},{"not_picked":["Deflect","Underhanded Strike"],"picked":"Flying Knee+1","floor":19},{"not_picked":["Dagger Spray+1","Backstab"],"picked":"Poisoned Stab","floor":22},{"not_picked":["Sucker Punch","Distraction","Setup"],"picked":"SKIP","floor":24}],"player_experience":550020,"relics_obtained":[{"floor":6,"key":"Calipers"},{"floor":9,"key":"The Courier"}],"event_choices":[{"damage_healed":0,"gold_gain":0,"player_choice":"2 cards matched","damage_taken":0,"max_hp_gain":0,"max_hp_loss":0,"event_name":"Match and Keep!","floor":5,"gold_loss":0,"cards_obtained":["Night Terror","Blur"]},{"damage_healed":0,"gold_gain":0,"player_choice":"Got Potions","damage_taken":0,"max_hp_gain":0,"max_hp_loss":0,"event_name":"Lab","floor":10,"gold_loss":0},{"damage_healed":45,"gold_gain":0,"player_choice":"Full Heal","damage_taken":0,"max_hp_gain":0,"max_hp_loss":0,"event_name":"Wheel of Change","floor":20,"gold_loss":0}],"is_beta":false,"boss_relics":[{"not_picked":["White Beast Statue","Ring of the Serpent"],"picked":"Astrolabe"}],"items_purged_floors":[4,21],"is_endless":false,"potions_floor_spawned":[1,2,6,19,22],"killed_by":"Chosen and Byrds","ascension_level":0}