{"gold_per_floor":[360,285,285,285,301,301,317,346,415,430,430,430,430,151,151,229,229,248,248,87,104,138,138,138,164,164,164,164,89,89,100,100,100],"floor_reached":33,"playtime":781,"items_purged":["Strike_R"],"score":554,"play_id":"489a7afb-d40b-4490-a325-b4329846f478","local_time":"20190627224353","is_ascension_mode":true,"campfire_choices":[{"data":"Whirlwind","floor":6,"key":"SMITH"},{"floor":11,"key":"REST"},{"data":"Armaments","floor":15,"key":"SMITH"},{"floor":23,"key":"REST"},{"data":"Ghostly","floor":30,"key":"SMITH"},{"data":"Ghostly","floor":32,"key":"SMITH"}],"neow_cost":"CURSE","seed_source_timestamp":1295168846544714,"circlet_count":0,"master_deck":["AscendersBane","Strike_R+1","Strike_R+1","Strike_R+1","Strike_R+1","Defend_R+1","Defend_R+1","Defend_R+1","Defend_R+1","Spot Weakness+1","Whirlwind+1","True Grit","Armaments+1","Impervious","Ghostly","Ghostly+1","Ghostly+1"],"relics":["Burning Blood","Juzu Bracelet","Singing Bowl","Chemical X","Busted Crown","Regal Pillow","Bag of Preparation","Red Mask","Paper Frog","Frozen Egg 2"],"potions_floor_usage":[7,8,8,16],"damage_taken":[{"damage":11,"enemies":"Cultist","floor":1,"turns":4},{"damage":6,"enemies":"2 Louse","floor":5,"turns":3},{"damage":11,"enemies":"Jaw Worm","floor":7,"turns":4},{"damage":22,"enemies":"3 Sentries","floor":8,"turns":5},{"damage":9,"enemies":"Red Slaver","floor":10,"turns":3},{"damage":63,"enemies":"Hexaghost","floor":16,"turns":8},{"damage":22,"enemies":"Shell Parasite","floor":18,"turns":5},{"damage":0,"enemies":"Chosen","floor":21,"turns":3},{"damage":29,"enemies":"Masked Bandits","floor":22,"turns":3},{"damage":0,"enemies":"Slavers","floor":25,"turns":2},{"damage":9,"enemies":"Snake Plant","floor":31,"turns":5},{"damage":45,"enemies":"Automaton","floor":33,"turns":6}],"seed_played":"-6101621498032733626","potions_obtained":[{"floor":1,"key":"Strength Potion"},{"floor":5,"key":"Poison Potion"},{"floor":7,"key":"SkillPotion"},{"floor":10,"key":"FearPotion"},{"floor":18,"key":"Ancient Potion"}],"is_trial":false,"path_per_floor":["M","$","?","?","M","R","M","E","T","M","R","?","?","$","R","B",null,"M","?","$","M","?","R","?","E","T","?","?","?","R","M","R","B"],"character_chosen":"IRONCLAD","items_purchased":["Chemical X","Armaments","Bag of Preparation"],"campfire_rested":2,"item_purchase_floors":[14,14,20],"current_hp_per_floor":[63,63,63,40,40,40,35,19,19,18,41,66,66,66,66,9,58,44,44,44,52,31,70,70,78,78,78,41,41,41,40,40,0],"gold":100,"neow_bonus":"TWO_FIFTY_GOLD","is_prod":false,"is_daily":false,"chose_seed":false,"campfire_upgraded":4,"win_rate":0,"timestamp":1561700633,"path_taken":["M","$","?","?","M","R","M","E","T","M","R","?","?","?","R","BOSS","M","?","$","M","?","R","?","E","T","?","?","?","R","M","R","BOSS"],"build_version":"2019-01-23","purchased_purges":1,"victory":false,"max_hp_per_floor":[75,75,75,75,75,75,75,75,75,77,77,77,74,74,74,74,74,76,76,76,78,80,80,80,82,82,82,41,41,41,43,43,43],"card_choices":[{"not_picked":["Warcry","Combust"],"picked":"Spot Weakness","floor":1},{"not_picked":["Headbutt","Thunderclap"],"picked":"Whirlwind","floor":5},{"not_picked":["Warcry","Clash"],"picked":"Thunderclap","floor":7},{"not_picked":["Havoc","Dual Wield"],"picked":"True Grit","floor":8},{"not_picked":["Evolve","Wild Strike","Clothesline"],"picked":"Singing Bowl","floor":10},{"not_picked":["Dark Embrace","Brutality"],"picked":"Impervious","floor":16},{"not_picked":["True Grit"],"picked":"Singing Bowl","floor":18},{"not_picked":["Armaments"],"picked":"Singing Bowl","floor":21},{"not_picked":["Sword Boomerang"],"picked":"Singing Bowl","floor":22},{"not_picked":["Heavy Blade"],"picked":"Singing Bowl","floor":25},{"not_picked":["Shrug It Off"],"picked":"Singing Bowl","floor":31}],"player_experience":1093733,"relics_obtained":[{"floor":8,"key":"Juzu Bracelet"},{"floor":9,"key":"Singing Bowl"},{"floor":22,"key":"Red Mask"},{"floor":25,"key":"Paper Frog"},{"floor":26,"key":"Frozen Egg 2"}],"event_choices":[{"damage_healed":0,"gold_gain":0,"player_choice":"Grow","damage_taken":0,"max_hp_gain":0,"max_hp_loss":0,"event_name":"Living Wall","floor":3,"gold_loss":0,"cards_upgraded":["Spot Weakness"]},{"damage_healed":0,"gold_gain":0,"player_choice":"Entered Light","damage_taken":23,"max_hp_gain":0,"max_hp_loss":0,"event_name":"Shining Light","floor":4,"gold_loss":0,"cards_upgraded":["Defend_R","Strike_R"]},{"damage_healed":25,"gold_gain":0,"player_choice":"Banana","damage_taken":0,"max_hp_gain":0,"max_hp_loss":0,"event_name":"Big Fish","floor":12,"gold_loss":0},{"cards_removed":["Parasite"],"damage_healed":0,"gold_gain":0,"player_choice":"Purged","damage_taken":0,"max_hp_gain":0,"max_hp_loss":0,"event_name":"Purifier","floor":13,"gold_loss":0},{"cards_removed":["Thunderclap"],"damage_healed":0,"gold_gain":0,"player_choice":"Gave Card","damage_taken":0,"relics_obtained":["Regal Pillow"],"max_hp_gain":0,"max_hp_loss":0,"event_name":"WeMeetAgain","floor":19,"gold_loss":0},{"damage_healed":0,"gold_gain":0,"player_choice":"Fought Bandits","damage_taken":0,"max_hp_gain":0,"max_hp_loss":0,"event_name":"Masked Bandits","floor":22,"gold_loss":0},{"damage_healed":0,"gold_gain":0,"player_choice":"Ignored","damage_taken":0,"max_hp_gain":0,"max_hp_loss":0,"event_name":"Vampires","floor":24,"gold_loss":0},{"damage_healed":0,"gold_gain":0,"player_choice":"Simplicity","damage_taken":0,"max_hp_gain":0,"max_hp_loss":0,"event_name":"Back to Basics","floor":27,"gold_loss":0,"cards_upgraded":["Strike_R","Strike_R","Strike_R","Defend_R","Defend_R","Defend_R"]},{"damage_healed":0,"gold_gain":0,"player_choice":"Became a Ghost","damage_taken":0,"max_hp_gain":0,"max_hp_loss":41,"event_name":"Ghosts","floor":28,"gold_loss":0,"cards_obtained":["Ghostly","Ghostly","Ghostly"]},{"cards_removed":["Bash"],"damage_healed":0,"gold_gain":0,"player_choice":"Gave Gold","damage_taken":0,"max_hp_gain":0,"max_hp_loss":0,"event_name":"Beggar","floor":29,"gold_loss":75}],"is_beta":false,"boss_relics":[{"not_picked":["Eternal Feather","Empty Cage"],"picked":"Busted Crown"}],"items_purged_floors":[2],"is_endless":false,"potions_floor_spawned":[1,5,7,10,18],"killed_by":"Automaton","ascension_level":19}