{"gold_per_floor":[115,115,130,130,130,130,72,100,151,170,199,199,211,286,286,359,359,369,419,419,40,40,40,40,58,58,58],"floor_reached":27,"playtime":749,"items_purged":[],"score":507,"play_id":"de615c77-f3ce-4db2-96bf-b59485ab57de","local_time":"20190618192847","is_ascension_mode":true,"campfire_choices":[{"data":"Neutralize","floor":6,"key":"SMITH"},{"data":"Deadly Poison","floor":12,"key":"SMITH"},{"data":"Dash","floor":15,"key":"SMITH"},{"data":"Bullet Time","floor":23,"key":"SMITH"}],"neow_cost":"NONE","seed_source_timestamp":505908944399056,"circlet_count":0,"master_deck":["AscendersBane","Defend_G","Defend_G","Defend_G","Defend_G","Defend_G","Strike_G","Strike_G","Strike_G","Strike_G","Strike_G","Survivor","Neutralize+1","Skewer+1","Deadly Poison+1","Acrobatics","Dash","Deadly Poison+1","Dash+1","Dagger Throw","Bullet Time+1","Flechettes","Well Laid Plans","The Bomb","Catalyst+1","Pain"],"relics":["Ring of the Snake","NeowsBlessing","FossilizedHelix","Lantern","Dream Catcher","Cursed Key","Art of War","Peace Pipe"],"potions_floor_usage":[16,25],"damage_taken":[{"damage":0,"enemies":"Cultist","floor":1,"turns":1},{"damage":0,"enemies":"Small Slimes","floor":3,"turns":1},{"damage":0,"enemies":"3 Sentries","floor":8,"turns":1},{"damage":0,"enemies":"2 Louse","floor":10,"turns":2},{"damage":0,"enemies":"Lagavulin","floor":11,"turns":5},{"damage":0,"enemies":"Looter","floor":13,"turns":3},{"damage":27,"enemies":"Hexaghost","floor":16,"turns":9},{"damage":0,"enemies":"Chosen","floor":18,"turns":3},{"damage":20,"enemies":"3 Byrds","floor":25,"turns":4},{"damage":53,"enemies":"Shelled Parasite and Fungi","floor":27,"turns":4}],"seed_played":"-21807970168599552","potions_obtained":[{"floor":10,"key":"SpeedPotion"},{"floor":18,"key":"EssenceOfSteel"}],"is_trial":false,"path_per_floor":["M","$","M","?","?","R","$","E","T","M","E","R","M","?","R","B",null,"M","?","?","$","?","R","$","M","T","M"],"character_chosen":"THE_SILENT","items_purchased":["Acrobatics","The Bomb","Art of War"],"campfire_rested":0,"item_purchase_floors":[7,21,21],"current_hp_per_floor":[59,59,59,59,59,59,59,59,59,59,59,59,59,48,48,21,55,55,55,55,55,55,55,55,35,35,0],"gold":58,"neow_bonus":"THREE_ENEMY_KILL","is_prod":false,"is_daily":false,"chose_seed":false,"campfire_upgraded":4,"win_rate":0,"timestamp":1560911327,"path_taken":["M","$","?","?","?","R","$","E","T","?","E","R","M","?","R","BOSS","M","?","?","$","?","R","$","M","T","M"],"build_version":"2019-01-23","purchased_purges":0,"victory":false,"max_hp_per_floor":[66,66,66,66,66,66,66,66,66,66,66,66,66,66,66,66,66,66,66,66,66,66,66,66,66,66,66],"card_choices":[{"not_picked":["Cloak And Dagger","Flying Knee"],"picked":"Skewer","floor":1},{"not_picked":["Backflip","Crippling Poison"],"picked":"Deadly Poison","floor":3},{"not_picked":["Quick Slash","Glass Knife"],"picked":"Dash","floor":8},{"not_picked":["Dodge and Roll","Prepared"],"picked":"Deadly Poison","floor":10},{"not_picked":["Deadly Poison","Masterful Stab"],"picked":"Dash","floor":11},{"not_picked":["Outmaneuver","Dodge and Roll"],"picked":"Dagger Throw","floor":13},{"not_picked":["Die Die Die","Venomology"],"picked":"Bullet Time","floor":16},{"not_picked":["Finisher","Underhanded Strike"],"picked":"Flechettes","floor":18},{"not_picked":["Setup","Sucker Punch"],"picked":"Catalyst+1","floor":25}],"player_experience":1032517,"relics_obtained":[{"floor":8,"key":"FossilizedHelix"},{"floor":9,"key":"Lantern"},{"floor":11,"key":"Dream Catcher"},{"floor":26,"key":"Peace Pipe"}],"event_choices":[{"damage_healed":0,"gold_gain":0,"player_choice":"Grow","damage_taken":0,"max_hp_gain":0,"max_hp_loss":0,"event_name":"Living Wall","floor":4,"gold_loss":0,"cards_upgraded":["Skewer"]},{"damage_healed":0,"gold_gain":0,"player_choice":"Forge","damage_taken":0,"max_hp_gain":0,"max_hp_loss":0,"event_name":"Accursed Blacksmith","floor":5,"gold_loss":0,"cards_upgraded":["Deadly Poison"]},{"damage_healed":0,"gold_gain":75,"player_choice":"Gather Gold","damage_taken":11,"max_hp_gain":0,"max_hp_loss":0,"event_name":"World of Goop","floor":14,"gold_loss":0},{"damage_healed":0,"gold_gain":50,"player_choice":"Stole From Cult","damage_taken":0,"max_hp_gain":0,"max_hp_loss":0,"event_name":"Nest","floor":19,"gold_loss":0},{"damage_healed":0,"gold_gain":0,"player_choice":"Read","damage_taken":0,"max_hp_gain":0,"max_hp_loss":0,"event_name":"The Library","floor":20,"gold_loss":0,"cards_obtained":["Well Laid Plans"]}],"is_beta":false,"boss_relics":[{"not_picked":["Black Star","Sozu"],"picked":"Cursed Key"}],"items_purged_floors":[],"is_endless":false,"potions_floor_spawned":[10,18],"killed_by":"Shelled Parasite and Fungi","ascension_level":18}