{"gold_per_floor":[360,360,47,72,92,118,128,128,176,176,126,152,152,71,71,171,171,187,87,87,87,101,101,26,26,26,45,60,159,174,191,191,291,291,304,318,65,65,65,65,65,29,29,39,39,59,71,88,88,88],"floor_reached":51,"playtime":1630,"items_purged":["Parasite","Strike_R"],"score":780,"play_id":"5af753a0-69e4-4ef2-b8fb-c0a0af388ea5","local_time":"20190509134144","is_ascension_mode":false,"campfire_choices":[{"data":"Rampage","floor":10.0,"key":"SMITH"},{"data":"Flame Barrier","floor":13.0,"key":"SMITH"},{"data":"Inflame","floor":15.0,"key":"SMITH"},{"data":"Limit Break","floor":23.0,"key":"SMITH"},{"floor":32.0,"key":"REST"},{"data":"Whirlwind","floor":40.0,"key":"SMITH"},{"data":"Ghostly Armor","floor":45.0,"key":"SMITH"},{"floor":49.0,"key":"REST"}],"neow_cost":"CURSE","seed_source_timestamp":0,"circlet_count":0,"master_deck":["Defend_R","Defend_R","Defend_R","Bash+1","Rampage+1","Inflame+1","Sword Boomerang+1","Flame Barrier+1","Whirlwind+1","Limit Break+1","Twin Strike+1","Ghostly Armor+1","Flash of Steel+1","Immolate+1","Uppercut+1","Shrug It Off+1","Barricade","Body Slam+1"],"special_seed":0,"relics":["Burning Blood","Mummified Hand","Blood Vial","Shuriken","Oddly Smooth Stone","Self Forming Clay","Velvet Choker","Nilry\u0027s Codex","Gremlin Horn","Runic Cube","Molten Egg 2","FossilizedHelix"],"potions_floor_usage":[],"damage_taken":[{"damage":0.0,"enemies":"Small Slimes","floor":1.0,"turns":4.0},{"damage":1.0,"enemies":"Cultist","floor":5.0,"turns":3.0},{"damage":28.0,"enemies":"Gremlin Nob","floor":6.0,"turns":4.0},{"damage":6.0,"enemies":"2 Louse","floor":7.0,"turns":3.0},{"damage":18.0,"enemies":"Lagavulin","floor":12.0,"turns":5.0},{"damage":19.0,"enemies":"The Guardian","floor":16.0,"turns":11.0},{"damage":0.0,"enemies":"3 Byrds","floor":18.0,"turns":3.0},{"damage":6.0,"enemies":"Shell Parasite","floor":22.0,"turns":4.0},{"damage":10.0,"enemies":"Snake Plant","floor":27.0,"turns":3.0},{"damage":2.0,"enemies":"Centurion and Healer","floor":28.0,"turns":5.0},{"damage":0.0,"enemies":"Cultist and Chosen","floor":30.0,"turns":4.0},{"damage":8.0,"enemies":"Snecko","floor":31.0,"turns":5.0},{"damage":9.0,"enemies":"Collector","floor":33.0,"turns":3.0},{"damage":18.0,"enemies":"3 Shapes","floor":35.0,"turns":3.0},{"damage":21.0,"enemies":"3 Darklings","floor":36.0,"turns":3.0},{"damage":0.0,"enemies":"Transient","floor":44.0,"turns":5.0},{"damage":16.0,"enemies":"Spire Growth","floor":46.0,"turns":3.0},{"damage":13.0,"enemies":"Writhing Mass","floor":47.0,"turns":4.0},{"damage":0.0,"enemies":"Sphere and 2 Shapes","floor":48.0,"turns":3.0},{"damage":7.0,"enemies":"Time Eater","floor":50.0,"turns":8.0}],"seed_played":"-1819191627762692581","potions_obtained":[{"floor":1.0,"key":"Weak Potion"},{"floor":5.0,"key":"GamblersBrew"},{"floor":16.0,"key":"FearPotion"},{"floor":27.0,"key":"SkillPotion"},{"floor":31.0,"key":"Strength Potion"},{"floor":36.0,"key":"EssenceOfSteel"},{"floor":46.0,"key":"EssenceOfSteel"},{"floor":48.0,"key":"Dexterity Potion"}],"is_trial":false,"path_per_floor":["M","?","$","T","M","E","M","?","T","R","?","E","R","$","R","B",null,"M","$","?","?","M","R","?","$","T","M","M","?","M","M","R","B",null,"M","M","$","?","?","R","?","$","T","M","R","M","M","M","R","B",null],"character_chosen":"IRONCLAD","items_purchased":["Mummified Hand","Whirlwind","Molten Egg 2","Uppercut+1"],"campfire_rested":2,"item_purchase_floors":[3,14,37,42],"current_hp_per_floor":[80,80,77,77,77,55,57,42,42,42,42,32,32,32,32,21,77,77,77,63,47,49,49,49,49,49,47,53,53,61,61,82,79,82,70,57,57,57,57,57,57,57,57,65,65,57,52,60,82,81],"gold":88,"neow_bonus":"TWO_FIFTY_GOLD","is_prod":false,"is_daily":false,"chose_seed":false,"campfire_upgraded":6,"win_rate":0,"timestamp":1557423704,"path_taken":["M","?","$","?","M","E","M","?","T","R","?","E","R","$","R","BOSS","M","$","?","?","M","R","?","?","T","M","?","?","M","M","R","BOSS","M","M","$","?","?","R","?","$","T","?","R","M","?","M","R","BOSS"],"build_version":"2019-01-23","purchased_purges":2,"victory":true,"max_hp_per_floor":[80,80,77,77,77,77,77,77,77,77,77,77,77,77,77,77,77,77,77,82,82,82,82,82,82,82,82,82,82,82,82,82,82,82,82,82,82,82,82,82,82,82,82,82,82,82,82,82,82,82],"card_choices":[{"not_picked":["Power Through","Rage","Havoc"],"picked":"SKIP","floor":1.0},{"not_picked":["Sword Boomerang","Power Through","Anger"],"picked":"SKIP","floor":5.0},{"not_picked":["Carnage","Iron Wave"],"picked":"Inflame","floor":6.0},{"not_picked":["Burning Pact","Rupture"],"picked":"Sword Boomerang","floor":7.0},{"not_picked":["Dropkick","Thunderclap"],"picked":"Flame Barrier","floor":12.0},{"not_picked":["Brutality","Fiend Fire"],"picked":"Limit Break","floor":16.0},{"not_picked":["Reckless Charge","Sword Boomerang"],"picked":"Twin Strike+1","floor":18.0},{"not_picked":["Anger+1","Flex","Power Through+1"],"picked":"SKIP","floor":22.0},{"not_picked":["Iron Wave","Rage+1","Flex+1"],"picked":"SKIP","floor":27.0},{"not_picked":["Burning Pact+1","Cleave","Anger"],"picked":"SKIP","floor":28.0},{"not_picked":["Armaments","Iron Wave+1","Dropkick+1"],"picked":"SKIP","floor":30.0},{"not_picked":["Hemokinesis","Shockwave"],"picked":"Ghostly Armor","floor":31.0},{"not_picked":["Searing Blow+1","Feel No Pain+1","Pommel Strike+1"],"picked":"SKIP","floor":35.0},{"not_picked":["Wild Strike+1","Perfected Strike+1","Pommel Strike+1"],"picked":"SKIP","floor":36.0},{"not_picked":["Good Instincts","Enlightenment"],"picked":"Flash of Steel+1","floor":38.0},{"not_picked":["True Grit","Twin Strike+1"],"picked":"Shrug It Off+1","floor":44.0},{"not_picked":["Clothesline+1","Armaments+1"],"picked":"Barricade","floor":46.0},{"not_picked":["Body Slam+1","Iron Wave+1","Headbutt+1"],"picked":"SKIP","floor":47.0},{"not_picked":["Iron Wave+1","Headbutt+1"],"picked":"Body Slam+1","floor":47.0},{"not_picked":["Perfected Strike+1","Wild Strike+1","Flex+1"],"picked":"SKIP","floor":48.0}],"player_experience":679553,"relics_obtained":[{"floor":4.0,"key":"Blood Vial"},{"floor":6.0,"key":"Shuriken"},{"floor":9.0,"key":"Oddly Smooth Stone"},{"floor":12.0,"key":"Self Forming Clay"},{"floor":21.0,"key":"Nilry\u0027s Codex"},{"floor":26.0,"key":"Gremlin Horn"},{"floor":43.0,"key":"FossilizedHelix"}],"event_choices":[{"damage_healed":0.0,"max_hp_gain":0.0,"max_hp_loss":0.0,"gold_gain":0.0,"cards_transformed":["Strike_R"],"event_name":"Transmorgrifier","player_choice":"Transformed","floor":2.0,"gold_loss":0.0,"damage_taken":0.0,"cards_obtained":["Rampage"]},{"damage_healed":0.0,"max_hp_gain":0.0,"max_hp_loss":0.0,"gold_gain":0.0,"event_name":"Shining Light","player_choice":"Entered Light","floor":8.0,"gold_loss":0.0,"damage_taken":15.0,"cards_upgraded":["Sword Boomerang","Bash"]},{"cards_removed":["Strike_R"],"damage_healed":0.0,"max_hp_gain":0.0,"max_hp_loss":0.0,"gold_gain":0.0,"event_name":"The Cleric","player_choice":"Card Removal","floor":11.0,"gold_loss":50.0,"damage_taken":0.0},{"damage_healed":0.0,"max_hp_gain":5.0,"max_hp_loss":0.0,"gold_gain":0.0,"event_name":"Forgotten Altar","player_choice":"Shed Blood","floor":20.0,"gold_loss":0.0,"damage_taken":19.0},{"damage_healed":0.0,"max_hp_gain":0.0,"max_hp_loss":0.0,"gold_gain":0.0,"event_name":"Cursed Tome","player_choice":"Obtained Book","floor":21.0,"gold_loss":0.0,"damage_taken":16.0},{"cards_removed":["Strike_R"],"damage_healed":0.0,"max_hp_gain":0.0,"max_hp_loss":0.0,"gold_gain":0.0,"event_name":"Beggar","player_choice":"Gave Gold","floor":24.0,"gold_loss":75.0,"damage_taken":0.0},{"damage_healed":0.0,"max_hp_gain":0.0,"max_hp_loss":0.0,"gold_gain":99.0,"event_name":"Nest","player_choice":"Stole From Cult","floor":29.0,"gold_loss":0.0,"damage_taken":0.0},{"damage_healed":0.0,"max_hp_gain":0.0,"max_hp_loss":0.0,"gold_gain":0.0,"event_name":"SensoryStone","player_choice":"Memory 1","floor":38.0,"gold_loss":0.0,"damage_taken":0.0},{"cards_removed":["Defend_R"],"damage_healed":0.0,"max_hp_gain":0.0,"max_hp_loss":0.0,"gold_gain":0.0,"event_name":"Falling","player_choice":"Removed Skill","floor":39.0,"gold_loss":0.0,"damage_taken":0.0},{"damage_healed":0.0,"max_hp_gain":0.0,"max_hp_loss":0.0,"gold_gain":0.0,"cards_transformed":["Strike_R"],"event_name":"Transmorgrifier","player_choice":"Transformed","floor":41.0,"gold_loss":0.0,"damage_taken":0.0,"cards_obtained":["Immolate"]}],"is_beta":false,"boss_relics":[{"not_picked":["Eternal Feather","Tiny House"],"picked":"Velvet Choker"},{"not_picked":["Runic Dome","Fusion Hammer"],"picked":"Runic Cube"}],"items_purged_floors":[3,19],"is_endless":false,"potions_floor_spawned":[1,5,16,27,31,36,46,48],"ascension_level":0}