{"gold_per_floor":[116,191,191,191,211,240,253,279,304,324,324,324,71,85,85,85],"floor_reached":16,"playtime":601,"items_purged":[],"score":182,"play_id":"96382a4d-a6a5-4fbc-8ef0-d213c8c977f3","local_time":"20190211173707","is_ascension_mode":true,"campfire_choices":[{"data":"Uppercut","floor":11,"key":"SMITH"},{"data":"Blood for Blood","floor":15,"key":"SMITH"}],"neow_cost":"NONE","seed_source_timestamp":48085533823905,"circlet_count":0,"master_deck":["Strike_R","Strike_R","Strike_R","Strike_R","Defend_R","Defend_R","Defend_R","Bash","Thunderclap","Iron Wave","Second Wind","Blood for Blood+1","Uppercut+1"],"relics":["Burning Blood","NeowsBlessing","Art of War","Bronze Scales","Strawberry","Frozen Egg 2","Kunai"],"potions_floor_usage":[8,16],"damage_taken":[{"damage":0,"enemies":"2 Louse","floor":1,"turns":1},{"damage":0,"enemies":"Small Slimes","floor":5,"turns":1},{"damage":0,"enemies":"Gremlin Nob","floor":6,"turns":1},{"damage":1,"enemies":"Cultist","floor":7,"turns":3},{"damage":25,"enemies":"3 Sentries","floor":8,"turns":5},{"damage":8,"enemies":"Blue Slaver","floor":10,"turns":3},{"damage":6,"enemies":"3 Louse","floor":14,"turns":3},{"damage":62,"enemies":"Slime Boss","floor":16,"turns":11}],"seed_played":"4725743371899946637","potions_obtained":[{"floor":7,"key":"SkillPotion"},{"floor":8,"key":"Ancient Potion"},{"floor":14,"key":"Poison Potion"}],"is_trial":false,"path_per_floor":["M","?","?","?","M","E","M","E","T","M","R","?","$","M","R","B"],"character_chosen":"IRONCLAD","items_purchased":["Kunai"],"campfire_rested":0,"item_purchase_floors":[13],"current_hp_per_floor":[78,67,67,67,73,79,80,61,68,66,66,59,59,59,59,0],"gold":85,"neow_bonus":"THREE_ENEMY_KILL","is_prod":false,"is_daily":false,"chose_seed":false,"campfire_upgraded":2,"win_rate":0,"timestamp":1549924627,"path_taken":["M","?","?","?","?","E","M","E","T","M","R","?","$","M","R","BOSS"],"build_version":"2019-01-23","purchased_purges":0,"victory":false,"max_hp_per_floor":[80,80,80,80,80,80,80,80,87,87,87,87,87,87,87,87],"card_choices":[{"not_picked":["Clash","Body Slam"],"picked":"Thunderclap","floor":1},{"not_picked":["Heavy Blade","Warcry","Headbutt"],"picked":"SKIP","floor":5},{"not_picked":["Offering","Flex"],"picked":"Blood for Blood","floor":6},{"not_picked":["Clothesline","Dual Wield","Twin Strike"],"picked":"SKIP","floor":7},{"not_picked":["Thunderclap","Heavy Blade","Evolve"],"picked":"SKIP","floor":8},{"not_picked":["Whirlwind","Clash"],"picked":"Uppercut","floor":10},{"not_picked":["Pummel","Flex","Anger"],"picked":"SKIP","floor":14}],"player_experience":228583,"relics_obtained":[{"floor":6,"key":"Art of War"},{"floor":8,"key":"Bronze Scales"},{"floor":9,"key":"Strawberry"}],"event_choices":[{"damage_healed":0,"gold_gain":75,"player_choice":"Gather Gold","damage_taken":11,"max_hp_gain":0,"max_hp_loss":0,"event_name":"World of Goop","floor":2,"gold_loss":0},{"damage_healed":0,"gold_gain":0,"cards_transformed":["Strike_R"],"player_choice":"Change","damage_taken":0,"max_hp_gain":0,"max_hp_loss":0,"event_name":"Living Wall","floor":3,"gold_loss":0,"cards_obtained":["Iron Wave"]},{"damage_healed":0,"gold_gain":0,"cards_transformed":["Defend_R"],"player_choice":"Transformed","damage_taken":0,"max_hp_gain":0,"max_hp_loss":0,"event_name":"Transmorgrifier","floor":4,"gold_loss":0,"cards_obtained":["Second Wind"]},{"damage_healed":0,"gold_gain":0,"player_choice":"Success","damage_taken":7,"relics_obtained":["Frozen Egg 2"],"max_hp_gain":0,"max_hp_loss":0,"event_name":"Scrap Ooze","floor":12,"gold_loss":0}],"is_beta":false,"boss_relics":[],"items_purged_floors":[],"is_endless":false,"potions_floor_spawned":[7,8,14],"killed_by":"Slime Boss","ascension_level":7}