{"gold_per_floor":[11,23,198,214,214,242,262,294,294,294,294,308,321,3,3,102,102,90,90,101,120,0,0,0,0,0,0,14,14,32,6,6,6],"floor_reached":33,"playtime":2600,"items_purged":["Doubt"],"score":257,"play_id":"4faf275e-decf-4ca5-8d52-bc7375b2e8bf","local_time":"20190127201553","is_ascension_mode":false,"campfire_choices":[{"data":"Fire Breathing","floor":11,"key":"SMITH"},{"floor":15,"key":"REST"},{"data":"Limit Break","floor":23,"key":"SMITH"},{"data":"Armaments","floor":25,"key":"SMITH"},{"data":"Bash","floor":27,"key":"SMITH"},{"floor":32,"key":"REST"}],"neow_cost":"NO_GOLD","seed_source_timestamp":810045953955284,"circlet_count":0,"master_deck":["Strike_R","Strike_R","Strike_R","Strike_R","Strike_R","Defend_R","Defend_R","Defend_R","Defend_R","Bash+1","Clash","Pommel Strike","Clothesline+1","Fire Breathing+1","Metallicize","Cleave","Armaments+1","Limit Break+1","Burning Pact","Power Through+1","Body Slam","True Grit","Perfected Strike+1","Flex"],"relics":["Black Blood","StoneCalendar","Red Skull","Ancient Tea Set","Shuriken","Bottled Flame","Question Card"],"potions_floor_usage":[8,8,16,16,29,33,33,33,33,33],"damage_taken":[{"damage":9,"enemies":"2 Louse","floor":1,"turns":3},{"damage":1,"enemies":"Jaw Worm","floor":2,"turns":3},{"damage":8,"enemies":"Small Slimes","floor":4,"turns":3},{"damage":34,"enemies":"Lagavulin","floor":6,"turns":7},{"damage":14,"enemies":"Blue Slaver","floor":7,"turns":4},{"damage":7,"enemies":"Gremlin Nob","floor":8,"turns":3},{"damage":5,"enemies":"3 Louse","floor":12,"turns":2},{"damage":1,"enemies":"Exordium Thugs","floor":13,"turns":4},{"damage":28,"enemies":"Hexaghost","floor":16,"turns":9},{"damage":25,"enemies":"2 Thieves","floor":18,"turns":4},{"damage":33,"enemies":"Chosen","floor":20,"turns":7},{"damage":5,"enemies":"Centurion and Healer","floor":21,"turns":7},{"damage":19,"enemies":"Snecko","floor":28,"turns":6},{"damage":15,"enemies":"Colosseum Slavers","floor":29,"turns":4},{"damage":20,"enemies":"Cultist and Chosen","floor":30,"turns":6},{"damage":63,"enemies":"Champ","floor":33,"turns":9}],"seed_played":"-2063543512497070269","potions_obtained":[{"floor":2,"key":"Fire Potion"},{"floor":6,"key":"AttackPotion"},{"floor":7,"key":"EntropicBrew"},{"floor":12,"key":"SkillPotion"},{"floor":13,"key":"SkillPotion"},{"floor":18,"key":"FearPotion"},{"floor":30,"key":"AttackPotion"}],"is_trial":false,"path_per_floor":["M","M","?","M","?","E","M","E","T","$","R","M","M","$","R","B",null,"M","?","M","M","?","R","$","R","T","R","M","?","M","$","R","B"],"character_chosen":"IRONCLAD","items_purchased":["Bottled Flame","Flex"],"campfire_rested":2,"item_purchase_floors":[14,31],"current_hp_per_floor":[77,80,80,78,78,50,42,41,41,41,41,42,47,47,71,49,80,65,65,42,47,47,47,47,47,47,47,38,33,23,23,47,0],"gold":6,"neow_bonus":"ONE_RARE_RELIC","is_prod":false,"is_daily":false,"chose_seed":false,"campfire_upgraded":4,"win_rate":0.0,"timestamp":1548638153,"path_taken":["M","M","?","M","?","E","M","E","T","$","R","M","M","?","R","BOSS","M","?","M","M","?","R","$","R","T","R","M","?","?","$","R","BOSS"],"build_version":"2019-01-23","purchased_purges":1,"victory":false,"max_hp_per_floor":[80,80,80,80,80,80,80,80,80,80,80,80,80,80,80,80,80,80,80,80,80,80,80,80,80,80,80,80,80,80,80,80,80],"card_choices":[{"not_picked":["Shrug It Off","Anger"],"picked":"Clash","floor":1},{"not_picked":["Second Wind","Twin Strike"],"picked":"Pommel Strike","floor":2},{"not_picked":["Intimidate","Flex"],"picked":"Clothesline","floor":4},{"not_picked":["Bloodletting","Pommel Strike"],"picked":"Fire Breathing","floor":6},{"not_picked":["Heavy Blade","Entrench"],"picked":"Metallicize","floor":7},{"not_picked":["Limit Break","Sword Boomerang"],"picked":"Cleave","floor":8},{"not_picked":["Headbutt","Intimidate"],"picked":"Armaments","floor":12},{"not_picked":["Pommel Strike","Perfected Strike","Headbutt"],"picked":"SKIP","floor":13},{"not_picked":["Barricade","Brutality"],"picked":"Limit Break","floor":16},{"not_picked":["Disarm","Pommel Strike"],"picked":"Burning Pact","floor":18},{"not_picked":["Thunderclap","Body Slam"],"picked":"Power Through+1","floor":20},{"not_picked":["Thunderclap","Disarm"],"picked":"Body Slam","floor":21},{"not_picked":["Hemokinesis","Offering","Second Wind"],"picked":"True Grit","floor":28},{"not_picked":["Clash","Body Slam","Second Wind"],"picked":"Perfected Strike+1","floor":30}],"player_experience":27363,"relics_obtained":[{"floor":6,"key":"Red Skull"},{"floor":8,"key":"Ancient Tea Set"},{"floor":9,"key":"Shuriken"},{"floor":26,"key":"Question Card"}],"event_choices":[{"damage_healed":0,"gold_gain":175,"player_choice":"AGREE","damage_taken":0,"max_hp_gain":0,"max_hp_loss":0,"event_name":"Liars Game","floor":3,"gold_loss":0,"cards_obtained":["Doubt"]},{"damage_healed":0,"gold_gain":0,"player_choice":"Grow","damage_taken":0,"max_hp_gain":0,"max_hp_loss":0,"event_name":"Living Wall","floor":5,"gold_loss":0,"cards_upgraded":["Clothesline"]},{"damage_healed":0,"gold_gain":0,"player_choice":"Ignored","damage_taken":0,"max_hp_gain":0,"max_hp_loss":0,"event_name":"Beggar","floor":19,"gold_loss":0},{"damage_healed":0,"gold_gain":0,"player_choice":"Paid Fearfully","damage_taken":0,"max_hp_gain":0,"max_hp_loss":0,"event_name":"Masked Bandits","floor":22,"gold_loss":120},{"damage_healed":0,"gold_gain":0,"player_choice":"Fight","damage_taken":0,"max_hp_gain":0,"max_hp_loss":0,"event_name":"Colosseum","floor":29,"gold_loss":0},{"damage_healed":0,"gold_gain":0,"player_choice":"Fled From Nobs","damage_taken":0,"max_hp_gain":0,"max_hp_loss":0,"event_name":"Colosseum","floor":29,"gold_loss":0}],"is_beta":false,"boss_relics":[{"not_picked":["Runic Dome","Ectoplasm"],"picked":"Black Blood"}],"items_purged_floors":[14],"is_endless":false,"potions_floor_spawned":[2,6,7,12,13,18,30],"killed_by":"Champ","ascension_level":0}