{"gold_per_floor":[119,119,44,63,79,79,91,91,172,172,122,122,152,162,162,259,259,271,196,45,145,63,63,80,80,105,105,15,32,32,51,51,154,154,173,193,193,204,204,204,221,240,266,266,62,62,74,89,89,89],"floor_reached":51,"playtime":4509,"items_purged":["Regret","Strike_G","Strike_G+1"],"score":712,"play_id":"f00eff34-2c0a-4e3a-afe9-b4233e5dd22e","local_time":"20190611221540","is_ascension_mode":true,"campfire_choices":[{"data":"Footwork","floor":6,"key":"SMITH"},{"data":"Neutralize","floor":10,"key":"SMITH"},{"data":"Survivor","floor":12,"key":"SMITH"},{"data":"Prepared","floor":15,"key":"SMITH"},{"data":"Noxious Fumes","floor":23,"key":"SMITH"},{"data":"Footwork","floor":25,"key":"SMITH"},{"data":"Glass Knife","floor":30,"key":"SMITH"},{"data":"Acrobatics","floor":32,"key":"SMITH"},{"data":"Choke","floor":40,"key":"SMITH"},{"data":"Noxious Fumes","floor":49,"key":"SMITH"}],"neow_cost":"NONE","seed_source_timestamp":4913850725970561,"circlet_count":0,"master_deck":["Defend_G+1","Defend_G+1","Defend_G+1","Strike_G+1","Survivor+1","Neutralize+1","Well Laid Plans+1","Footwork+1","Prepared+1","After Image+1","Backflip+1","Deflect+1","Noxious Fumes+1","Footwork+1","Escape Plan+1","Glass Knife+1","Backflip+1","Acrobatics+1","Prepared+1","A Thousand Cuts+1","Deflect+1","Cloak And Dagger+1","Choke+1","Choke+1","Noxious Fumes+1","Backstab+1","Reflex","Parasite","Endless Agony+1","Deflect"],"relics":["Ring of the Snake","Centennial Puzzle","Pen Nib","Gremlin Horn","Potion Belt","Coffee Dripper","Prayer Wheel","Mummified Hand","Happy Flower","Runic Pyramid","Mark of the Bloom","Juzu Bracelet"],"potions_floor_usage":[21,21,37,50,50],"damage_taken":[{"damage":1,"enemies":"Cultist","floor":1,"turns":5},{"damage":1,"enemies":"2 Louse","floor":4,"turns":2},{"damage":2,"enemies":"Jaw Worm","floor":5,"turns":7},{"damage":0,"enemies":"Blue Slaver","floor":7,"turns":6},{"damage":24,"enemies":"3 Sentries","floor":13,"turns":16},{"damage":0,"enemies":"2 Fungi Beasts","floor":14,"turns":5},{"damage":26,"enemies":"The Guardian","floor":16,"turns":26},{"damage":0,"enemies":"Shell Parasite","floor":18,"turns":15},{"damage":9,"enemies":"Colosseum Slavers","floor":21,"turns":9},{"damage":3,"enemies":"Colosseum Nobs","floor":21,"turns":9},{"damage":0,"enemies":"Chosen","floor":24,"turns":7},{"damage":7,"enemies":"Snake Plant","floor":29,"turns":6},{"damage":0,"enemies":"3 Cultists","floor":31,"turns":5},{"damage":6,"enemies":"Automaton","floor":33,"turns":14},{"damage":0,"enemies":"Orb Walker","floor":35,"turns":3},{"damage":0,"enemies":"3 Darklings","floor":36,"turns":5},{"damage":0,"enemies":"Maw","floor":38,"turns":7},{"damage":0,"enemies":"Jaw Worm Horde","floor":41,"turns":3},{"damage":0,"enemies":"3 Darklings","floor":42,"turns":4},{"damage":0,"enemies":"Writhing Mass","floor":47,"turns":4},{"damage":9,"enemies":"Spire Growth","floor":48,"turns":4},{"damage":0,"enemies":"Awakened One","floor":50,"turns":10}],"seed_played":"3386878938722808777","potions_obtained":[{"floor":7,"key":"Swift Potion"},{"floor":13,"key":"AttackPotion"},{"floor":18,"key":"AttackPotion"},{"floor":24,"key":"Dexterity Potion"},{"floor":33,"key":"GamblersBrew"},{"floor":36,"key":"Fruit Juice"},{"floor":47,"key":"SkillPotion"},{"floor":48,"key":"LiquidBronze"}],"is_trial":false,"path_per_floor":["M","?","$","M","M","R","M","$","T","R","?","R","E","M","R","B",null,"M","?","$","?","$","R","M","R","T","?","?","M","R","M","R","B",null,"M","M","?","M","?","R","M","M","T","?","$","?","M","M","R","B",null],"character_chosen":"THE_SILENT","items_purchased":["Deflect","Footwork","Reflex"],"campfire_rested":0,"item_purchase_floors":[20,22,45],"current_hp_per_floor":[69,69,69,68,66,66,66,66,66,66,66,66,42,42,42,16,70,70,70,70,58,58,58,58,58,58,58,58,51,51,51,51,45,70,70,70,70,70,70,70,70,70,70,70,70,70,70,61,61,61],"gold":89,"neow_bonus":"RANDOM_COMMON_RELIC","is_prod":false,"is_daily":false,"chose_seed":false,"campfire_upgraded":10,"win_rate":0,"timestamp":1560309340,"path_taken":["M","?","$","M","M","R","M","$","T","R","?","R","E","M","R","BOSS","M","?","?","?","$","R","M","R","T","?","?","M","R","M","R","BOSS","M","?","?","M","?","R","M","?","T","?","?","?","M","M","R","BOSS"],"build_version":"2019-01-23","purchased_purges":3,"victory":true,"max_hp_per_floor":[70,70,70,70,70,70,70,70,70,70,70,70,70,70,70,70,70,70,70,70,70,70,70,70,70,70,70,70,70,70,70,70,70,70,70,70,75,75,75,75,75,75,75,75,75,75,75,75,75,75],"card_choices":[{"not_picked":["Underhanded Strike","Dagger Spray"],"picked":"Well Laid Plans","floor":1},{"not_picked":["Flechettes","Dodge and Roll","Sucker Punch"],"picked":"SKIP","floor":4},{"not_picked":["Cloak And Dagger","Calculated Gamble"],"picked":"Footwork","floor":5},{"not_picked":["Leg Sweep","Flechettes","Blade Dance"],"picked":"SKIP","floor":7},{"not_picked":["Poisoned Stab","Dash"],"picked":"Prepared","floor":13},{"not_picked":["Terror","Poisoned Stab","Dodge and Roll"],"picked":"SKIP","floor":14},{"not_picked":["Corpse Explosion","Unload"],"picked":"After Image","floor":16},{"not_picked":["Outmaneuver","Sucker Punch"],"picked":"Backflip","floor":18},{"not_picked":["Crippling Poison","Slice"],"picked":"Noxious Fumes","floor":21},{"not_picked":["Dodge and Roll","Slice"],"picked":"Escape Plan","floor":24},{"not_picked":["Slice","Dodge and Roll+1","Distraction"],"picked":"SKIP","floor":24},{"not_picked":["Bane","Well Laid Plans"],"picked":"Glass Knife","floor":29},{"not_picked":["Sucker Punch","Dagger Spray"],"picked":"Backflip+1","floor":29},{"not_picked":["Dodge and Roll","Outmaneuver"],"picked":"Acrobatics","floor":31},{"not_picked":["Masterful Stab","Cloak And Dagger"],"picked":"Prepared+1","floor":31},{"not_picked":["Wraith Form v2","Storm of Steel"],"picked":"A Thousand Cuts","floor":33},{"not_picked":["PiercingWail+1","Bane+1"],"picked":"Deflect","floor":35},{"not_picked":["Dodge and Roll","Blade Dance"],"picked":"Cloak And Dagger+1","floor":35},{"not_picked":["Dodge and Roll+1","Bane+1","Acrobatics"],"picked":"SKIP","floor":36},{"not_picked":["Flying Knee+1","Distraction","Well Laid Plans+1"],"picked":"SKIP","floor":36},{"not_picked":["Underhanded Strike","Backflip+1"],"picked":"Choke+1","floor":38},{"not_picked":["Sucker Punch","Quick Slash+1"],"picked":"Choke","floor":38},{"not_picked":["All Out Attack","Deadly Poison"],"picked":"Noxious Fumes","floor":41},{"not_picked":["Outmaneuver","Heel Hook","Skewer"],"picked":"SKIP","floor":41},{"not_picked":["PiercingWail","Cloak And Dagger"],"picked":"Backstab+1","floor":42},{"not_picked":["Choke+1","Acrobatics","PiercingWail"],"picked":"SKIP","floor":42},{"not_picked":["Venomology","Choke"],"picked":"Endless Agony+1","floor":47},{"not_picked":["Dagger Throw","Bane+1","PiercingWail+1"],"picked":"SKIP","floor":47},{"not_picked":["Glass Knife","Choke+1"],"picked":"Deflect","floor":48},{"not_picked":["Bane+1","Flying Knee+1","Acrobatics"],"picked":"SKIP","floor":48}],"player_experience":79374,"relics_obtained":[{"floor":9,"key":"Gremlin Horn"},{"floor":13,"key":"Potion Belt"},{"floor":21,"key":"Prayer Wheel"},{"floor":21,"key":"Mummified Hand"},{"floor":26,"key":"Happy Flower"},{"floor":43,"key":"Juzu Bracelet"}],"event_choices":[{"damage_healed":0,"gold_gain":0,"player_choice":"Box","damage_taken":0,"relics_obtained":["Pen Nib"],"max_hp_gain":0,"max_hp_loss":0,"event_name":"Big Fish","floor":2,"gold_loss":0,"cards_obtained":["Regret"]},{"cards_removed":["Strike_G"],"damage_healed":0,"gold_gain":0,"player_choice":"Card Removal","damage_taken":0,"max_hp_gain":0,"max_hp_loss":0,"event_name":"The Cleric","floor":11,"gold_loss":50},{"cards_removed":["Defend_G"],"damage_healed":0,"gold_gain":0,"player_choice":"Gave Gold","damage_taken":0,"max_hp_gain":0,"max_hp_loss":0,"event_name":"Beggar","floor":19,"gold_loss":75},{"damage_healed":0,"gold_gain":0,"player_choice":"Fight","damage_taken":0,"max_hp_gain":0,"max_hp_loss":0,"event_name":"Colosseum","floor":21,"gold_loss":0},{"damage_healed":0,"gold_gain":0,"player_choice":"Fought Nobs","damage_taken":0,"max_hp_gain":0,"max_hp_loss":0,"event_name":"Colosseum","floor":21,"gold_loss":0},{"damage_healed":0,"gold_gain":0,"player_choice":"Ignored","damage_taken":0,"max_hp_gain":0,"max_hp_loss":0,"event_name":"Ghosts","floor":27,"gold_loss":0},{"cards_removed":["Strike_G"],"damage_healed":0,"gold_gain":0,"player_choice":"Upgrade and Remove","damage_taken":0,"max_hp_gain":0,"max_hp_loss":0,"event_name":"Designer","floor":28,"gold_loss":90,"cards_upgraded":["After Image"]},{"damage_healed":0,"gold_gain":0,"player_choice":"Upgrade","damage_taken":0,"relics_obtained":["Mark of the Bloom"],"max_hp_gain":0,"max_hp_loss":0,"event_name":"MindBloom","floor":37,"gold_loss":0,"cards_upgraded":["Defend_G","Defend_G","Defend_G","Defend_G","Strike_G","Strike_G","Well Laid Plans","Backflip","Deflect","Escape Plan","A Thousand Cuts","Deflect"]},{"damage_healed":0,"gold_gain":0,"player_choice":"Leave","damage_taken":0,"max_hp_gain":0,"max_hp_loss":0,"event_name":"FaceTrader","floor":39,"gold_loss":0},{"cards_removed":["Defend_G"],"damage_healed":0,"gold_gain":0,"player_choice":"Removed Skill","damage_taken":0,"max_hp_gain":0,"max_hp_loss":0,"event_name":"Falling","floor":44,"gold_loss":0},{"damage_healed":0,"gold_gain":0,"player_choice":"Ignored","damage_taken":0,"max_hp_gain":0,"max_hp_loss":0,"event_name":"Mysterious Sphere","floor":46,"gold_loss":0}],"is_beta":false,"boss_relics":[{"not_picked":["Cursed Key","Velvet Choker"],"picked":"Coffee Dripper"},{"not_picked":["Runic Dome","Orrery"],"picked":"Runic Pyramid"}],"items_purged_floors":[3,20,45],"is_endless":false,"potions_floor_spawned":[7,13,18,24,33,36,47,48],"ascension_level":2}