{"gold_per_floor":[114,114,39,39,39,39,55,83,108,108,136,51,67,83,83,154,154,154],"floor_reached":18,"playtime":511,"items_purged":[],"score":386,"play_id":"2c4ce599-d8e9-413a-a6e1-778e46a48d0a","local_time":"20190531215805","is_ascension_mode":true,"campfire_choices":[{"data":"Thunderclap","floor":6,"key":"SMITH"},{"data":"Rampage","floor":10,"key":"SMITH"},{"data":"Evolve","floor":15,"key":"SMITH"}],"neow_cost":"NONE","seed_source_timestamp":1226794873563911,"circlet_count":0,"master_deck":["AscendersBane","Strike_R","Strike_R","Strike_R","Strike_R","Defend_R","Defend_R","Defend_R","Defend_R","Bash+1","Thunderclap+1","Cleave","Rampage+1","Evolve+1","Shrug It Off","Bludgeon","Headbutt","Shrug It Off","Pommel Strike"],"relics":["Burning Blood","NeowsBlessing","Happy Flower","PreservedInsect","Ancient Tea Set","Orrery"],"potions_floor_usage":[11,16,16],"damage_taken":[{"damage":0,"enemies":"Small Slimes","floor":1,"turns":1},{"damage":0,"enemies":"2 Louse","floor":7,"turns":1},{"damage":0,"enemies":"Gremlin Nob","floor":8,"turns":1},{"damage":3,"enemies":"3 Sentries","floor":11,"turns":5},{"damage":0,"enemies":"Cultist","floor":13,"turns":2},{"damage":17,"enemies":"Lots of Slimes","floor":14,"turns":3},{"damage":75,"enemies":"Hexaghost","floor":16,"turns":10},{"damage":65,"enemies":"Shell Parasite","floor":18,"turns":7}],"seed_played":"-6764402973988556957","potions_obtained":[{"floor":5,"key":"BloodPotion"},{"floor":5,"key":"Block Potion"},{"floor":11,"key":"Energy Potion"},{"floor":14,"key":"Regen Potion"}],"is_trial":false,"path_per_floor":["M","?","?","$","?","R","M","E","T","R","E","$","M","M","R","B",null,"M"],"character_chosen":"IRONCLAD","items_purchased":["Evolve"],"campfire_rested":0,"item_purchase_floors":[12],"current_hp_per_floor":[74,74,74,74,74,74,75,75,75,75,75,75,75,64,64,10,59,0],"gold":154,"neow_bonus":"THREE_ENEMY_KILL","is_prod":false,"is_daily":false,"chose_seed":false,"campfire_upgraded":3,"win_rate":0,"timestamp":1559354285,"path_taken":["M","?","?","$","?","R","?","E","T","R","E","$","M","M","R","BOSS","M"],"build_version":"2019-01-23","purchased_purges":0,"victory":false,"max_hp_per_floor":[75,75,75,75,75,75,75,75,75,75,75,75,75,75,75,75,75,75],"card_choices":[{"not_picked":["Warcry","Burning Pact"],"picked":"Thunderclap","floor":1},{"not_picked":["Flex","Corruption"],"picked":"Cleave","floor":7},{"not_picked":["True Grit","Perfected Strike"],"picked":"Rampage","floor":8},{"not_picked":["Clash","Havoc","Warcry"],"picked":"SKIP","floor":11},{"not_picked":["Seeing Red","Twin Strike","Feel No Pain"],"picked":"SKIP","floor":13},{"not_picked":["Body Slam","Evolve"],"picked":"Shrug It Off","floor":14},{"not_picked":["Juggernaut","Brutality"],"picked":"Bludgeon","floor":16},{"not_picked":["Wild Strike","Heavy Blade"],"picked":"Headbutt","floor":17},{"not_picked":["Heavy Blade","Iron Wave"],"picked":"Shrug It Off","floor":17},{"not_picked":["Havoc","Intimidate"],"picked":"Pommel Strike","floor":17}],"player_experience":803133,"relics_obtained":[{"floor":8,"key":"Happy Flower"},{"floor":9,"key":"PreservedInsect"},{"floor":11,"key":"Ancient Tea Set"}],"event_choices":[{"damage_healed":0,"gold_gain":0,"player_choice":"Grow","damage_taken":0,"max_hp_gain":0,"max_hp_loss":0,"event_name":"Living Wall","floor":2,"gold_loss":0,"cards_upgraded":["Bash"]},{"cards_removed":["Strike_R"],"damage_healed":0,"gold_gain":0,"player_choice":"Card Removal","damage_taken":0,"max_hp_gain":0,"max_hp_loss":0,"event_name":"The Cleric","floor":3,"gold_loss":75},{"damage_healed":0,"gold_gain":0,"player_choice":"Got Potions","damage_taken":0,"max_hp_gain":0,"max_hp_loss":0,"event_name":"Lab","floor":5,"gold_loss":0}],"is_beta":false,"boss_relics":[{"not_picked":["Calling Bell","Pandora\u0027s Box"],"picked":"Orrery"}],"items_purged_floors":[],"is_endless":false,"potions_floor_spawned":[11,14],"killed_by":"Shell Parasite","ascension_level":20}