{"gold_per_floor":[110,110,75,93,109,109,144,164,164,164,180,180,205,217,217,288,288,302,312,212,227,277,277,22,39,39,55,55,55,55,55,55,55],"floor_reached":33,"playtime":1215,"items_purged":["Strike_G"],"score":475,"play_id":"7a2ac3c4-81e8-481b-a995-44c3b45a722a","local_time":"20190612224255","is_ascension_mode":true,"campfire_choices":[{"data":"Deadly Poison","floor":6,"key":"SMITH"},{"data":"Dagger Throw","floor":10,"key":"SMITH"},{"data":"Backflip","floor":12,"key":"SMITH"},{"floor":15,"key":"REST"},{"data":"After Image","floor":23,"key":"SMITH"},{"data":"Footwork","floor":30,"key":"SMITH"},{"floor":32,"key":"REST"}],"neow_cost":"NONE","seed_source_timestamp":976209534245319,"circlet_count":0,"master_deck":["AscendersBane","Defend_G","Defend_G","Defend_G","Defend_G","Defend_G","Strike_G","Strike_G","Strike_G","Strike_G","Survivor","Neutralize","Deadly Poison+1","Flying Knee","Backflip+1","Backstab","Dagger Throw+1","Backflip","Quick Slash","Dash","After Image+1","Acrobatics","Well Laid Plans","Underhanded Strike","Prepared","Footwork+1","Dagger Throw","Parasite","Decay","Necronomicurse"],"relics":["Ring of the Snake","Bronze Scales","Mercury Hourglass","Mango","Tingsha","Letter Opener","Cursed Key","Regal Pillow","Bottled Lightning","Necronomicon"],"potions_floor_usage":[7,13,16,21,21,27],"damage_taken":[{"damage":9,"enemies":"Jaw Worm","floor":1,"turns":5},{"damage":0,"enemies":"2 Louse","floor":4,"turns":2},{"damage":0,"enemies":"Cultist","floor":5,"turns":3},{"damage":17,"enemies":"Lagavulin","floor":7,"turns":5},{"damage":6,"enemies":"Gremlin Gang","floor":8,"turns":3},{"damage":1,"enemies":"Looter","floor":11,"turns":2},{"damage":12,"enemies":"Gremlin Nob","floor":13,"turns":3},{"damage":0,"enemies":"3 Louse","floor":14,"turns":2},{"damage":24,"enemies":"The Guardian","floor":16,"turns":8},{"damage":14,"enemies":"Shell Parasite","floor":18,"turns":4},{"damage":18,"enemies":"2 Thieves","floor":19,"turns":4},{"damage":1,"enemies":"Snake Plant","floor":21,"turns":3},{"damage":0,"enemies":"3 Cultists","floor":25,"turns":4},{"damage":0,"enemies":"Sentry and Sphere","floor":27,"turns":5},{"damage":53,"enemies":"Collector","floor":33,"turns":7}],"seed_played":"4083655972349580611","potions_obtained":[{"floor":5,"key":"FearPotion"},{"floor":11,"key":"Poison Potion"},{"floor":14,"key":"SkillPotion"},{"floor":18,"key":"Weak Potion"},{"floor":19,"key":"Energy Potion"},{"floor":25,"key":"SpeedPotion"}],"is_trial":false,"path_per_floor":["M","?","?","M","M","R","E","M","T","R","M","R","E","M","R","B",null,"M","M","$","M","?","R","$","M","T","M","$","?","R","?","R","B"],"character_chosen":"THE_SILENT","items_purchased":["Underhanded Strike","Footwork","Regal Pillow"],"campfire_rested":2,"item_purchase_floors":[20,24,24],"current_hp_per_floor":[50,32,48,48,48,48,45,39,39,39,38,38,26,26,50,26,67,53,35,35,34,34,34,34,34,34,34,34,34,34,13,52,0],"gold":55,"neow_bonus":"RANDOM_COMMON_RELIC","is_prod":false,"is_daily":false,"chose_seed":false,"campfire_upgraded":5,"win_rate":0,"timestamp":1560404575,"path_taken":["M","?","?","M","M","R","E","M","T","R","M","R","E","M","R","BOSS","M","M","$","M","?","R","?","?","T","M","$","?","R","?","R","BOSS"],"build_version":"2019-01-23","purchased_purges":1,"victory":false,"max_hp_per_floor":[66,66,66,66,66,66,80,80,80,80,80,80,80,80,80,80,80,80,80,80,80,80,80,80,80,80,80,80,80,80,80,80,80],"card_choices":[{"not_picked":["Bane","Flechettes"],"picked":"Deadly Poison","floor":1},{"not_picked":["Expertise","Cloak And Dagger"],"picked":"Flying Knee","floor":4},{"not_picked":["Setup","Poisoned Stab"],"picked":"Backflip","floor":5},{"not_picked":["Expertise","Finisher"],"picked":"Backstab","floor":7},{"not_picked":["Terror","Tactician"],"picked":"Dagger Throw","floor":8},{"not_picked":["Slice","Flying Knee"],"picked":"Backflip","floor":11},{"not_picked":["Poisoned Stab","Endless Agony"],"picked":"Quick Slash","floor":13},{"not_picked":["Blur","Night Terror"],"picked":"Dash","floor":14},{"not_picked":["A Thousand Cuts","Tools of the Trade"],"picked":"After Image","floor":16},{"not_picked":["Sucker Punch","Crippling Poison"],"picked":"Acrobatics","floor":18},{"not_picked":["Quick Slash","Deflect"],"picked":"Well Laid Plans","floor":19},{"not_picked":["Bane","Choke"],"picked":"Prepared","floor":21},{"not_picked":["Sucker Punch","Blade Dance"],"picked":"Dagger Throw","floor":25},{"not_picked":["Flechettes","Masterful Stab","Slice"],"picked":"SKIP","floor":27}],"player_experience":995652,"relics_obtained":[{"floor":7,"key":"Mango"},{"floor":9,"key":"Tingsha"},{"floor":13,"key":"Letter Opener"},{"floor":26,"key":"Bottled Lightning"},{"floor":31,"key":"Necronomicon"}],"event_choices":[{"damage_healed":0,"gold_gain":0,"player_choice":"Success","damage_taken":18,"relics_obtained":["Mercury Hourglass"],"max_hp_gain":0,"max_hp_loss":0,"event_name":"Scrap Ooze","floor":2,"gold_loss":0},{"damage_healed":16,"gold_gain":0,"player_choice":"Healed","damage_taken":0,"max_hp_gain":0,"max_hp_loss":0,"event_name":"The Cleric","floor":3,"gold_loss":35},{"damage_healed":0,"gold_gain":50,"player_choice":"Pray","damage_taken":0,"max_hp_gain":0,"max_hp_loss":0,"event_name":"Golden Shrine","floor":22,"gold_loss":0},{"damage_healed":0,"gold_gain":0,"player_choice":"Smashed Altar","damage_taken":0,"max_hp_gain":0,"max_hp_loss":0,"event_name":"Forgotten Altar","floor":29,"gold_loss":0,"cards_obtained":["Decay"]},{"damage_healed":0,"gold_gain":0,"player_choice":"Obtained Book","damage_taken":21,"max_hp_gain":0,"max_hp_loss":0,"event_name":"Cursed Tome","floor":31,"gold_loss":0}],"is_beta":false,"boss_relics":[{"not_picked":["White Beast Statue","Velvet Choker"],"picked":"Cursed Key"}],"items_purged_floors":[20],"is_endless":false,"potions_floor_spawned":[5,11,14,18,19,25],"killed_by":"Collector","ascension_level":17}