{"gold_per_floor":[117,67,78,97,109,109,109,109,109,139,63,63,63,81,81,182,182,201,174,187,47,47,74,74,93,118,118,18,18,29,41,41,143,143,154,0,0,100,100,100,133,133,157,175,175,31,31,51,51,51],"floor_reached":50,"playtime":5598,"items_purged":["Pain"],"score":659,"play_id":"5b6bac57-7ce2-4758-9014-66fd0e53a724","local_time":"20190702224710","is_ascension_mode":true,"campfire_choices":[{"floor":6.0,"key":"REST"},{"data":"Dash","floor":8.0,"key":"SMITH"},{"data":"Footwork","floor":13.0,"key":"SMITH"},{"data":"Leg Sweep","floor":15.0,"key":"SMITH"},{"floor":24,"key":"REST"},{"floor":27,"key":"REST"},{"floor":29,"key":"REST"},{"floor":32,"key":"REST"},{"floor":40,"key":"REST"},{"floor":42,"key":"REST"},{"floor":49,"key":"REST"}],"neow_cost":"NONE","seed_source_timestamp":0,"circlet_count":0,"master_deck":["Defend_G+1","Defend_G+1","Defend_G+1","Defend_G+1","Strike_G+1","Strike_G+1","Strike_G+1","Survivor","Neutralize+1","Leg Sweep+1","Crippling Poison","Dash+1","Caltrops","Slice","Footwork+1","Blade Dance","Tools of the Trade","Venomology","Backflip","Caltrops","Cloak And Dagger","Dagger Spray","Blade Dance","Dodge and Roll+1","Crippling Poison+1","Blur+1","Leg Sweep","Dodge and Roll","Flying Knee+1","Backflip","Cloak And Dagger","Flechettes","A Thousand Cuts","Cloak And Dagger+1","Dodge and Roll+1","Backflip+1","Infinite Blades","Distraction","Dagger Spray+1"],"special_seed":0,"relics":["Runic Dome","Juzu Bracelet","Ninja Scroll","Orrery","Boot","Oddly Smooth Stone","Sozu","Red Mask","WarpedTongs","Turnip","Dodecahedron","War Paint"],"potions_floor_usage":[19,20,20,23,25,25,33,33,33,50],"damage_taken":[{"damage":6.0,"enemies":"Jaw Worm","floor":1.0,"turns":4.0},{"damage":4.0,"enemies":"Small Slimes","floor":3.0,"turns":5.0},{"damage":6.0,"enemies":"2 Louse","floor":4.0,"turns":4.0},{"damage":9.0,"enemies":"Gremlin Gang","floor":5.0,"turns":5.0},{"damage":26.0,"enemies":"Gremlin Nob","floor":10.0,"turns":5.0},{"damage":0.0,"enemies":"Looter","floor":14.0,"turns":2.0},{"damage":4.0,"enemies":"Hexaghost","floor":16.0,"turns":10.0},{"damage":3.0,"enemies":"3 Byrds","floor":18.0,"turns":5.0},{"damage":21,"enemies":"2 Thieves","floor":19,"turns":5},{"damage":20,"enemies":"Centurion and Healer","floor":20,"turns":10},{"damage":21,"enemies":"Slavers","floor":23,"turns":6},{"damage":18,"enemies":"Cultist and Chosen","floor":25,"turns":6},{"damage":6,"enemies":"3 Cultists","floor":30,"turns":6},{"damage":15,"enemies":"Snake Plant","floor":31,"turns":4},{"damage":52,"enemies":"Automaton","floor":33,"turns":16},{"damage":10,"enemies":"3 Darklings","floor":35,"turns":5},{"damage":6,"enemies":"Mind Bloom Boss Battle","floor":38,"turns":7},{"damage":37,"enemies":"Giant Head","floor":41,"turns":12},{"damage":7,"enemies":"Orb Walker","floor":44,"turns":3},{"damage":8,"enemies":"Jaw Worm Horde","floor":48,"turns":6},{"damage":57,"enemies":"Awakened One","floor":50,"turns":15}],"seed_played":"7545628000276674553","potions_obtained":[{"floor":3.0,"key":"SteroidPotion"},{"floor":5.0,"key":"Ancient Potion"},{"floor":10.0,"key":"Dexterity Potion"},{"floor":20,"key":"Energy Potion"},{"floor":23,"key":"Swift Potion"},{"floor":25,"key":"GamblersBrew"}],"is_trial":false,"path_per_floor":["M","?","M","M","M","R","?","R","T","E","$","?","R","M","R","B",null,"M","M","M","$","?","E","R","M","T","R","$","R","M","M","R","B",null,"M","?","?","?","?","R","E","R","T","M","?","$","?","M","R","B"],"character_chosen":"THE_SILENT","items_purchased":["Footwork","Blur","Leg Sweep","Backflip","Cloak And Dagger","Distraction"],"campfire_rested":8,"item_purchase_floors":[11,21,21,28,28,46],"current_hp_per_floor":[57,57,53,47,38,59,59,59,59,33,33,33,33,33,33,29,60,57,36,31,31,31,10,31,13,13,34,34,55,49,34,55,3,53,43,43,43,37,37,58,21,42,42,35,35,35,35,27,46,0],"gold":51,"neow_bonus":"BOSS_RELIC","is_prod":false,"is_daily":false,"chose_seed":false,"campfire_upgraded":3,"win_rate":0,"timestamp":1562122030,"path_taken":["M","?","M","M","M","R","?","R","T","E","$","?","R","M","R","BOSS","M","M","M","$","?","E","R","M","T","R","$","R","M","M","R","BOSS","M","?","?","?","?","R","E","R","T","M","?","$","?","M","R","BOSS"],"build_version":"2019-07-01","purchased_purges":1,"victory":false,"max_hp_per_floor":[70,70,70,70,70,70,70,70,70,70,70,70,70,70,70,70,70,70,70,70,70,70,70,70,70,70,70,70,70,70,70,70,70,70,70,70,70,70,70,70,70,70,70,70,70,70,66,66,66,66],"card_choices":[{"not_picked":["Sucker Punch","Dagger Throw"],"picked":"Leg Sweep","floor":1.0},{"not_picked":["Finisher","Quick Slash"],"picked":"Crippling Poison","floor":3.0},{"not_picked":["Distraction","Bane"],"picked":"Dash","floor":4.0},{"not_picked":["Poisoned Stab","Dodge and Roll"],"picked":"Caltrops","floor":5.0},{"not_picked":["Outmaneuver","Tactician"],"picked":"Slice","floor":10.0},{"not_picked":["Flechettes","Calculated Gamble"],"picked":"Tools of the Trade","floor":14.0},{"not_picked":["Doppelganger","Unload"],"picked":"Venomology","floor":16.0},{"not_picked":["Concentrate","Predator"],"picked":"Backflip","floor":17.0},{"not_picked":["Bane","Flying Knee"],"picked":"Caltrops","floor":17.0},{"not_picked":["Skewer","Terror"],"picked":"Cloak And Dagger","floor":17.0},{"not_picked":["Dodge and Roll","Deadly Poison"],"picked":"Dagger Spray","floor":17.0},{"not_picked":["Dagger Throw","Expertise"],"picked":"Blade Dance","floor":17.0},{"not_picked":["Catalyst","PiercingWail"],"picked":"Dodge and Roll","floor":18},{"not_picked":["Heel Hook+1","Deadly Poison+1","Bullet Time"],"picked":"SKIP","floor":19},{"not_picked":["Dagger Throw","Deflect"],"picked":"Crippling Poison+1","floor":20},{"not_picked":["Dagger Throw+1","Slice"],"picked":"Dodge and Roll","floor":23},{"not_picked":["Bane","Eviscerate"],"picked":"Flying Knee+1","floor":25},{"not_picked":["Tactician","Acrobatics","Outmaneuver+1"],"picked":"SKIP","floor":30},{"not_picked":["Dagger Spray","Poisoned Stab"],"picked":"Flechettes","floor":31},{"not_picked":["Phantasmal Killer","Storm of Steel"],"picked":"A Thousand Cuts","floor":33},{"not_picked":["PiercingWail","Backflip"],"picked":"Cloak And Dagger+1","floor":35},{"not_picked":["Bane+1","Prepared+1"],"picked":"Dodge and Roll+1","floor":38},{"not_picked":["Deadly Poison","Acrobatics+1"],"picked":"Backflip+1","floor":41},{"not_picked":["Tactician+1","Outmaneuver"],"picked":"Infinite Blades","floor":44},{"not_picked":["Sucker Punch","Expertise+1"],"picked":"Dagger Spray+1","floor":48}],"player_experience":454852,"relics_obtained":[{"floor":9.0,"key":"Juzu Bracelet"},{"floor":10.0,"key":"Ninja Scroll"},{"floor":23,"key":"Boot"},{"floor":26,"key":"Oddly Smooth Stone"},{"floor":38,"key":"Turnip"},{"floor":41,"key":"Dodecahedron"},{"floor":43,"key":"War Paint"}],"event_choices":[{"cards_removed":["Defend_G"],"damage_healed":0.0,"max_hp_gain":0.0,"max_hp_loss":0.0,"gold_gain":0.0,"event_name":"The Cleric","player_choice":"Card Removal","floor":2.0,"gold_loss":50.0,"damage_taken":0.0},{"damage_healed":0.0,"max_hp_gain":0.0,"max_hp_loss":0.0,"gold_gain":0.0,"event_name":"Living Wall","player_choice":"Grow","floor":7.0,"gold_loss":0.0,"damage_taken":0.0,"cards_upgraded":["Neutralize"]},{"damage_healed":0.0,"max_hp_gain":0.0,"max_hp_loss":0.0,"gold_gain":0.0,"cards_transformed":["Strike_G"],"event_name":"Transmorgrifier","player_choice":"Transformed","floor":12.0,"gold_loss":0.0,"damage_taken":0.0,"cards_obtained":["Blade Dance"]},{"damage_healed":0,"gold_gain":0,"player_choice":"Simplicity","damage_taken":0,"max_hp_gain":0,"max_hp_loss":0,"event_name":"Back to Basics","floor":22,"gold_loss":0,"cards_upgraded":["Defend_G","Defend_G","Defend_G","Defend_G","Strike_G","Strike_G","Strike_G","Strike_G"]},{"damage_healed":0,"gold_gain":0,"player_choice":"Paid","damage_taken":0,"relics_obtained":["Red Mask"],"max_hp_gain":0,"max_hp_loss":0,"event_name":"Tomb of Lord Red Mask","floor":36,"gold_loss":154},{"damage_healed":0,"gold_gain":0,"player_choice":"Rummage","damage_taken":0,"relics_obtained":["WarpedTongs"],"max_hp_gain":0,"max_hp_loss":0,"event_name":"Accursed Blacksmith","floor":37,"gold_loss":0,"cards_obtained":["Pain"]},{"damage_healed":0,"gold_gain":0,"player_choice":"Fight","damage_taken":0,"max_hp_gain":0,"max_hp_loss":0,"event_name":"MindBloom","floor":38,"gold_loss":0},{"cards_removed":["Strike_G"],"damage_healed":0,"gold_gain":0,"player_choice":"Removed Attack","damage_taken":0,"max_hp_gain":0,"max_hp_loss":0,"event_name":"Falling","floor":39,"gold_loss":0},{"damage_healed":0,"gold_gain":0,"player_choice":"Ignored","damage_taken":0,"max_hp_gain":0,"max_hp_loss":0,"event_name":"Mysterious Sphere","floor":45,"gold_loss":0},{"damage_healed":0,"gold_gain":0,"player_choice":"Max HP","damage_taken":0,"max_hp_gain":0,"max_hp_loss":4,"event_name":"Winding Halls","floor":47,"gold_loss":0}],"is_beta":false,"boss_relics":[{"not_picked":["Busted Crown","Empty Cage"],"picked":"Orrery"},{"not_picked":["Astrolabe","HoveringKite"],"picked":"Sozu"}],"items_purged_floors":[46],"is_endless":false,"potions_floor_spawned":[3,5,10,20,23,25,41],"killed_by":"Awakened One","ascension_level":6}