{"gold_per_floor":[116,128,52,52,52,52,63,63,112,144,64,89,89,1,1,75,75,86,1,1,1,12,12,24,24,24,24],"floor_reached":27,"playtime":797,"items_purged":[],"score":401,"play_id":"66460e01-32aa-466f-9d72-f20092f292ff","local_time":"20190608015425","is_ascension_mode":true,"campfire_choices":[{"data":"Footwork","floor":6,"key":"SMITH"},{"data":"Sucker Punch","floor":8,"key":"SMITH"},{"data":"Noxious Fumes","floor":13,"key":"SMITH"},{"data":"Catalyst","floor":15,"key":"SMITH"},{"floor":23,"key":"REST"},{"floor":25,"key":"REST"}],"neow_cost":"TEN_PERCENT_HP_LOSS","seed_source_timestamp":556119559910494,"circlet_count":0,"master_deck":["AscendersBane","Defend_G","Defend_G","Defend_G","Defend_G","Strike_G","Strike_G","Strike_G","Survivor","Neutralize","Glass Knife","Sucker Punch+1","Quick Slash","Footwork+1","Backflip","Dash","Noxious Fumes+1","Catalyst+1","Noxious Fumes","Heel Hook+1","Backstab+1","Poisoned Stab+1","After Image"],"relics":["Ring of the Snake","Pen Nib","StoneCalendar","Astrolabe","Question Card","Nloth\u0027s Gift","Bronze Scales"],"potions_floor_usage":[16,16,24],"damage_taken":[{"damage":0,"enemies":"Cultist","floor":1,"turns":4},{"damage":2,"enemies":"Jaw Worm","floor":2,"turns":3},{"damage":0,"enemies":"2 Louse","floor":7,"turns":2},{"damage":24,"enemies":"Gremlin Nob","floor":10,"turns":4},{"damage":7,"enemies":"3 Sentries","floor":12,"turns":7},{"damage":1,"enemies":"Slime Boss","floor":16,"turns":7},{"damage":35,"enemies":"3 Byrds","floor":18,"turns":6},{"damage":15,"enemies":"Spheric Guardian","floor":22,"turns":6},{"damage":17,"enemies":"Snecko","floor":24,"turns":5},{"damage":28,"enemies":"Slavers","floor":27,"turns":4}],"seed_played":"1023157336584201981","potions_obtained":[{"floor":10,"key":"GhostInAJar"},{"floor":12,"key":"Poison Potion"},{"floor":22,"key":"GhostInAJar"}],"is_trial":false,"path_per_floor":["M","M","$","?","?","R","M","R","T","E","$","E","R","$","R","B",null,"M","?","$","?","M","R","M","R","T","E"],"character_chosen":"THE_SILENT","items_purchased":["Footwork","Noxious Fumes","Noxious Fumes"],"campfire_rested":2,"item_purchase_floors":[3,11,14],"current_hp_per_floor":[59,57,57,50,60,60,60,60,60,36,36,29,29,29,29,28,52,17,17,17,17,2,20,3,21,21,0],"gold":24,"neow_bonus":"THREE_RARE_CARDS","is_prod":false,"is_daily":false,"chose_seed":false,"campfire_upgraded":4,"win_rate":0,"timestamp":1559984065,"path_taken":["M","M","$","?","?","R","M","R","T","E","$","E","R","$","R","BOSS","M","?","$","?","M","R","M","R","T","E"],"build_version":"2019-01-23","purchased_purges":0,"victory":false,"max_hp_per_floor":[60,60,60,60,60,60,60,60,60,60,60,60,60,60,60,60,60,60,60,60,60,60,60,60,60,60,60],"card_choices":[{"not_picked":["Tools of the Trade","Burst"],"picked":"Glass Knife","floor":0},{"not_picked":["Cloak And Dagger","Distraction"],"picked":"Sucker Punch","floor":1},{"not_picked":["Reflex","Slice"],"picked":"Quick Slash","floor":2},{"not_picked":["Dagger Throw","Caltrops"],"picked":"Backflip","floor":7},{"not_picked":["Quick Slash","Deflect"],"picked":"Dash","floor":10},{"not_picked":["Flechettes","Riddle With Holes"],"picked":"Catalyst","floor":12},{"not_picked":["Tools of the Trade","Grand Finale"],"picked":"Unload","floor":16},{"not_picked":["Deflect","Poisoned Stab","Eviscerate"],"picked":"SKIP","floor":18},{"not_picked":["Acrobatics","Bane","Cloak And Dagger","Dagger Spray"],"picked":"SKIP","floor":22},{"not_picked":["Well Laid Plans+1","Glass Knife","PiercingWail+1"],"picked":"After Image","floor":24}],"player_experience":987881,"relics_obtained":[{"floor":9,"key":"Pen Nib"},{"floor":10,"key":"StoneCalendar"},{"floor":12,"key":"Smiling Mask"},{"floor":26,"key":"Bronze Scales"}],"event_choices":[{"cards_removed":["Strike_G"],"damage_healed":0,"gold_gain":0,"player_choice":"Card Removal","damage_taken":7,"max_hp_gain":0,"max_hp_loss":0,"event_name":"Golden Wing","floor":4,"gold_loss":0},{"damage_healed":20,"gold_gain":0,"player_choice":"Banana","damage_taken":0,"max_hp_gain":0,"max_hp_loss":0,"event_name":"Big Fish","floor":5,"gold_loss":0},{"damage_healed":0,"gold_gain":0,"player_choice":"Obtained Relic","damage_taken":0,"relics_obtained":["Question Card"],"max_hp_gain":0,"max_hp_loss":0,"event_name":"Addict","floor":19,"gold_loss":85},{"damage_healed":0,"gold_gain":0,"player_choice":"Traded Relic","damage_taken":0,"relics_obtained":["Nloth\u0027s Gift"],"max_hp_gain":0,"max_hp_loss":0,"event_name":"N\u0027loth","floor":21,"relics_lost":["Smiling Mask"],"gold_loss":0}],"is_beta":false,"boss_relics":[{"not_picked":["Pandora\u0027s Box","Empty Cage"],"picked":"Astrolabe"}],"items_purged_floors":[],"is_endless":false,"potions_floor_spawned":[10,12,22],"killed_by":"Slavers","ascension_level":17}