{"gold_per_floor":[218,89,89,139,155,190,205,39,39,65,65,82,25,42,42,117,117,130,130,145,13,24,24,42,42,67,140,157,72,72,86,86,159,159,174,174,274,274,352,352,386,386,386,386,114,114,90,108,108,108],"floor_reached":51,"playtime":2967,"items_purged":["Strike_G","Normality"],"score":1359,"play_id":"593da9a3-7ade-48bc-ac49-1cfd854f8832","local_time":"20190613181818","is_ascension_mode":true,"campfire_choices":[{"floor":11,"key":"REST"},{"data":"Footwork","floor":15,"key":"SMITH"},{"data":"Burst","floor":23,"key":"SMITH"},{"floor":30,"key":"REST"},{"data":"Footwork","floor":32,"key":"SMITH"},{"data":"Burst","floor":40,"key":"SMITH"},{"data":"Leg Sweep","floor":42,"key":"SMITH"},{"floor":44,"key":"REST"},{"data":"Noxious Fumes","floor":46,"key":"SMITH"},{"floor":49,"key":"REST"}],"neow_cost":"NONE","seed_source_timestamp":67455759337276,"circlet_count":0,"master_deck":["AscendersBane","Defend_G+1","Defend_G","Defend_G","Defend_G","Defend_G","Strike_G","Strike_G","Strike_G","Survivor+1","Neutralize","Deadly Poison","Dagger Throw","Leg Sweep+1","Quick Slash","Cloak And Dagger","Footwork+1","Footwork+1","Deflect","Burst+1","Slice+1","Noxious Fumes+1","Dagger Throw","Escape Plan","Noxious Fumes","Burst+1","Outmaneuver+1","Normality","Prepared"],"relics":["Ring of the Snake","Mercury Hourglass","Regal Pillow","Paper Crane","Snake Skull","Runic Pyramid","Orichalcum","Pear","Cursed Key","Tough Bandages","Bottled Flame","Lantern","Ornamental Fan","Oddly Smooth Stone"],"potions_floor_usage":[16,16,20,28,33,35,50],"damage_taken":[{"damage":6,"enemies":"Jaw Worm","floor":1,"turns":5},{"damage":0,"enemies":"Cultist","floor":5,"turns":4},{"damage":28,"enemies":"Gremlin Nob","floor":6,"turns":5},{"damage":0,"enemies":"2 Louse","floor":7,"turns":3},{"damage":1,"enemies":"Exordium Wildlife","floor":12,"turns":6},{"damage":0,"enemies":"Looter","floor":14,"turns":4},{"damage":40,"enemies":"Slime Boss","floor":16,"turns":18},{"damage":3,"enemies":"Shell Parasite","floor":18,"turns":9},{"damage":3,"enemies":"Chosen","floor":20,"turns":6},{"damage":0,"enemies":"Snake Plant","floor":22,"turns":6},{"damage":1,"enemies":"Centurion and Healer","floor":24,"turns":9},{"damage":2,"enemies":"Sentry and Sphere","floor":28,"turns":6},{"damage":4,"enemies":"Cultist and Chosen","floor":31,"turns":7},{"damage":0,"enemies":"Automaton","floor":33,"turns":15},{"damage":13,"enemies":"Orb Walker","floor":35,"turns":4},{"damage":0,"enemies":"Mind Bloom Boss Battle","floor":37,"turns":8},{"damage":9,"enemies":"Nemesis","floor":41,"turns":11},{"damage":45,"enemies":"3 Shapes","floor":48,"turns":5},{"damage":0,"enemies":"Donu and Deca","floor":50,"turns":12}],"seed_played":"-7634106398287503312","potions_obtained":[{"floor":7,"key":"Regen Potion"},{"floor":16,"key":"Block Potion"},{"floor":18,"key":"GhostInAJar"},{"floor":24,"key":"Energy Potion"},{"floor":28,"key":"LiquidBronze"},{"floor":31,"key":"Energy Potion"},{"floor":48,"key":"GhostInAJar"}],"is_trial":false,"path_per_floor":["M","$","?","?","M","E","M","$","T","T","R","M","$","M","R","B",null,"M","?","M","$","M","R","M","?","T","T","M","$","R","M","R","B",null,"M","?","?","?","T","R","E","R","T","R","$","R","$","M","R","B",null],"character_chosen":"THE_SILENT","items_purchased":["Dagger Throw","Leg Sweep","Regal Pillow","Weak Potion","Dagger Throw","Noxious Fumes","Oddly Smooth Stone","Prepared"],"campfire_rested":4,"item_purchase_floors":[2,2,8,13,21,29,45,47],"current_hp_per_floor":[53,53,33,33,33,5,5,5,5,5,39,38,38,38,38,13,53,50,50,47,47,47,47,46,28,28,38,36,36,75,71,71,71,79,66,66,66,66,66,66,57,57,57,81,81,81,81,36,75,75],"gold":108,"neow_bonus":"HUNDRED_GOLD","is_prod":false,"is_daily":false,"chose_seed":false,"campfire_upgraded":6,"win_rate":0,"timestamp":1560475098,"path_taken":["M","$","?","?","?","E","M","?","T","?","R","M","$","?","R","BOSS","M","?","M","$","?","R","M","?","T","?","M","$","R","M","R","BOSS","M","?","?","?","?","R","E","R","T","R","$","R","$","M","R","BOSS"],"build_version":"2019-01-23","purchased_purges":2,"victory":true,"max_hp_per_floor":[66,66,66,66,66,66,66,66,66,66,66,66,66,66,66,66,66,66,66,66,66,66,66,66,71,71,81,81,81,81,81,81,81,81,81,81,81,81,81,81,81,81,81,81,81,81,81,81,81,81],"card_choices":[{"not_picked":["Slice","Bouncing Flask"],"picked":"Deadly Poison","floor":1},{"not_picked":["Skewer","Reflex"],"picked":"Quick Slash","floor":5},{"not_picked":["Finisher","Outmaneuver"],"picked":"Cloak And Dagger","floor":6},{"not_picked":["Reflex","Malaise"],"picked":"Footwork","floor":7},{"not_picked":["Escape Plan","Flying Knee"],"picked":"Footwork","floor":12},{"not_picked":["Blur","Acrobatics"],"picked":"Deflect","floor":14},{"not_picked":["Grand Finale","Venomology"],"picked":"Burst","floor":16},{"not_picked":["Flying Knee","Masterful Stab"],"picked":"Slice+1","floor":18},{"not_picked":["Blade Dance","Expertise+1"],"picked":"Noxious Fumes","floor":20},{"not_picked":["Deadly Poison","Accuracy"],"picked":"Escape Plan","floor":22},{"not_picked":["Cloak And Dagger","Dodge and Roll","Reflex"],"picked":"SKIP","floor":24},{"not_picked":["Outmaneuver","Terror","Predator"],"picked":"SKIP","floor":28},{"not_picked":["Bouncing Flask","Prepared"],"picked":"Underhanded Strike","floor":31},{"not_picked":["Die Die Die","Tools of the Trade"],"picked":"Burst","floor":33},{"not_picked":["Dagger Throw","Outmaneuver","Flying Knee"],"picked":"SKIP","floor":35},{"not_picked":["Flying Knee","Dodge and Roll"],"picked":"Outmaneuver+1","floor":37},{"not_picked":["Infinite Blades","PiercingWail","Flechettes"],"picked":"SKIP","floor":41},{"not_picked":["Deadly Poison","Distraction","Caltrops"],"picked":"SKIP","floor":48}],"player_experience":996867,"relics_obtained":[{"floor":6,"key":"Mercury Hourglass"},{"floor":9,"key":"Paper Crane"},{"floor":10,"key":"Snake Skull"},{"floor":26,"key":"Orichalcum"},{"floor":27,"key":"Pear"},{"floor":37,"key":"Tough Bandages"},{"floor":39,"key":"Bottled Flame"},{"floor":41,"key":"Lantern"},{"floor":43,"key":"Ornamental Fan"}],"event_choices":[{"damage_healed":0,"gold_gain":0,"player_choice":"Entered Light","damage_taken":20,"max_hp_gain":0,"max_hp_loss":0,"event_name":"Shining Light","floor":3,"gold_loss":0,"cards_upgraded":["Survivor","Defend_G"]},{"damage_healed":0,"gold_gain":50,"player_choice":"Pray","damage_taken":0,"max_hp_gain":0,"max_hp_loss":0,"event_name":"Golden Shrine","floor":4,"gold_loss":0},{"cards_removed":["Strike_G"],"damage_healed":0,"gold_gain":0,"player_choice":"Purged","damage_taken":0,"max_hp_gain":0,"max_hp_loss":0,"event_name":"Purifier","floor":19,"gold_loss":0},{"damage_healed":0,"gold_gain":0,"player_choice":"Shed Blood","damage_taken":23,"max_hp_gain":5,"max_hp_loss":0,"event_name":"Forgotten Altar","floor":25,"gold_loss":0},{"cards_removed":["Underhanded Strike"],"damage_healed":0,"gold_gain":0,"player_choice":"Removed Attack","damage_taken":0,"max_hp_gain":0,"max_hp_loss":0,"event_name":"Falling","floor":36,"gold_loss":0},{"damage_healed":0,"gold_gain":0,"player_choice":"Fight","damage_taken":0,"max_hp_gain":0,"max_hp_loss":0,"event_name":"MindBloom","floor":37,"gold_loss":0},{"damage_healed":0,"gold_gain":0,"player_choice":"Memory 1","damage_taken":0,"max_hp_gain":0,"max_hp_loss":0,"event_name":"SensoryStone","floor":38,"gold_loss":0}],"is_beta":false,"boss_relics":[{"not_picked":["Empty Cage","Ring of the Serpent"],"picked":"Runic Pyramid"},{"not_picked":["Black Star","Fusion Hammer"],"picked":"Cursed Key"}],"items_purged_floors":[21,45],"is_endless":false,"potions_floor_spawned":[7,16,18,24,28,31,48],"ascension_level":17}