{"gold_per_floor":[116,136,136,148,167,167,202,202,225,225,225,284,284,70,70,145,145,164,38,49,49,49],"floor_reached":22,"playtime":1017,"items_purged":["Regret","Parasite"],"score":364,"play_id":"3e87fd97-fb1d-4f2c-9528-71b2dab4977b","local_time":"20190613093434","is_ascension_mode":true,"campfire_choices":[{"data":"Compile Driver","floor":6,"key":"SMITH"},{"data":"Sweeping Beam","floor":8,"key":"SMITH"},{"data":"Zap","floor":10,"key":"SMITH"},{"data":"Capacitor","floor":15,"key":"SMITH"}],"neow_cost":"NONE","seed_source_timestamp":86296495491272,"circlet_count":0,"master_deck":["AscendersBane","Strike_B+1","Strike_B","Strike_B","Strike_B","Defend_B","Defend_B","Defend_B","Defend_B+1","Zap+1","Dualcast","Glacier","Ball Lightning+1","Compile Driver+1","Sweeping Beam+1","Conserve Battery","Leap","Ball Lightning","Capacitor+1","Machine Learning","Doom and Gloom","Consume","Cold Snap"],"relics":["Cursed Key","Smiling Mask","Art of War","Oddly Smooth Stone","Inserter"],"potions_floor_usage":[12,16,20],"damage_taken":[{"damage":14,"enemies":"Small Slimes","floor":1,"turns":4},{"damage":1,"enemies":"Cultist","floor":2,"turns":3},{"damage":0,"enemies":"2 Louse","floor":4,"turns":3},{"damage":0,"enemies":"Exordium Thugs","floor":5,"turns":5},{"damage":10,"enemies":"3 Sentries","floor":7,"turns":7},{"damage":13,"enemies":"Lagavulin Event","floor":12,"turns":5},{"damage":6,"enemies":"The Guardian","floor":16,"turns":12},{"damage":12,"enemies":"Spheric Guardian","floor":18,"turns":6},{"damage":7,"enemies":"Shell Parasite","floor":20,"turns":6},{"damage":40,"enemies":"Chosen and Byrds","floor":22,"turns":5}],"seed_played":"-2301352865981141362","potions_obtained":[{"floor":2,"key":"Fire Potion"},{"floor":4,"key":"Energy Potion"},{"floor":18,"key":"GamblersBrew"}],"is_trial":false,"path_per_floor":["M","M","?","M","M","R","E","R","T","R","?","?","?","$","R","B",null,"M","$","M","$","M"],"character_chosen":"DEFECT","items_purchased":["Leap","Ball Lightning","Capacitor","Consume"],"campfire_rested":0,"item_purchase_floors":[14,14,14,19],"current_hp_per_floor":[50,49,49,49,49,49,39,39,39,39,18,5,22,22,22,16,57,45,45,38,38,0],"gold":49,"neow_bonus":"BOSS_RELIC","is_prod":false,"is_daily":false,"chose_seed":false,"campfire_upgraded":4,"win_rate":0,"timestamp":1560432874,"path_taken":["M","M","?","M","?","R","E","R","T","R","?","?","?","$","R","BOSS","M","$","M","$","M"],"build_version":"2019-01-23","purchased_purges":2,"victory":false,"max_hp_per_floor":[71,71,71,71,71,71,71,71,71,71,71,71,71,71,71,71,71,71,68,68,68,68],"card_choices":[{"not_picked":["Leap","Static Discharge"],"picked":"Glacier","floor":1},{"not_picked":["Barrage","Hologram"],"picked":"Ball Lightning","floor":2},{"not_picked":["Beam Cell","Redo"],"picked":"Compile Driver","floor":4},{"not_picked":["Steam Power","Steam","Leap"],"picked":"SKIP","floor":5},{"not_picked":["Amplify","Darkness"],"picked":"Sweeping Beam","floor":7},{"not_picked":["BootSequence","Gash"],"picked":"Conserve Battery","floor":12},{"not_picked":["Amplify","Fission"],"picked":"Machine Learning","floor":16},{"not_picked":["Force Field","Fusion"],"picked":"Doom and Gloom","floor":18},{"not_picked":["Conserve Battery","Stack"],"picked":"Cold Snap","floor":20}],"player_experience":887379,"relics_obtained":[{"floor":7,"key":"Smiling Mask"},{"floor":9,"key":"Art of War"},{"floor":12,"key":"Oddly Smooth Stone"}],"event_choices":[{"damage_healed":0,"gold_gain":0,"player_choice":"Upgraded","damage_taken":0,"max_hp_gain":0,"max_hp_loss":0,"event_name":"Upgrade Shrine","floor":3,"gold_loss":0,"cards_upgraded":["Ball Lightning"]},{"damage_healed":0,"gold_gain":0,"player_choice":"Entered Light","damage_taken":21,"max_hp_gain":0,"max_hp_loss":0,"event_name":"Shining Light","floor":11,"gold_loss":0,"cards_upgraded":["Defend_B","Strike_B"]},{"damage_healed":0,"gold_gain":0,"player_choice":"Searched \u00271\u0027 times","damage_taken":0,"max_hp_gain":0,"max_hp_loss":0,"event_name":"Dead Adventurer","floor":12,"gold_loss":0},{"damage_healed":17,"gold_gain":0,"player_choice":"Healed and dodged fight","damage_taken":0,"max_hp_gain":0,"max_hp_loss":0,"event_name":"Mushrooms","floor":13,"gold_loss":0,"cards_obtained":["Parasite"]}],"is_beta":false,"boss_relics":[{"not_picked":["Busted Crown","Fusion Hammer"],"picked":"Inserter"}],"items_purged_floors":[14,19],"is_endless":false,"potions_floor_spawned":[2,4,5,18],"killed_by":"Chosen and Byrds","ascension_level":20}