{"gold_per_floor":[112,124,138,138,138,138,182,202,202,202,226,226,226,246,246,372,372,390,340,360,381,152,152,176,176,176,196,215,215,238,254,254,254],"floor_reached":33,"playtime":1705,"items_purged":[],"score":329,"play_id":"c062ab00-402e-44e7-bb50-8a0971e07042","local_time":"20190621112838","is_ascension_mode":true,"campfire_choices":[{"data":"Wild Strike","floor":6,"key":"SMITH"},{"data":"Whirlwind","floor":10,"key":"SMITH"},{"data":"Pommel Strike","floor":13,"key":"SMITH"},{"data":"Inflame","floor":15,"key":"SMITH"},{"data":"Dark Embrace","floor":23,"key":"SMITH"},{"data":"Demon Form","floor":25,"key":"SMITH"},{"floor":29,"key":"REST"},{"floor":32,"key":"REST"}],"neow_cost":"NONE","seed_source_timestamp":148978791464395,"circlet_count":0,"master_deck":["Strike_R","Strike_R","Strike_R","Strike_R","Strike_R","Defend_R","Defend_R","Defend_R","Defend_R","Bash","Wild Strike+1","Whirlwind+1","Sever Soul","Injury","Warcry","Pommel Strike+1","Inflame+1","Perfected Strike","Demon Form+1","Iron Wave","Sword Boomerang+1","Shrug It Off","Shrug It Off","Dark Embrace+1","Whirlwind","Writhe","Impervious","Power Through","Havoc+1","Intimidate"],"relics":["Burning Blood","Golden Idol","Shuriken","Gremlin Horn","Bronze Scales","Cursed Key","Mango"],"potions_floor_usage":[3,7,16,16,16,16,21,24,30,31],"damage_taken":[{"damage":5,"enemies":"Small Slimes","floor":1,"turns":3},{"damage":2,"enemies":"Jaw Worm","floor":2,"turns":3},{"damage":0,"enemies":"2 Louse","floor":3,"turns":1},{"damage":40,"enemies":"3 Sentries","floor":7,"turns":6},{"damage":13,"enemies":"Red Slaver","floor":8,"turns":3},{"damage":7,"enemies":"Exordium Wildlife","floor":11,"turns":3},{"damage":0,"enemies":"Lots of Slimes","floor":14,"turns":1},{"damage":48,"enemies":"The Guardian","floor":16,"turns":11},{"damage":12,"enemies":"3 Byrds","floor":18,"turns":2},{"damage":18,"enemies":"2 Thieves","floor":20,"turns":3},{"damage":8,"enemies":"Centurion and Healer","floor":21,"turns":4},{"damage":18,"enemies":"Snecko","floor":24,"turns":4},{"damage":34,"enemies":"Shelled Parasite and Fungi","floor":27,"turns":4},{"damage":24,"enemies":"Snake Plant","floor":28,"turns":3},{"damage":12,"enemies":"Centurion and Healer","floor":30,"turns":5},{"damage":8,"enemies":"Snecko","floor":31,"turns":4},{"damage":83,"enemies":"Automaton","floor":33,"turns":6}],"seed_played":"-8537850716159387563","potions_obtained":[{"floor":1,"key":"Explosive Potion"},{"floor":3,"key":"BloodPotion"},{"floor":11,"key":"EntropicBrew"},{"floor":16,"key":"Ancient Potion"},{"floor":20,"key":"EssenceOfSteel"},{"floor":28,"key":"EssenceOfSteel"},{"floor":30,"key":"Ancient Potion"}],"is_trial":false,"path_per_floor":["M","M","M","?","?","R","E","M","T","R","M","T","R","M","R","B",null,"M","?","M","M","$","R","M","R","T","M","M","R","M","M","R","B"],"character_chosen":"IRONCLAD","items_purchased":["Shrug It Off","Dark Embrace","Whirlwind"],"campfire_rested":2,"item_purchase_floors":[22,22,22],"current_hp_per_floor":[88,88,88,88,88,88,62,55,55,55,54,54,54,60,60,33,88,82,82,70,68,68,68,56,56,70,42,24,54,48,46,76,0],"gold":254,"neow_bonus":"TEN_PERCENT_HP_BONUS","is_prod":false,"is_daily":false,"chose_seed":false,"campfire_upgraded":6,"win_rate":0,"timestamp":1561141718,"path_taken":["M","M","M","?","?","R","E","M","T","R","M","?","R","M","R","BOSS","M","?","M","M","$","R","?","R","T","M","M","R","M","M","R","BOSS"],"build_version":"2019-01-23","purchased_purges":0,"victory":false,"max_hp_per_floor":[88,88,88,88,88,88,88,88,88,88,88,88,88,88,88,88,88,88,88,88,88,88,88,88,88,102,102,102,102,102,102,102,102],"card_choices":[{"not_picked":["Rage","Ghostly Armor"],"picked":"Wild Strike","floor":1},{"not_picked":["Iron Wave","Havoc"],"picked":"Whirlwind","floor":2},{"not_picked":["Headbutt","Uppercut"],"picked":"Sever Soul","floor":3},{"not_picked":["Havoc","Intimidate"],"picked":"Warcry","floor":7},{"not_picked":["Clothesline","Thunderclap"],"picked":"Pommel Strike","floor":8},{"not_picked":["Havoc","Rupture"],"picked":"Inflame","floor":11},{"not_picked":["Pommel Strike","Wild Strike"],"picked":"Perfected Strike","floor":14},{"not_picked":["Feed","Fiend Fire"],"picked":"Demon Form","floor":16},{"not_picked":["True Grit","Twin Strike"],"picked":"Iron Wave","floor":18},{"not_picked":["Perfected Strike","Rupture"],"picked":"Sword Boomerang+1","floor":20},{"not_picked":["True Grit+1","Clothesline"],"picked":"Shrug It Off","floor":21},{"not_picked":["Corruption","Perfected Strike","True Grit"],"picked":"SKIP","floor":24},{"not_picked":["Disarm","Infernal Blade"],"picked":"Impervious","floor":27},{"not_picked":["Fire Breathing","Clothesline+1"],"picked":"Power Through","floor":28},{"not_picked":["Cleave","Rampage"],"picked":"Havoc+1","floor":30},{"not_picked":["Thunderclap","Cleave"],"picked":"Intimidate","floor":31}],"player_experience":458892,"relics_obtained":[{"floor":7,"key":"Shuriken"},{"floor":9,"key":"Gremlin Horn"},{"floor":12,"key":"Bronze Scales"},{"floor":26,"key":"Mango"}],"event_choices":[{"damage_healed":0,"gold_gain":0,"player_choice":"Take Wound","damage_taken":0,"relics_obtained":["Golden Idol"],"max_hp_gain":0,"max_hp_loss":0,"event_name":"Golden Idol","floor":4,"gold_loss":0,"cards_obtained":["Injury"]},{"damage_healed":0,"gold_gain":0,"player_choice":"Ignored","damage_taken":0,"max_hp_gain":0,"max_hp_loss":0,"event_name":"Liars Game","floor":5,"gold_loss":0},{"damage_healed":0,"gold_gain":0,"player_choice":"Bet on Owner","damage_taken":0,"max_hp_gain":0,"max_hp_loss":0,"event_name":"The Joust","floor":19,"gold_loss":50}],"is_beta":false,"boss_relics":[{"not_picked":["Lizard Tail","Calling Bell"],"picked":"Cursed Key"}],"items_purged_floors":[],"is_endless":false,"potions_floor_spawned":[1,3,11,16,20,28,30],"killed_by":"Automaton","ascension_level":4}