{"gold_per_floor":[119,119,137,157,28,61,61,77,77,93,93,121,132,132,132,237,237,249,30,305,158,188,188,204,223,223,241,241,241,241,260,260,355,355,366,241,261,261,261,261,261,284,308,308],"floor_reached":44,"playtime":1816,"items_purged":["Strike_R","Regret","Bash"],"score":587,"play_id":"3a8326e7-5b22-422e-8005-f492924665ac","local_time":"20190210213932","is_ascension_mode":true,"campfire_choices":[{"floor":11,"key":"REST"},{"floor":15,"key":"REST"},{"data":"Armaments","floor":23,"key":"SMITH"},{"floor":29,"key":"REST"},{"data":"Armaments","floor":32,"key":"SMITH"},{"floor":40,"key":"REST"}],"neow_cost":"NONE","seed_source_timestamp":909406824849969,"circlet_count":0,"master_deck":["Uppercut","Cleave","Shockwave","Armaments+1","Metallicize","Iron Wave","Impervious","Sever Soul","Cleave","Clash","Rage","Inflame","Clash","Offering","Whirlwind","Armaments+1","Inflame","Heavy Blade","Thunderclap","Cleave+1","Bite+1","Bite+1","Bite+1","Bite+1","Bite+1","Spot Weakness+1","Feed+1"],"relics":["Burning Blood","Pen Nib","Bottled Lightning","Singing Bowl","Dream Catcher","Letter Opener","Pandora\u0027s Box","Juzu Bracelet","Tiny Chest","Molten Egg 2","Toxic Egg 2","Snecko Eye","Ancient Tea Set","Oddly Smooth Stone"],"potions_floor_usage":[6,6,16,33],"damage_taken":[{"damage":13,"enemies":"2 Louse","floor":1,"turns":3},{"damage":13,"enemies":"Small Slimes","floor":3,"turns":3},{"damage":10,"enemies":"Cultist","floor":4,"turns":4},{"damage":37,"enemies":"Lagavulin","floor":6,"turns":8},{"damage":0,"enemies":"2 Fungi Beasts","floor":8,"turns":4},{"damage":4,"enemies":"Blue Slaver","floor":10,"turns":4},{"damage":28,"enemies":"Gremlin Nob","floor":12,"turns":4},{"damage":3,"enemies":"Exordium Wildlife","floor":13,"turns":4},{"damage":42,"enemies":"Slime Boss","floor":16,"turns":13},{"damage":25,"enemies":"Spheric Guardian","floor":18,"turns":4},{"damage":10,"enemies":"Shell Parasite","floor":24,"turns":3},{"damage":27,"enemies":"Sentry and Sphere","floor":25,"turns":4},{"damage":10,"enemies":"Chosen and Byrds","floor":27,"turns":4},{"damage":15,"enemies":"Snake Plant","floor":31,"turns":4},{"damage":96,"enemies":"Automaton","floor":33,"turns":8},{"damage":24,"enemies":"3 Shapes","floor":35,"turns":5},{"damage":30,"enemies":"Orb Walker","floor":37,"turns":4},{"damage":86,"enemies":"Sphere and 2 Shapes","floor":44,"turns":5}],"seed_played":"40363287591608270","potions_obtained":[{"floor":1,"key":"Ancient Potion"},{"floor":4,"key":"Regen Potion"},{"floor":8,"key":"Energy Potion"},{"floor":18,"key":"Explosive Potion"},{"floor":25,"key":"FairyPotion"},{"floor":33,"key":"LiquidBronze"},{"floor":37,"key":"Strength Potion"}],"is_trial":false,"path_per_floor":["M","?","M","M","$","E","$","M","T","M","R","E","M","?","R","B",null,"M","$","?","$","?","R","M","M","T","M","?","R","T","M","R","B",null,"M","$","M","?","?","R","?","T","T","M"],"character_chosen":"IRONCLAD","items_purchased":["Armaments","Juzu Bracelet","Inflame","Heavy Blade"],"campfire_rested":4,"item_purchase_floors":[5,19,19,21],"current_hp_per_floor":[65,49,42,38,38,22,22,28,28,30,54,34,39,32,59,23,70,51,51,51,51,51,51,47,28,28,24,24,44,44,44,44,15,51,51,51,41,41,41,64,64,64,64,0],"gold":308,"neow_bonus":"RANDOM_COMMON_RELIC","is_prod":false,"is_daily":false,"chose_seed":false,"campfire_upgraded":2,"win_rate":0,"timestamp":1549852772,"path_taken":["M","?","M","M","$","E","$","M","T","M","R","E","M","?","R","BOSS","M","$","?","$","?","R","M","M","T","M","?","R","?","M","R","BOSS","M","$","M","?","?","R","?","?","T","M"],"build_version":"2019-01-23","purchased_purges":3,"victory":false,"max_hp_per_floor":[80,80,80,80,80,80,80,80,80,80,80,82,84,84,86,86,86,86,86,86,86,86,86,86,88,88,88,61,63,63,63,63,63,63,69,69,71,71,71,73,73,73,73,77],"card_choices":[{"not_picked":["Corruption","Hemokinesis"],"picked":"Uppercut","floor":1},{"not_picked":["Iron Wave","Pommel Strike"],"picked":"Cleave","floor":3},{"not_picked":["Warcry","Havoc"],"picked":"Shockwave","floor":4},{"not_picked":["Dropkick","Warcry"],"picked":"Spot Weakness","floor":6},{"not_picked":["Intimidate","Second Wind"],"picked":"Metallicize","floor":8},{"not_picked":["Anger","Headbutt"],"picked":"Iron Wave","floor":10},{"not_picked":["Sword Boomerang","Battle Trance","Offering"],"picked":"Singing Bowl","floor":12},{"not_picked":["Flex","Warcry","Body Slam"],"picked":"Singing Bowl","floor":13},{"not_picked":["Headbutt","Entrench","Dual Wield"],"picked":"Singing Bowl","floor":15},{"not_picked":["Offering","Dark Embrace"],"picked":"Impervious","floor":16},{"not_picked":["Rage","Clash+1"],"picked":"Armaments","floor":18},{"not_picked":["Sword Boomerang","Cleave+1"],"picked":"Thunderclap","floor":24},{"not_picked":["Battle Trance+1","Sentinel","Berserk"],"picked":"Singing Bowl","floor":25},{"not_picked":["True Grit","Sentinel"],"picked":"Cleave+1","floor":27},{"not_picked":["Body Slam+1","Ghostly Armor","Armaments"],"picked":"Singing Bowl","floor":29},{"not_picked":["Pommel Strike+1","Headbutt+1"],"picked":"Spot Weakness+1","floor":31},{"not_picked":["Barricade","Fiend Fire+1"],"picked":"Feed+1","floor":33},{"not_picked":["Hemokinesis+1","Corruption+1","Thunderclap+1"],"picked":"Singing Bowl","floor":35},{"not_picked":["Clothesline+1","Perfected Strike+1","Headbutt+1"],"picked":"Singing Bowl","floor":37},{"not_picked":["Twin Strike+1","Feel No Pain","Second Wind+1"],"picked":"Singing Bowl","floor":40}],"player_experience":204420,"relics_obtained":[{"floor":6,"key":"Bottled Lightning"},{"floor":9,"key":"Singing Bowl"},{"floor":12,"key":"Dream Catcher"},{"floor":26,"key":"Molten Egg 2"},{"floor":30,"key":"Toxic Egg 2"},{"floor":42,"key":"Ancient Tea Set"},{"floor":43,"key":"Oddly Smooth Stone"}],"event_choices":[{"damage_healed":0,"gold_gain":0,"player_choice":"Entered Light","damage_taken":16,"max_hp_gain":0,"max_hp_loss":0,"event_name":"Shining Light","floor":2,"gold_loss":0,"cards_upgraded":["Defend_R","Defend_R"]},{"damage_healed":0,"gold_gain":0,"player_choice":"Success","damage_taken":7,"relics_obtained":["Letter Opener"],"max_hp_gain":0,"max_hp_loss":0,"event_name":"Scrap Ooze","floor":14,"gold_loss":0},{"damage_healed":0,"gold_gain":275,"player_choice":"Desecrate","damage_taken":0,"max_hp_gain":0,"max_hp_loss":0,"event_name":"Golden Shrine","floor":20,"gold_loss":0,"cards_obtained":["Regret"]},{"damage_healed":0,"gold_gain":0,"player_choice":"Opened","damage_taken":0,"relics_obtained":["Tiny Chest"],"max_hp_gain":0,"max_hp_loss":0,"event_name":"The Mausoleum","floor":22,"gold_loss":0},{"damage_healed":0,"gold_gain":0,"player_choice":"Became a vampire","damage_taken":0,"max_hp_gain":0,"max_hp_loss":27,"event_name":"Vampires","floor":28,"gold_loss":0,"cards_obtained":["Bite","Bite","Bite","Bite","Bite"]},{"cards_removed":["Spot Weakness"],"damage_healed":0,"gold_gain":0,"player_choice":"Removed Skill","damage_taken":0,"max_hp_gain":0,"max_hp_loss":0,"event_name":"Falling","floor":38,"gold_loss":0},{"damage_healed":0,"gold_gain":0,"player_choice":"Ignored","damage_taken":0,"max_hp_gain":0,"max_hp_loss":0,"event_name":"SecretPortal","floor":39,"gold_loss":0},{"damage_healed":0,"gold_gain":0,"player_choice":"Ignored","damage_taken":0,"max_hp_gain":0,"max_hp_loss":0,"event_name":"Mysterious Sphere","floor":41,"gold_loss":0}],"is_beta":false,"boss_relics":[{"not_picked":["Runic Dome","Eternal Feather"],"picked":"Pandora\u0027s Box"},{"not_picked":["White Beast Statue","Empty Cage"],"picked":"Snecko Eye"}],"items_purged_floors":[5,21,36],"is_endless":false,"potions_floor_spawned":[1,4,8,18,25,33,37],"killed_by":"Sphere and 2 Shapes","ascension_level":7}