{"gold_per_floor":[118,137,149,165,182,182,25,52,97,113,127,188,173,191,191,294,294,310,328,328,341,358,385,385,395,419,434,444,454,454,260,260,260],"floor_reached":33,"playtime":3523,"items_purged":["Defend_R"],"score":304,"play_id":"81739e83-8ae9-4bce-a767-b09e82d1c69b","local_time":"20190505171335","is_ascension_mode":false,"campfire_choices":[{"data":"Cleave","floor":6,"key":"SMITH"},{"floor":15,"key":"REST"},{"floor":24,"key":"REST"},{"data":"Body Slam","floor":32,"key":"SMITH"}],"neow_cost":"NONE","seed_source_timestamp":630262203741863,"circlet_count":0,"master_deck":["Defend_R+1","Defend_R","Defend_R","Bash","Shrug It Off","Twin Strike+1","Cleave+1","Flame Barrier","Blood for Blood","Dual Wield","Impervious","Infernal Blade","Immolate","Clash+1","Cleave","Anger+1","Hemokinesis","Dropkick","Body Slam+1","Headbutt","Bite","Bite","Bite","Bite","Bite"],"relics":["Black Blood","Whetstone","Incense Burner","Bag of Marbles","Self Forming Clay","Nilry\u0027s Codex","Smiling Mask","Vajra","Strawberry"],"potions_floor_usage":[4,12,12,16,16,21,22,28,33],"damage_taken":[{"damage":7,"enemies":"2 Louse","floor":1,"turns":4},{"damage":0,"enemies":"Small Slimes","floor":2,"turns":3},{"damage":9,"enemies":"Jaw Worm","floor":3,"turns":5},{"damage":12,"enemies":"Exordium Thugs","floor":4,"turns":6},{"damage":1,"enemies":"2 Fungi Beasts","floor":5,"turns":4},{"damage":32,"enemies":"Lagavulin","floor":8,"turns":7},{"damage":0,"enemies":"Lots of Slimes","floor":10,"turns":3},{"damage":13,"enemies":"Gremlin Gang","floor":11,"turns":3},{"damage":6,"enemies":"3 Sentries","floor":12,"turns":8},{"damage":4,"enemies":"Exordium Thugs","floor":13,"turns":4},{"damage":2,"enemies":"Blue Slaver","floor":14,"turns":5},{"damage":36,"enemies":"Slime Boss","floor":16,"turns":14},{"damage":8,"enemies":"Shell Parasite","floor":18,"turns":8},{"damage":10,"enemies":"3 Byrds","floor":19,"turns":5},{"damage":12,"enemies":"Centurion and Healer","floor":21,"turns":5},{"damage":0,"enemies":"Cultist and Chosen","floor":22,"turns":3},{"damage":42,"enemies":"Book of Stabbing","floor":23,"turns":7},{"damage":24,"enemies":"Snake Plant","floor":25,"turns":6},{"damage":14,"enemies":"Shelled Parasite and Fungi","floor":27,"turns":3},{"damage":15,"enemies":"Snecko","floor":28,"turns":3},{"damage":3,"enemies":"Snake Plant","floor":29,"turns":3},{"damage":88,"enemies":"Automaton","floor":33,"turns":12}],"seed_played":"-3745089561587727294","potions_obtained":[{"floor":2,"key":"Explosive Potion"},{"floor":10,"key":"BloodPotion"},{"floor":11,"key":"FearPotion"},{"floor":12,"key":"Energy Potion"},{"floor":14,"key":"Regen Potion"},{"floor":18,"key":"FearPotion"},{"floor":21,"key":"Fire Potion"},{"floor":22,"key":"SpeedPotion"},{"floor":27,"key":"AttackPotion"}],"is_trial":false,"path_per_floor":["M","M","M","M","M","R","$","E","T","M","M","?","M","M","R","B",null,"M","M","?","M","M","E","R","M","T","M","M","M","?","$","R","B"],"character_chosen":"IRONCLAD","items_purchased":["Whetstone","Strawberry"],"campfire_rested":2,"item_purchase_floors":[7,31],"current_hp_per_floor":[79,80,77,71,76,76,76,50,50,56,49,57,59,63,80,60,80,80,80,64,62,72,40,64,50,50,46,41,48,48,55,55,0],"gold":260,"neow_bonus":"UPGRADE_CARD","is_prod":false,"is_daily":false,"chose_seed":false,"campfire_upgraded":2,"win_rate":0,"timestamp":1557101615,"path_taken":["M","M","M","M","M","R","$","E","T","M","M","?","M","M","R","BOSS","M","M","?","M","M","E","R","M","T","M","M","M","?","$","R","BOSS"],"build_version":"2019-01-23","purchased_purges":1,"victory":false,"max_hp_per_floor":[80,80,80,80,80,80,80,80,80,80,80,80,80,80,80,80,80,80,80,80,80,80,80,80,80,80,80,80,80,56,63,63,63],"card_choices":[{"not_picked":["Anger","Body Slam"],"picked":"Shrug It Off","floor":1},{"not_picked":["Perfected Strike","Ghostly Armor"],"picked":"Twin Strike","floor":2},{"not_picked":["Body Slam","True Grit"],"picked":"Cleave","floor":3},{"not_picked":["Evolve","Flex"],"picked":"Flame Barrier","floor":4},{"not_picked":["Rage","Wild Strike","Brutality"],"picked":"SKIP","floor":5},{"not_picked":["True Grit","Wild Strike"],"picked":"Blood for Blood","floor":8},{"not_picked":["Clash","Fire Breathing"],"picked":"Dual Wield","floor":10},{"not_picked":["Disarm","Corruption","Sword Boomerang"],"picked":"SKIP","floor":11},{"not_picked":["Sword Boomerang","Disarm"],"picked":"Impervious","floor":12},{"not_picked":["Shrug It Off","Flex","Havoc"],"picked":"SKIP","floor":13},{"not_picked":["True Grit","Pommel Strike"],"picked":"Infernal Blade","floor":14},{"not_picked":["Exhume","Fiend Fire"],"picked":"Immolate","floor":16},{"not_picked":["Heavy Blade","Twin Strike"],"picked":"Clash+1","floor":18},{"not_picked":["Thunderclap","Sword Boomerang+1"],"picked":"Cleave","floor":19},{"not_picked":["Wild Strike+1","Heavy Blade"],"picked":"Anger+1","floor":21},{"not_picked":["Twin Strike","Heavy Blade"],"picked":"Hemokinesis","floor":22},{"not_picked":["Reaper","Iron Wave+1"],"picked":"Dropkick","floor":23},{"not_picked":["Burning Pact+1","Sword Boomerang"],"picked":"Body Slam","floor":25},{"not_picked":["Inflame","Warcry","Armaments"],"picked":"SKIP","floor":27},{"not_picked":["Perfected Strike","Corruption"],"picked":"Headbutt","floor":28},{"not_picked":["Anger","True Grit+1","Heavy Blade"],"picked":"SKIP","floor":29}],"player_experience":106753,"relics_obtained":[{"floor":8,"key":"Incense Burner"},{"floor":9,"key":"Bag of Marbles"},{"floor":12,"key":"Self Forming Clay"},{"floor":20,"key":"Nilry\u0027s Codex"},{"floor":23,"key":"Smiling Mask"},{"floor":26,"key":"Vajra"}],"event_choices":[{"damage_healed":0,"gold_gain":0,"player_choice":"Searched \u00271\u0027 times","damage_taken":0,"max_hp_gain":0,"max_hp_loss":0,"event_name":"Dead Adventurer","floor":12,"gold_loss":0},{"damage_healed":0,"gold_gain":0,"player_choice":"Obtained Book","damage_taken":16,"max_hp_gain":0,"max_hp_loss":0,"event_name":"Cursed Tome","floor":20,"gold_loss":0},{"damage_healed":0,"gold_gain":0,"player_choice":"Became a vampire","damage_taken":0,"max_hp_gain":0,"max_hp_loss":24,"event_name":"Vampires","floor":30,"gold_loss":0,"cards_obtained":["Bite","Bite","Bite","Bite","Bite"]}],"is_beta":false,"boss_relics":[{"not_picked":["Eternal Feather","Coffee Dripper"],"picked":"Black Blood"}],"items_purged_floors":[31],"is_endless":false,"potions_floor_spawned":[2,10,11,12,14,18,21,22,27],"killed_by":"Automaton","ascension_level":0}