{"gold_per_floor":[113,61,80,90,102,129,129,129,129,139,168,186,242,242],"floor_reached":14,"playtime":1073,"items_purged":[],"score":102,"play_id":"9f93dae4-6fc5-4bd0-8069-c2a053180189","local_time":"20190428104616","is_ascension_mode":false,"campfire_choices":[{"floor":7,"key":"REST"}],"neow_cost":"NONE","seed_source_timestamp":4667236882437,"circlet_count":0,"master_deck":["Strike_B","Strike_B","Strike_B","Strike_B","Defend_B","Defend_B","Defend_B","Defend_B","Zap","Dualcast","Steam","Redo","FTL","Melter","Streamline","Chaos","Gash","Defragment","Lockon","Doom and Gloom"],"relics":["Cracked Core","Dream Catcher","PreservedInsect","Pear","Letter Opener","Potion Belt"],"potions_floor_usage":[],"damage_taken":[{"damage":0,"enemies":"Cultist","floor":1,"turns":3},{"damage":0,"enemies":"Small Slimes","floor":3,"turns":3},{"damage":1,"enemies":"Jaw Worm","floor":4,"turns":3},{"damage":7,"enemies":"3 Louse","floor":5,"turns":3},{"damage":31,"enemies":"Lagavulin","floor":6,"turns":7},{"damage":0,"enemies":"Large Slime","floor":10,"turns":4},{"damage":27,"enemies":"3 Sentries","floor":11,"turns":4},{"damage":20,"enemies":"Exordium Thugs","floor":12,"turns":4},{"damage":17,"enemies":"3 Sentries","floor":13,"turns":5},{"damage":8,"enemies":"Lots of Slimes","floor":14,"turns":1}],"seed_played":"-5077115568681897292","potions_obtained":[{"floor":3,"key":"Explosive Potion"},{"floor":4,"key":"SteroidPotion"},{"floor":5,"key":"EssenceOfSteel"}],"is_trial":false,"path_per_floor":["M","$","M","M","M","E","R","?","T","M","E","M","?","M"],"character_chosen":"DEFECT","items_purchased":["Redo"],"campfire_rested":1,"item_purchase_floors":[2],"current_hp_per_floor":[75,75,75,74,67,36,58,58,68,68,41,21,4,0],"gold":242,"neow_bonus":"RANDOM_COMMON_RELIC","is_prod":false,"is_daily":false,"chose_seed":false,"campfire_upgraded":0,"win_rate":0.0,"timestamp":1556473576,"path_taken":["M","$","M","M","M","E","R","?","T","M","E","?","?","M"],"build_version":"2019-01-23","purchased_purges":0,"victory":false,"max_hp_per_floor":[75,75,75,75,75,75,75,75,85,85,85,85,85,85],"card_choices":[{"not_picked":["Barrage","Skim"],"picked":"Steam","floor":1},{"not_picked":["Force Field","Chill"],"picked":"FTL","floor":3},{"not_picked":["Cold Snap","Force Field"],"picked":"Melter","floor":4},{"not_picked":["Hologram","Tempest"],"picked":"Streamline","floor":5},{"not_picked":["Fission","Hello World"],"picked":"Chaos","floor":6},{"not_picked":["Reprogram","Steam"],"picked":"Gash","floor":7},{"not_picked":["Hello World","Tempest","Steam"],"picked":"SKIP","floor":10},{"not_picked":["Darkness","Steam"],"picked":"Defragment","floor":11},{"not_picked":["Coolheaded","Ball Lightning"],"picked":"Lockon","floor":12},{"not_picked":["White Noise","Lockon"],"picked":"Doom and Gloom","floor":13}],"player_experience":23985,"relics_obtained":[{"floor":6,"key":"PreservedInsect"},{"floor":9,"key":"Pear"},{"floor":11,"key":"Letter Opener"},{"floor":13,"key":"Potion Belt"}],"event_choices":[{"damage_healed":0,"gold_gain":0,"player_choice":"Bought 0 Potions","damage_taken":0,"max_hp_gain":0,"max_hp_loss":0,"event_name":"The Woman in Blue","floor":8,"gold_loss":0},{"damage_healed":0,"gold_gain":0,"player_choice":"Searched \u00271\u0027 times","damage_taken":0,"max_hp_gain":0,"max_hp_loss":0,"event_name":"Dead Adventurer","floor":13,"gold_loss":0}],"is_beta":false,"boss_relics":[],"items_purged_floors":[],"is_endless":false,"potions_floor_spawned":[3,4,5,12],"killed_by":"Lots of Slimes","ascension_level":0}