{"gold_per_floor":[119,119,132,132,132,163,178,195,243,243,278,289,289,317,317,392,392,408,424,474,245,260,260,280,298,298,298,130,130,145,70,70,147,147,158,11,11,11,28,28,28,58,58,58,58,71,71,89,89,89],"floor_reached":50,"playtime":1757,"items_purged":[],"score":1010,"play_id":"1523de8c-ceef-45ab-b51b-601f8407916d","local_time":"20190613225945","is_ascension_mode":true,"campfire_choices":[{"data":"Seeing Red","floor":10,"key":"SMITH"},{"data":"Headbutt","floor":13,"key":"SMITH"},{"data":"Perfected Strike","floor":15,"key":"SMITH"},{"floor":23,"key":"REST"},{"floor":27,"key":"REST"},{"floor":32,"key":"REST"},{"floor":40,"key":"REST"},{"floor":47,"key":"REST"},{"floor":49,"key":"REST"}],"neow_cost":"NONE","seed_source_timestamp":85562255775007,"circlet_count":0,"master_deck":["AscendersBane","Strike_R","Strike_R","Strike_R","Strike_R","Strike_R","Defend_R+1","Defend_R","Defend_R","Bash+1","Perfected Strike+1","Perfected Strike+1","Seeing Red+1","Twin Strike","Feed","Headbutt+1","Double Tap","Headbutt+1","Pommel Strike","True Grit","Warcry+1","Juggernaut","Armaments","Flame Barrier","Shrug It Off","Armaments+1","Doubt","Wild Strike","Parasite"],"relics":["Burning Blood","NeowsBlessing","Pear","Lantern","Strawberry","Odd Mushroom","Fusion Hammer","Regal Pillow","Potion Belt","Juzu Bracelet","White Beast Statue","Oddly Smooth Stone","Blue Candle"],"potions_floor_usage":[7,7,8,14,14,33,35,42,42,42,46,50,50,50],"damage_taken":[{"damage":0,"enemies":"2 Louse","floor":1,"turns":1},{"damage":0,"enemies":"Small Slimes","floor":3,"turns":1},{"damage":0,"enemies":"Gremlin Nob","floor":6,"turns":1},{"damage":0,"enemies":"Jaw Worm","floor":7,"turns":1},{"damage":0,"enemies":"Blue Slaver","floor":8,"turns":1},{"damage":25,"enemies":"3 Sentries","floor":11,"turns":6},{"damage":9,"enemies":"Exordium Thugs","floor":12,"turns":3},{"damage":14,"enemies":"The Mushroom Lair","floor":14,"turns":4},{"damage":23,"enemies":"Slime Boss","floor":16,"turns":8},{"damage":24,"enemies":"Shell Parasite","floor":18,"turns":3},{"damage":0,"enemies":"Spheric Guardian","floor":19,"turns":1},{"damage":18,"enemies":"Snecko","floor":22,"turns":3},{"damage":40,"enemies":"Centurion and Healer","floor":24,"turns":7},{"damage":0,"enemies":"Chosen and Byrds","floor":25,"turns":3},{"damage":24,"enemies":"Snake Plant","floor":30,"turns":2},{"damage":94,"enemies":"Champ","floor":33,"turns":8},{"damage":69,"enemies":"3 Darklings","floor":35,"turns":6},{"damage":34,"enemies":"3 Shapes","floor":39,"turns":5},{"damage":91,"enemies":"Nemesis","floor":42,"turns":9},{"damage":68,"enemies":"3 Darklings","floor":46,"turns":8},{"damage":33,"enemies":"Writhing Mass","floor":48,"turns":5},{"damage":141,"enemies":"Time Eater","floor":50,"turns":9}],"seed_played":"-7549716690841311444","potions_obtained":[{"floor":3,"key":"AttackPotion"},{"floor":6,"key":"SkillPotion"},{"floor":7,"key":"Fire Potion"},{"floor":11,"key":"EssenceOfSteel"},{"floor":12,"key":"AttackPotion"},{"floor":24,"key":"BloodPotion"},{"floor":30,"key":"SneckoOil"},{"floor":33,"key":"SpeedPotion"},{"floor":35,"key":"PowerPotion"},{"floor":39,"key":"SkillPotion"},{"floor":42,"key":"Dexterity Potion"},{"floor":46,"key":"Ancient Potion"},{"floor":48,"key":"FearPotion"}],"is_trial":false,"path_per_floor":["M","?","M","?","$","E","M","M","T","R","E","M","R","?","R","B",null,"M","M","?","$","M","R","M","M","T","R","$","?","M","?","R","B",null,"M","$","?","?","M","R","?","E","T","?","$","M","R","M","R","B"],"character_chosen":"IRONCLAD","items_purchased":["PowerPotion","Regal Pillow","Juzu Bracelet","Flame Barrier","Shrug It Off"],"campfire_rested":6,"item_purchase_floors":[21,21,28,36,36],"current_hp_per_floor":[74,51,57,57,57,73,79,88,88,88,79,79,79,77,77,63,98,80,86,86,86,74,110,79,85,85,113,113,113,98,98,116,28,94,42,42,65,65,43,94,94,9,9,122,122,60,111,87,125,0],"gold":89,"neow_bonus":"THREE_ENEMY_KILL","is_prod":false,"is_daily":false,"chose_seed":false,"campfire_upgraded":3,"win_rate":0,"timestamp":1560491985,"path_taken":["M","?","M","?","$","E","M","?","T","R","E","M","R","?","R","BOSS","M","M","?","$","M","R","M","M","T","R","$","?","M","?","R","BOSS","M","$","?","?","M","R","?","E","T","?","?","M","R","M","R","BOSS"],"build_version":"2019-01-23","purchased_purges":0,"victory":false,"max_hp_per_floor":[75,75,75,75,75,85,85,88,88,88,98,101,101,107,107,110,110,110,110,110,110,110,110,113,113,113,113,113,113,116,116,116,116,116,116,116,116,116,122,122,122,122,122,122,122,122,122,125,125,125],"card_choices":[{"not_picked":["Flex","Thunderclap"],"picked":"Perfected Strike","floor":1},{"not_picked":["Combust","Pommel Strike"],"picked":"Perfected Strike","floor":3},{"not_picked":["Shockwave","Reckless Charge"],"picked":"Seeing Red","floor":6},{"not_picked":["Infernal Blade","Iron Wave"],"picked":"Feed","floor":7},{"not_picked":["Searing Blow","Intimidate"],"picked":"Twin Strike","floor":8},{"not_picked":["Reckless Charge","Cleave"],"picked":"Feed","floor":11},{"not_picked":["Entrench","Dropkick"],"picked":"Headbutt","floor":12},{"not_picked":["Barricade","Fiend Fire"],"picked":"Double Tap","floor":16},{"not_picked":["Rage","Searing Blow","Intimidate"],"picked":"SKIP","floor":18},{"not_picked":["Wild Strike","Heavy Blade"],"picked":"Headbutt+1","floor":19},{"not_picked":["Dropkick","Demon Form","Rupture"],"picked":"SKIP","floor":22},{"not_picked":["Body Slam","Clothesline"],"picked":"Pommel Strike","floor":24},{"not_picked":["Clothesline","Flex"],"picked":"True Grit","floor":25},{"not_picked":["Pommel Strike+1","Combust"],"picked":"Warcry+1","floor":30},{"not_picked":["Barricade","Limit Break"],"picked":"Juggernaut","floor":33},{"not_picked":["Flex","Heavy Blade"],"picked":"Armaments","floor":35},{"not_picked":["Havoc+1","Rage"],"picked":"Armaments+1","floor":39},{"not_picked":["Rupture","Whirlwind","Thunderclap"],"picked":"SKIP","floor":42},{"not_picked":["Perfected Strike","Rupture"],"picked":"Wild Strike","floor":46},{"not_picked":["Headbutt","Blood for Blood","Entrench+1"],"picked":"SKIP","floor":48}],"player_experience":1007416,"relics_obtained":[{"floor":6,"key":"Pear"},{"floor":9,"key":"Lantern"},{"floor":11,"key":"Strawberry"},{"floor":14,"key":"Odd Mushroom"},{"floor":26,"key":"Potion Belt"},{"floor":42,"key":"Oddly Smooth Stone"},{"floor":43,"key":"Blue Candle"}],"event_choices":[{"damage_healed":0,"gold_gain":0,"player_choice":"Entered Light","damage_taken":23,"max_hp_gain":0,"max_hp_loss":0,"event_name":"Shining Light","floor":2,"gold_loss":0,"cards_upgraded":["Defend_R","Perfected Strike"]},{"damage_healed":0,"gold_gain":0,"player_choice":"Grow","damage_taken":0,"max_hp_gain":0,"max_hp_loss":0,"event_name":"Living Wall","floor":4,"gold_loss":0,"cards_upgraded":["Bash"]},{"damage_healed":0,"gold_gain":0,"player_choice":"Fought Mushrooms","damage_taken":0,"max_hp_gain":0,"max_hp_loss":0,"event_name":"Mushrooms","floor":14,"gold_loss":0},{"damage_healed":0,"gold_gain":50,"player_choice":"Pray","damage_taken":0,"max_hp_gain":0,"max_hp_loss":0,"event_name":"Golden Shrine","floor":20,"gold_loss":0},{"damage_healed":0,"gold_gain":0,"player_choice":"Ignored","damage_taken":0,"max_hp_gain":0,"max_hp_loss":0,"event_name":"Ghosts","floor":29,"gold_loss":0},{"cards_removed":["Defend_R"],"damage_healed":0,"gold_gain":0,"player_choice":"Gave Gold","damage_taken":0,"max_hp_gain":0,"max_hp_loss":0,"event_name":"Beggar","floor":31,"gold_loss":75},{"damage_healed":23,"gold_gain":0,"player_choice":"Writhe","damage_taken":0,"max_hp_gain":0,"max_hp_loss":0,"event_name":"Winding Halls","floor":37,"gold_loss":0,"cards_obtained":["Writhe"]},{"cards_removed":["Writhe"],"damage_healed":0,"gold_gain":0,"player_choice":"Removed Curses","damage_taken":0,"max_hp_gain":0,"max_hp_loss":0,"event_name":"Fountain of Cleansing","floor":38,"gold_loss":0},{"cards_removed":["Feed"],"damage_healed":0,"gold_gain":0,"player_choice":"Removed Attack","damage_taken":0,"max_hp_gain":0,"max_hp_loss":0,"event_name":"Falling","floor":41,"gold_loss":0},{"damage_healed":113,"gold_gain":0,"player_choice":"Heal","damage_taken":0,"max_hp_gain":0,"max_hp_loss":0,"event_name":"MindBloom","floor":44,"gold_loss":0,"cards_obtained":["Doubt"]}],"is_beta":false,"boss_relics":[{"not_picked":["Orrery","Tiny House"],"picked":"Fusion Hammer"},{"not_picked":["Runic Cube","Calling Bell"],"picked":"White Beast Statue"}],"items_purged_floors":[],"is_endless":false,"potions_floor_spawned":[3,6,7,11,12,24,25,30,33,35,39,42,46,48],"killed_by":"Time Eater","ascension_level":18}