{"gold_per_floor":[110,110,110,135,24,24,67,67,92,92,106,73,138,152,152,280,280,300,313,326,21,21,21,65,65,65,84,84,103,103,117,117,248,248,262,14,35,51,31,31,56,56,56,76,95,18,18,34,34,34],"floor_reached":51,"playtime":3458,"items_purged":["Regret"],"score":967,"play_id":"ac90a1a9-eb93-475c-8253-4c98c83569a3","local_time":"20190216012039","is_ascension_mode":true,"campfire_choices":[{"floor":6,"key":"REST"},{"floor":10,"key":"REST"},{"floor":15,"key":"REST"},{"floor":23,"key":"REST"},{"floor":25,"key":"REST"},{"floor":28,"key":"REST"},{"floor":30,"key":"REST"},{"floor":32,"key":"REST"},{"floor":40,"key":"REST"},{"floor":42,"key":"REST"},{"floor":47,"key":"REST"},{"floor":49,"key":"REST"}],"neow_cost":"NONE","seed_source_timestamp":19047791759419,"circlet_count":0,"master_deck":["Defend_B","Defend_B","Defend_B","Defend_B","Zap","Dualcast","Sweeping Beam","Darkness","Scrape","Leap","Coolheaded","Cold Snap","Genetic Algorithm","Capacitor","Echo Form","Undo","Bite","Bite","Bite","Bite","Bite","Beam Cell+1","Conserve Battery+1","Beam Cell+1","Echo Form","Loop","Double Energy+1","Glacier","Go for the Eyes+1","Static Discharge+1","Stack","Conserve Battery","Gash+1"],"relics":["Cracked Core","Kunai","Golden Idol","Orichalcum","Happy Flower","Tiny Chest","Fusion Hammer","Bronze Scales","PreservedInsect","Molten Egg 2","Art of War","Sozu","Frozen Egg 2","Pen Nib"],"potions_floor_usage":[7,16,16,18,24,33,44,50],"damage_taken":[{"damage":5,"enemies":"Small Slimes","floor":1,"turns":3},{"damage":14,"enemies":"Jaw Worm","floor":4,"turns":4},{"damage":25,"enemies":"3 Sentries","floor":7,"turns":6},{"damage":0,"enemies":"Cultist","floor":11,"turns":3},{"damage":44,"enemies":"Gremlin Nob","floor":13,"turns":5},{"damage":2,"enemies":"2 Fungi Beasts","floor":14,"turns":3},{"damage":0,"enemies":"The Guardian","floor":16,"turns":13},{"damage":9,"enemies":"Spheric Guardian","floor":18,"turns":5},{"damage":2,"enemies":"Shell Parasite","floor":19,"turns":7},{"damage":31,"enemies":"Snake Plant","floor":20,"turns":6},{"damage":33,"enemies":"Slavers","floor":24,"turns":5},{"damage":17,"enemies":"Shelled Parasite and Fungi","floor":27,"turns":8},{"damage":9,"enemies":"Cultist and Chosen","floor":29,"turns":6},{"damage":9,"enemies":"Centurion and Healer","floor":31,"turns":7},{"damage":66,"enemies":"Automaton","floor":33,"turns":13},{"damage":17,"enemies":"Orb Walker","floor":35,"turns":4},{"damage":14,"enemies":"3 Shapes","floor":37,"turns":7},{"damage":52,"enemies":"Sphere and 2 Shapes","floor":38,"turns":6},{"damage":12,"enemies":"Maw","floor":41,"turns":11},{"damage":25,"enemies":"4 Shapes","floor":44,"turns":7},{"damage":24,"enemies":"3 Darklings","floor":45,"turns":6},{"damage":36,"enemies":"Writhing Mass","floor":48,"turns":6},{"damage":78,"enemies":"Donu and Deca","floor":50,"turns":11}],"seed_played":"-6776068197076095683","potions_obtained":[{"floor":4,"key":"Fire Potion"},{"floor":11,"key":"LiquidBronze"},{"floor":14,"key":"Dexterity Potion"},{"floor":16,"key":"Fruit Juice"},{"floor":20,"key":"SteroidPotion"},{"floor":24,"key":"Regen Potion"},{"floor":31,"key":"Block Potion"},{"floor":33,"key":"SteroidPotion"}],"is_trial":false,"path_per_floor":["M","?","?","M","$","R","E","?","T","R","M","$","E","M","R","B",null,"M","M","M","$","?","R","E","R","T","M","R","M","R","M","R","B",null,"M","$","M","M","?","R","M","R","T","M","M","$","R","M","R","B",null],"character_chosen":"DEFECT","items_purchased":["Scrape","Genetic Algorithm","Bronze Scales","PreservedInsect","Frozen Egg 2","Stack","Conserve Battery"],"campfire_rested":12,"item_purchase_floors":[5,12,21,21,36,46,46],"current_hp_per_floor":[65,65,47,35,35,57,34,34,34,56,58,58,16,16,38,40,66,64,64,35,35,35,59,36,60,60,65,80,75,80,80,80,39,70,63,63,55,13,13,37,45,69,69,69,57,57,80,54,78,18],"gold":34,"neow_bonus":"RANDOM_COMMON_RELIC","is_prod":false,"is_daily":false,"chose_seed":false,"campfire_upgraded":0,"win_rate":0,"timestamp":1550298039,"path_taken":["M","?","?","M","$","R","E","?","T","R","?","$","E","M","R","BOSS","M","M","M","$","?","R","E","R","T","M","R","M","R","M","R","BOSS","M","$","M","M","?","R","M","R","T","M","M","$","R","M","R","BOSS"],"build_version":"2019-01-23","purchased_purges":1,"victory":true,"max_hp_per_floor":[75,75,75,75,75,75,75,75,75,75,75,75,75,75,75,75,75,80,80,80,80,80,80,80,80,80,80,80,80,80,80,80,80,80,80,80,80,80,80,80,80,80,80,80,80,80,80,80,80,80],"card_choices":[{"not_picked":["Reinforced Body","Tempest"],"picked":"Sweeping Beam","floor":1},{"not_picked":["Streamline","Rebound"],"picked":"Darkness","floor":4},{"not_picked":["Streamline","Sweeping Beam"],"picked":"Leap","floor":7},{"not_picked":["Compile Driver","Leap"],"picked":"Cold Snap","floor":11},{"not_picked":["Cold Snap","Aggregate","Reinforced Body"],"picked":"SKIP","floor":13},{"not_picked":["Conserve Battery","Barrage"],"picked":"Capacitor","floor":14},{"not_picked":["Rainbow","Core Surge"],"picked":"Echo Form","floor":16},{"not_picked":["Scrape","Genetic Algorithm"],"picked":"Undo","floor":18},{"not_picked":["Cold Snap","Blizzard","Skim"],"picked":"SKIP","floor":19},{"not_picked":["Rebound","White Noise","Streamline"],"picked":"SKIP","floor":20},{"not_picked":["Barrage","Tempest","Turbo+1"],"picked":"SKIP","floor":24},{"not_picked":["Cold Snap+1","Skim"],"picked":"Beam Cell+1","floor":27},{"not_picked":["Aggregate","Capacitor"],"picked":"Conserve Battery+1","floor":29},{"not_picked":["Rebound+1","Amplify"],"picked":"Beam Cell+1","floor":31},{"not_picked":["Seek","All For One+1"],"picked":"Echo Form","floor":33},{"not_picked":["Turbo","Redo"],"picked":"Loop","floor":35},{"not_picked":["Cold Snap+1","Barrage+1"],"picked":"Double Energy+1","floor":37},{"not_picked":["Beam Cell+1","Gash+1"],"picked":"Glacier","floor":38},{"not_picked":["Thunder Strike+1","Tempest+1"],"picked":"Go for the Eyes+1","floor":41},{"not_picked":["Sweeping Beam+1","Cold Snap+1"],"picked":"Static Discharge+1","floor":44},{"not_picked":["Streamline+1","Undo","Rebound+1"],"picked":"SKIP","floor":45},{"not_picked":["Sweeping Beam+1","Conserve Battery+1"],"picked":"Gash+1","floor":48}],"player_experience":255604,"relics_obtained":[{"floor":7,"key":"Orichalcum"},{"floor":9,"key":"Happy Flower"},{"floor":13,"key":"Tiny Chest"},{"floor":24,"key":"Molten Egg 2"},{"floor":26,"key":"Art of War"},{"floor":43,"key":"Pen Nib"}],"event_choices":[{"damage_healed":0,"gold_gain":0,"player_choice":"Box","damage_taken":0,"relics_obtained":["Kunai"],"max_hp_gain":0,"max_hp_loss":0,"event_name":"Big Fish","floor":2,"gold_loss":0,"cards_obtained":["Regret"]},{"damage_healed":0,"gold_gain":0,"player_choice":"Take Damage","damage_taken":18,"relics_obtained":["Golden Idol"],"max_hp_gain":0,"max_hp_loss":0,"event_name":"Golden Idol","floor":3,"gold_loss":0},{"damage_healed":0,"gold_gain":0,"cards_transformed":["Strike_B"],"player_choice":"Transformed","damage_taken":0,"max_hp_gain":0,"max_hp_loss":0,"event_name":"Transmorgrifier","floor":8,"gold_loss":0,"cards_obtained":["Coolheaded"]},{"damage_healed":0,"gold_gain":0,"player_choice":"Became a vampire (Vial)","damage_taken":0,"max_hp_gain":0,"max_hp_loss":0,"event_name":"Vampires","floor":22,"relics_lost":["Blood Vial"],"gold_loss":0,"cards_obtained":["Bite","Bite","Bite","Bite","Bite"]},{"damage_healed":0,"gold_gain":0,"player_choice":"Bought 1 Potion","damage_taken":0,"max_hp_gain":0,"max_hp_loss":0,"event_name":"The Woman in Blue","floor":39,"gold_loss":0}],"is_beta":false,"boss_relics":[{"not_picked":["Snecko Eye","Runic Pyramid"],"picked":"Fusion Hammer"},{"not_picked":["Orrery","Inserter"],"picked":"Sozu"}],"items_purged_floors":[5],"is_endless":false,"potions_floor_spawned":[4,11,14,16,20,24,31,33,35,48],"ascension_level":7}