{"gold_per_floor":[117,117,117,32,107,138,138,170,170,187,187],"floor_reached":11,"playtime":325,"items_purged":[],"score":122,"play_id":"e0cfe997-c68d-4a47-b130-e63ab459949c","local_time":"20190312213146","is_ascension_mode":true,"campfire_choices":[{"floor":7,"key":"REST"}],"neow_cost":"NONE","seed_source_timestamp":2164892533310426,"circlet_count":0,"master_deck":["AscendersBane","Strike_R","Strike_R","Strike_R","Strike_R","Defend_R","Defend_R","Defend_R","Defend_R","Bash","Shrug It Off","Whirlwind","Rampage","Rupture","Combust"],"relics":["Burning Blood","Bag of Preparation","Orichalcum","Pen Nib","Molten Egg 2"],"potions_floor_usage":[],"damage_taken":[{"damage":11,"enemies":"2 Louse","floor":1,"turns":4},{"damage":42,"enemies":"3 Sentries","floor":6,"turns":6},{"damage":20,"enemies":"Gremlin Nob","floor":8,"turns":4},{"damage":1,"enemies":"Small Slimes","floor":10,"turns":3},{"damage":30,"enemies":"3 Sentries","floor":11,"turns":4}],"seed_played":"-4292689064229021379","potions_obtained":[],"is_trial":false,"path_per_floor":["M","?","?","$","?","E","R","E","T","M","E"],"character_chosen":"IRONCLAD","items_purchased":["Shrug It Off","Whirlwind"],"campfire_rested":1,"item_purchase_floors":[4,4],"current_hp_per_floor":[67,67,60,60,49,13,37,23,23,28,0],"gold":187,"neow_bonus":"RANDOM_COMMON_RELIC","is_prod":false,"is_daily":false,"chose_seed":false,"campfire_upgraded":0,"win_rate":0,"timestamp":1552440706,"path_taken":["M","?","?","$","?","E","R","E","T","M","E"],"build_version":"2019-01-23","purchased_purges":0,"victory":false,"max_hp_per_floor":[80,80,80,80,80,80,80,80,80,80,80],"card_choices":[{"not_picked":["True Grit","Havoc","Warcry"],"picked":"SKIP","floor":1},{"not_picked":["Ghostly Armor","Iron Wave"],"picked":"Rampage","floor":6},{"not_picked":["Second Wind","Anger"],"picked":"Rupture","floor":8},{"not_picked":["Rupture","Twin Strike+1"],"picked":"Combust","floor":10}],"player_experience":366336,"relics_obtained":[{"floor":6,"key":"Orichalcum"},{"floor":8,"key":"Pen Nib"},{"floor":9,"key":"Molten Egg 2"}],"event_choices":[{"damage_healed":0,"gold_gain":0,"player_choice":"Leave","damage_taken":0,"max_hp_gain":0,"max_hp_loss":0,"event_name":"The Cleric","floor":2,"gold_loss":0},{"cards_removed":["Strike_R"],"damage_healed":0,"gold_gain":0,"player_choice":"Card Removal","damage_taken":7,"max_hp_gain":0,"max_hp_loss":0,"event_name":"Golden Wing","floor":3,"gold_loss":0},{"damage_healed":0,"gold_gain":75,"player_choice":"Gather Gold","damage_taken":11,"max_hp_gain":0,"max_hp_loss":0,"event_name":"World of Goop","floor":5,"gold_loss":0}],"is_beta":false,"boss_relics":[],"items_purged_floors":[],"is_endless":false,"potions_floor_spawned":[],"killed_by":"3 Sentries","ascension_level":11}