{"gold_per_floor":[112,187,187,197,28,28,28,55,55,55,55,84,84,94,94,170,170,190,200,220,4,4,4,4,4,53,53,79,79,79,92,92,169,169,189,206,12,12,24,24,56,66,66,84,84,34,34,48,48,48],"floor_reached":51,"playtime":2706,"items_purged":["Regret"],"score":1287,"play_id":"40def939-5878-448d-af33-66da582c1c74","local_time":"20190702120845","is_ascension_mode":true,"campfire_choices":[{"floor":6.0,"key":"REST"},{"data":"Machine Learning","floor":11.0,"key":"SMITH"},{"data":"Leap","floor":13.0,"key":"SMITH"},{"data":"Steam","floor":15.0,"key":"SMITH"},{"data":"Streamline","floor":23.0,"key":"SMITH"},{"data":"Barrage","floor":27.0,"key":"SMITH"},{"floor":30.0,"key":"REST"},{"floor":32.0,"key":"REST"},{"floor":40,"key":"REST"},{"data":"Defragment","floor":45,"key":"SMITH"},{"data":"Undo","floor":49,"key":"SMITH"}],"neow_cost":"NONE","seed_source_timestamp":2607854209810,"circlet_count":0,"master_deck":["AscendersBane","Zap","Dualcast+1","Cold Snap","Machine Learning","Skim","Core Surge","Cold Snap","Turbo","Machine Learning+1","Leap+1","Streamline+1","FTL","Steam+1","Seek","Genetic Algorithm+1","Compile Driver","Barrage+1","Steam","Stack+1","Flash of Steel","Hologram+1","Force Field+1","Echo Form","Storm+1","Defragment+1","Coolheaded+1","BootSequence+1","Conserve Battery","Regret","Undo+1","Streamline+1"],"special_seed":0,"relics":["Pandora\u0027s Box","PreservedInsect","Strawberry","FossilizedHelix","Smiling Mask","Shuriken","Cursed Key","Ancient Tea Set","Blue Candle","Eternal Feather","Orichalcum","Bottled Tornado"],"potions_floor_usage":[44,48,50],"damage_taken":[{"damage":2.0,"enemies":"2 Louse","floor":1.0,"turns":2.0},{"damage":10.0,"enemies":"Jaw Worm","floor":4.0,"turns":3.0},{"damage":16.0,"enemies":"3 Sentries","floor":8.0,"turns":6.0},{"damage":9.0,"enemies":"Lagavulin","floor":12.0,"turns":5.0},{"damage":0.0,"enemies":"Cultist","floor":14.0,"turns":3.0},{"damage":0.0,"enemies":"Slime Boss","floor":16.0,"turns":7.0},{"damage":0.0,"enemies":"Chosen","floor":18.0,"turns":5.0},{"damage":20.0,"enemies":"2 Thieves","floor":19.0,"turns":4.0},{"damage":0.0,"enemies":"Snecko","floor":20.0,"turns":5.0},{"damage":23.0,"enemies":"Gremlin Leader","floor":28.0,"turns":5.0},{"damage":13.0,"enemies":"Centurion and Healer","floor":31.0,"turns":5.0},{"damage":10.0,"enemies":"Champ","floor":33.0,"turns":9.0},{"damage":31,"enemies":"3 Darklings","floor":35,"turns":5},{"damage":1,"enemies":"Orb Walker","floor":36,"turns":5},{"damage":35,"enemies":"Jaw Worm Horde","floor":39,"turns":5},{"damage":2,"enemies":"Nemesis","floor":41,"turns":7},{"damage":0,"enemies":"Spire Growth","floor":42,"turns":5},{"damage":12,"enemies":"4 Shapes","floor":44,"turns":7},{"damage":13,"enemies":"Jaw Worm Horde","floor":48,"turns":4},{"damage":39,"enemies":"Time Eater","floor":50,"turns":12}],"seed_played":"5277322791751990837","potions_obtained":[{"floor":4.0,"key":"PowerPotion"},{"floor":14.0,"key":"SteroidPotion"},{"floor":20.0,"key":"FearPotion"},{"floor":42,"key":"Regen Potion"},{"floor":44,"key":"EssenceOfSteel"},{"floor":48,"key":"Fire Potion"}],"is_trial":false,"path_per_floor":["M","?","?","M","$","R","?","E","T","T","R","E","R","M","R","B",null,"M","M","M","$","?","R","?","$","T","R","E","?","R","M","R","B",null,"M","M","$","$","M","R","E","M","T","M","R","?","$","M","R","B",null],"character_chosen":"DEFECT","items_purchased":["PreservedInsect","Steam","Stack","Flash of Steel","Defragment","Swift Potion"],"campfire_rested":4,"item_purchase_floors":[5,21,21,21,37,37],"current_hp_per_floor":[62,51,44,34,34,55,71,62,62,62,62,53,53,53,53,53,72,72,52,52,52,52,52,52,52,52,52,29,29,51,38,60,50,69,38,37,37,37,2,39,37,37,37,40,58,58,58,45,63,24],"gold":48,"neow_bonus":"BOSS_RELIC","is_prod":false,"is_daily":false,"chose_seed":false,"campfire_upgraded":7,"win_rate":0,"timestamp":1562062125,"path_taken":["M","?","?","M","?","R","?","E","T","?","R","E","R","M","R","BOSS","M","M","?","$","?","R","?","?","T","R","E","?","R","M","R","BOSS","M","M","?","$","?","R","E","M","T","M","R","?","?","M","R","BOSS"],"build_version":"2019-07-01","purchased_purges":1,"victory":true,"max_hp_per_floor":[71,71,71,71,71,71,71,78,78,78,78,78,78,78,78,78,78,78,78,78,78,78,78,75,75,75,75,75,75,75,75,75,75,75,75,75,75,75,75,75,75,75,75,75,75,75,75,75,75,75],"card_choices":[{"not_picked":["Sweeping Beam","Hologram"],"picked":"Leap","floor":1.0},{"not_picked":["Hologram","Blizzard"],"picked":"Streamline","floor":4.0},{"not_picked":["Go for the Eyes","Multi-Cast"],"picked":"FTL","floor":8.0},{"not_picked":["Fission","Lockon","Amplify"],"picked":"SKIP","floor":12.0},{"not_picked":["Storm","Streamline"],"picked":"Steam","floor":14.0},{"not_picked":["All For One","Reboot"],"picked":"Seek","floor":16.0},{"not_picked":["Turbo","Gash"],"picked":"Genetic Algorithm+1","floor":18.0},{"not_picked":["Skim","Streamline"],"picked":"Compile Driver","floor":19.0},{"not_picked":["Sweeping Beam","Turbo"],"picked":"Barrage","floor":20.0},{"not_picked":["Redo","Aggregate"],"picked":"Hologram+1","floor":28.0},{"not_picked":["Compile Driver","Multi-Cast"],"picked":"Force Field","floor":31.0},{"not_picked":["Amplify","Thunder Strike"],"picked":"Echo Form","floor":33.0},{"not_picked":["Turbo","Steam Power","Blizzard"],"picked":"SKIP","floor":35},{"not_picked":["Barrage","Go for the Eyes"],"picked":"Storm+1","floor":36},{"not_picked":["Conserve Battery","Go for the Eyes+1"],"picked":"Coolheaded+1","floor":39},{"not_picked":["Gash","Redo"],"picked":"BootSequence+1","floor":41},{"not_picked":["Steam Power","Chaos"],"picked":"Conserve Battery","floor":42},{"not_picked":["Compile Driver+1","Streamline"],"picked":"Undo","floor":44},{"not_picked":["Genetic Algorithm+1","Scrape"],"picked":"Streamline+1","floor":48}],"player_experience":852936,"relics_obtained":[{"floor":8.0,"key":"Strawberry"},{"floor":9.0,"key":"FossilizedHelix"},{"floor":10.0,"key":"Smiling Mask"},{"floor":12.0,"key":"Shuriken"},{"floor":26.0,"key":"Ancient Tea Set"},{"floor":28.0,"key":"Blue Candle"},{"floor":41,"key":"Orichalcum"},{"floor":43,"key":"Bottled Tornado"}],"event_choices":[{"damage_healed":0.0,"max_hp_gain":0.0,"max_hp_loss":0.0,"gold_gain":75.0,"event_name":"World of Goop","player_choice":"Gather Gold","floor":2.0,"gold_loss":0.0,"damage_taken":11.0},{"cards_removed":["Fission"],"damage_healed":0.0,"max_hp_gain":0.0,"max_hp_loss":0.0,"gold_gain":0.0,"event_name":"Golden Wing","player_choice":"Card Removal","floor":3.0,"gold_loss":0.0,"damage_taken":7.0},{"damage_healed":17.0,"max_hp_gain":0.0,"max_hp_loss":0.0,"gold_gain":0.0,"event_name":"Mushrooms","player_choice":"Healed and dodged fight","floor":7.0,"gold_loss":0.0,"damage_taken":0.0,"cards_obtained":["Parasite"]},{"cards_removed":["Parasite"],"damage_healed":0.0,"max_hp_gain":0.0,"max_hp_loss":0.0,"gold_gain":0.0,"event_name":"Back to Basics","player_choice":"Elegance","floor":24.0,"gold_loss":0.0,"damage_taken":0.0},{"damage_healed":0.0,"max_hp_gain":0.0,"max_hp_loss":0.0,"gold_gain":0.0,"event_name":"Upgrade Shrine","player_choice":"Upgraded","floor":29.0,"gold_loss":0.0,"damage_taken":0.0,"cards_upgraded":["Stack"]},{"damage_healed":0,"gold_gain":0,"player_choice":"Upgraded Two","damage_taken":0,"max_hp_gain":0,"max_hp_loss":0,"event_name":"Designer","floor":46,"gold_loss":50,"cards_upgraded":["Dualcast","Force Field"]}],"is_beta":false,"boss_relics":[{"not_picked":["Busted Crown","Astrolabe"],"picked":"Cursed Key"},{"not_picked":["Philosopher\u0027s Stone","Calling Bell"],"picked":"Eternal Feather"}],"items_purged_floors":[37],"is_endless":false,"potions_floor_spawned":[4,14,20,42,44,48],"ascension_level":16}