{"gold_per_floor":[110,110,110,129,204,234,47,80,105,105,85,97,97,109,109,207,207,219,219,72,87,97,124,175,175,175,187,8,25,39,53,53,155,155,169,3,3,23,23,23,23,23,23,96,106,106],"floor_reached":46,"playtime":1747,"items_purged":["Parasite"],"score":733,"play_id":"1adb1358-f57d-4fa8-90e3-2d9ce28060f6","local_time":"20190312203538","is_ascension_mode":true,"campfire_choices":[{"data":"Rupture","floor":10,"key":"SMITH"},{"data":"Whirlwind","floor":15,"key":"SMITH"},{"data":"Bludgeon","floor":25,"key":"SMITH"},{"data":"Rupture","floor":32,"key":"SMITH"},{"data":"Panacea","floor":40,"key":"SMITH"},{"data":"Madness","floor":42,"key":"SMITH"}],"neow_cost":"NONE","seed_source_timestamp":2160102216664116,"circlet_count":0,"master_deck":["AscendersBane","Strike_R","Strike_R","Strike_R","Strike_R","Defend_R","Defend_R","Defend_R","Defend_R","Bash","Armaments+1","Thunderclap","Rupture+1","Offering","Whirlwind+1","Cleave","Heavy Blade","Bludgeon+1","Perfected Strike+1","Dropkick","Clash","Spot Weakness+1","Combust","Reaper","Disarm","Anger","Rupture+1","Reaper","Panacea+1","Madness","Madness+1","Body Slam+1","Pummel+1"],"relics":["Burning Blood","Orichalcum","Regal Pillow","Champion Belt","Pen Nib","Velvet Choker","Enchiridion","Oddly Smooth Stone","Shuriken","Bag of Preparation","Incense Burner","Coffee Dripper","Pocketwatch","Question Card"],"potions_floor_usage":[6,21,23,27,33],"damage_taken":[{"damage":0,"enemies":"Cultist","floor":1,"turns":3},{"damage":3,"enemies":"2 Louse","floor":4,"turns":2},{"damage":27,"enemies":"Lagavulin","floor":6,"turns":6},{"damage":28,"enemies":"Gremlin Nob","floor":8,"turns":5},{"damage":1,"enemies":"Small Slimes","floor":12,"turns":3},{"damage":6,"enemies":"Blue Slaver","floor":14,"turns":3},{"damage":26,"enemies":"Slime Boss","floor":16,"turns":11},{"damage":6,"enemies":"Spheric Guardian","floor":18,"turns":3},{"damage":0,"enemies":"3 Byrds","floor":21,"turns":3},{"damage":12,"enemies":"Centurion and Healer","floor":22,"turns":3},{"damage":10,"enemies":"Gremlin Leader","floor":23,"turns":5},{"damage":6,"enemies":"3 Cultists","floor":27,"turns":3},{"damage":5,"enemies":"Cultist and Chosen","floor":29,"turns":4},{"damage":6,"enemies":"Centurion and Healer","floor":30,"turns":5},{"damage":8,"enemies":"3 Cultists","floor":31,"turns":4},{"damage":34,"enemies":"Automaton","floor":33,"turns":6},{"damage":2,"enemies":"Orb Walker","floor":35,"turns":3},{"damage":39,"enemies":"3 Darklings","floor":38,"turns":4},{"damage":34,"enemies":"Sphere and 2 Shapes","floor":45,"turns":4},{"damage":27,"enemies":"4 Shapes","floor":46,"turns":1}],"seed_played":"-616968268827403887","potions_obtained":[{"floor":4,"key":"Explosive Potion"},{"floor":6,"key":"Ancient Potion"},{"floor":11,"key":"SneckoOil"},{"floor":16,"key":"Strength Potion"},{"floor":21,"key":"SpeedPotion"},{"floor":23,"key":"Explosive Potion"},{"floor":29,"key":"Poison Potion"},{"floor":30,"key":"Weak Potion"},{"floor":31,"key":"GamblersBrew"},{"floor":35,"key":"LiquidBronze"},{"floor":45,"key":"PowerPotion"}],"is_trial":false,"path_per_floor":["M","?","?","M","?","E","$","E","T","R","?","M","?","M","R","B",null,"M","?","$","M","M","E","T","R","T","M","$","M","M","M","R","B",null,"M","$","?","M","$","R","?","R","T","T","M","M"],"character_chosen":"IRONCLAD","items_purchased":["Rupture","Offering","Oddly Smooth Stone","Combust","Reaper","Panacea"],"campfire_rested":0,"item_purchase_floors":[7,7,20,28,28,36],"current_hp_per_floor":[78,71,71,74,63,42,42,20,20,20,20,25,45,45,45,25,66,66,50,50,56,50,46,46,46,46,46,46,50,50,78,78,67,77,80,77,67,34,34,34,34,34,34,34,24,0],"gold":106,"neow_bonus":"RANDOM_COMMON_RELIC","is_prod":false,"is_daily":false,"chose_seed":false,"campfire_upgraded":6,"win_rate":0,"timestamp":1552437338,"path_taken":["M","?","?","M","?","E","?","E","T","R","?","?","?","M","R","BOSS","M","?","$","M","M","E","?","R","T","M","$","M","M","?","R","BOSS","M","$","?","M","$","R","?","R","T","?","M","M"],"build_version":"2019-01-23","purchased_purges":1,"victory":false,"max_hp_per_floor":[80,80,80,80,80,80,80,80,80,80,80,80,80,80,80,80,80,80,80,80,80,80,80,80,80,80,80,80,80,80,80,80,80,80,80,77,77,77,77,77,77,77,77,77,77,77],"card_choices":[{"not_picked":["Wild Strike","Shrug It Off"],"picked":"Armaments","floor":1},{"not_picked":["Heavy Blade","Corruption","Bloodletting"],"picked":"SKIP","floor":4},{"not_picked":["Wild Strike","Intimidate"],"picked":"Thunderclap","floor":6},{"not_picked":["Feel No Pain","Clash"],"picked":"Whirlwind","floor":8},{"not_picked":["Wild Strike","Pommel Strike"],"picked":"Cleave","floor":12},{"not_picked":["Berserk","Power Through"],"picked":"Heavy Blade","floor":14},{"not_picked":["Fiend Fire","Brutality"],"picked":"Bludgeon","floor":16},{"not_picked":["Anger+1","Clash"],"picked":"Perfected Strike+1","floor":18},{"not_picked":["Shockwave+1","Burning Pact","Havoc"],"picked":"SKIP","floor":21},{"not_picked":["True Grit","Twin Strike+1"],"picked":"Dropkick","floor":22},{"not_picked":["Havoc","Wild Strike"],"picked":"Clash","floor":23},{"not_picked":["Metallicize","Sever Soul+1"],"picked":"Spot Weakness+1","floor":27},{"not_picked":["Berserk","Twin Strike"],"picked":"Disarm","floor":29},{"not_picked":["Thunderclap","Rampage+1"],"picked":"Anger","floor":30},{"not_picked":["Anger+1","Sentinel"],"picked":"Rupture","floor":31},{"not_picked":["Impervious","Fiend Fire"],"picked":"Reaper","floor":33},{"not_picked":["Seeing Red+1","Spot Weakness","Clothesline"],"picked":"SKIP","floor":35},{"not_picked":["Fire Breathing","Headbutt"],"picked":"Body Slam+1","floor":38},{"not_picked":["Iron Wave","Dual Wield+1","Rage"],"picked":"Pummel+1","floor":45}],"player_experience":363400,"relics_obtained":[{"floor":6,"key":"Regal Pillow"},{"floor":8,"key":"Champion Belt"},{"floor":9,"key":"Pen Nib"},{"floor":19,"key":"Enchiridion"},{"floor":23,"key":"Shuriken"},{"floor":24,"key":"Bag of Preparation"},{"floor":26,"key":"Incense Burner"},{"floor":43,"key":"Pocketwatch"},{"floor":44,"key":"Question Card"}],"event_choices":[{"cards_removed":["Strike_R"],"damage_healed":0,"gold_gain":0,"player_choice":"Card Removal","damage_taken":7,"max_hp_gain":0,"max_hp_loss":0,"event_name":"Golden Wing","floor":2,"gold_loss":0},{"damage_healed":0,"gold_gain":0,"player_choice":"Grow","damage_taken":0,"max_hp_gain":0,"max_hp_loss":0,"event_name":"Living Wall","floor":3,"gold_loss":0,"cards_upgraded":["Armaments"]},{"damage_healed":0,"gold_gain":75,"player_choice":"Gather Gold","damage_taken":11,"max_hp_gain":0,"max_hp_loss":0,"event_name":"World of Goop","floor":5,"gold_loss":0},{"damage_healed":0,"gold_gain":0,"player_choice":"Bought 1 Potion","damage_taken":0,"max_hp_gain":0,"max_hp_loss":0,"event_name":"The Woman in Blue","floor":11,"gold_loss":0},{"damage_healed":20,"gold_gain":0,"player_choice":"Healed and dodged fight","damage_taken":0,"max_hp_gain":0,"max_hp_loss":0,"event_name":"Mushrooms","floor":13,"gold_loss":0,"cards_obtained":["Parasite"]},{"damage_healed":0,"gold_gain":0,"player_choice":"Obtained Book","damage_taken":16,"max_hp_gain":0,"max_hp_loss":0,"event_name":"Cursed Tome","floor":19,"gold_loss":0},{"damage_healed":0,"gold_gain":0,"player_choice":"Embrace Madness","damage_taken":10,"max_hp_gain":0,"max_hp_loss":0,"event_name":"Winding Halls","floor":37,"gold_loss":0,"cards_obtained":["Madness","Madness"]},{"damage_healed":0,"gold_gain":0,"player_choice":"Ignored","damage_taken":0,"max_hp_gain":0,"max_hp_loss":0,"event_name":"Mysterious Sphere","floor":41,"gold_loss":0}],"is_beta":false,"boss_relics":[{"not_picked":["Tiny House","Runic Cube"],"picked":"Velvet Choker"},{"not_picked":["Eternal Feather","White Beast Statue"],"picked":"Coffee Dripper"}],"items_purged_floors":[36],"is_endless":false,"potions_floor_spawned":[4,6,16,21,23,29,30,31,35,45],"killed_by":"4 Shapes","ascension_level":11}