{"gold_per_floor":[365,365,194,207,207,207,226,256,256,272,30,30,30,30],"floor_reached":14,"playtime":265,"items_purged":["Strike_B"],"score":176,"play_id":"b915c86f-d247-4a88-9784-0e6840cac8fb","local_time":"20190608093544","is_ascension_mode":true,"campfire_choices":[{"data":"Zap","floor":6,"key":"SMITH"}],"neow_cost":"TEN_PERCENT_HP_LOSS","seed_source_timestamp":380084427198373,"circlet_count":0,"master_deck":["AscendersBane","Strike_B","Strike_B","Strike_B","Defend_B","Defend_B","Defend_B","Defend_B","Zap+1","Dualcast","Undo","Rip and Tear","Cold Snap","Glacier","Echo Form+1"],"relics":["Cracked Core","CultistMask","Juzu Bracelet","Singing Bowl","Oddly Smooth Stone","Sundial","Darkstone Periapt"],"potions_floor_usage":[8,10],"damage_taken":[{"damage":6,"enemies":"Cultist","floor":1,"turns":3},{"damage":1,"enemies":"Small Slimes","floor":4,"turns":3},{"damage":6,"enemies":"2 Louse","floor":7,"turns":2},{"damage":40,"enemies":"Lagavulin","floor":8,"turns":5},{"damage":7,"enemies":"Exordium Thugs","floor":10,"turns":4},{"damage":7,"enemies":"Gremlin Gang","floor":14,"turns":1}],"seed_played":"-1663283075740706235","potions_obtained":[{"floor":1,"key":"Strength Potion"},{"floor":8,"key":"Block Potion"},{"floor":10,"key":"SteroidPotion"}],"is_trial":false,"path_per_floor":["M","?","$","M","?","R","M","E","T","M","$","T","?","M"],"character_chosen":"DEFECT","items_purchased":["Juzu Bracelet","Echo Form"],"campfire_rested":0,"item_purchase_floors":[3,11],"current_hp_per_floor":[58,58,58,57,57,57,51,11,11,4,4,4,4,0],"gold":30,"neow_bonus":"TWO_FIFTY_GOLD","is_prod":false,"is_daily":false,"chose_seed":false,"campfire_upgraded":1,"win_rate":0,"timestamp":1560000944,"path_taken":["M","?","$","M","?","R","M","E","T","M","$","?","?","M"],"build_version":"2019-01-23","purchased_purges":1,"victory":false,"max_hp_per_floor":[64,64,64,64,64,64,64,64,64,64,64,64,64,64],"card_choices":[{"not_picked":["Compile Driver","Leap"],"picked":"Undo","floor":1},{"not_picked":["Hello World","Blizzard","Force Field"],"picked":"SKIP","floor":4},{"not_picked":["Beam Cell","Cold Snap"],"picked":"Rip and Tear","floor":7},{"not_picked":["Redo","Blizzard"],"picked":"Cold Snap","floor":8},{"not_picked":["Beam Cell","Capacitor"],"picked":"Glacier","floor":10}],"player_experience":866680,"relics_obtained":[{"floor":5,"key":"Singing Bowl"},{"floor":8,"key":"Oddly Smooth Stone"},{"floor":9,"key":"Sundial"},{"floor":12,"key":"Darkstone Periapt"}],"event_choices":[{"damage_healed":0,"gold_gain":0,"player_choice":"Trade","damage_taken":0,"relics_obtained":["CultistMask"],"max_hp_gain":0,"max_hp_loss":0,"event_name":"FaceTrader","floor":2,"gold_loss":0},{"damage_healed":0,"gold_gain":0,"player_choice":"Relic","damage_taken":0,"max_hp_gain":0,"max_hp_loss":0,"event_name":"Wheel of Change","floor":5,"gold_loss":0},{"damage_healed":0,"gold_gain":0,"player_choice":"Grow","damage_taken":0,"max_hp_gain":0,"max_hp_loss":0,"event_name":"Living Wall","floor":13,"gold_loss":0,"cards_upgraded":["Echo Form"]}],"is_beta":false,"boss_relics":[],"items_purged_floors":[11],"is_endless":false,"potions_floor_spawned":[1,8,10],"killed_by":"Gremlin Gang","ascension_level":20}