{"gold_per_floor":[365,330,347,65,78,78,78,3,3,3,32,43,43,57,57,57],"floor_reached":16,"playtime":417,"items_purged":["Regret"],"score":195,"play_id":"fa4aec22-08ba-4251-a5bc-35a35d7e513c","local_time":"20190630221125","is_ascension_mode":true,"campfire_choices":[{"floor":7,"key":"REST"},{"data":"Mayhem","floor":10,"key":"SMITH"},{"floor":15,"key":"REST"}],"neow_cost":"TEN_PERCENT_HP_LOSS","seed_source_timestamp":1552794740583711,"circlet_count":0,"master_deck":["AscendersBane","Strike_R","Strike_R","Strike_R","Strike_R","Strike_R","Defend_R","Defend_R","Defend_R","Defend_R","Bash","Corruption","Heavy Blade","Mayhem+1","Inflame","Perfected Strike","Clothesline","Uppercut","Fiend Fire"],"relics":["Burning Blood","Question Card","Darkstone Periapt","Orichalcum"],"potions_floor_usage":[12],"damage_taken":[{"damage":21,"enemies":"Jaw Worm","floor":1,"turns":5},{"damage":7,"enemies":"Cultist","floor":3,"turns":4},{"damage":12,"enemies":"2 Louse","floor":5,"turns":2},{"damage":56,"enemies":"Gremlin Nob","floor":11,"turns":5},{"damage":9,"enemies":"Large Slime","floor":12,"turns":6},{"damage":6,"enemies":"Looter","floor":14,"turns":3},{"damage":41,"enemies":"Slime Boss","floor":16,"turns":5}],"seed_played":"-954049559855803527","potions_obtained":[{"floor":1,"key":"Dexterity Potion"},{"floor":11,"key":"Weak Potion"}],"is_trial":false,"path_per_floor":["M","?","M","$","M","?","R","$","T","R","E","M","$","M","R","B"],"character_chosen":"IRONCLAD","items_purchased":["Mayhem","Inflame"],"campfire_rested":2,"item_purchase_floors":[4,4],"current_hp_per_floor":[53,68,67,67,61,61,68,68,68,68,18,15,15,15,35,0],"gold":57,"neow_bonus":"TWO_FIFTY_GOLD","is_prod":false,"is_daily":false,"chose_seed":false,"campfire_upgraded":1,"win_rate":0,"timestamp":1561957885,"path_taken":["M","?","M","$","M","?","R","$","T","R","E","M","?","M","R","BOSS"],"build_version":"2019-01-23","purchased_purges":1,"victory":false,"max_hp_per_floor":[68,68,68,68,68,68,68,68,68,68,68,68,68,68,68,68],"card_choices":[{"not_picked":["Clothesline","Cleave"],"picked":"Corruption","floor":1},{"not_picked":["Hemokinesis","Anger"],"picked":"Heavy Blade","floor":3},{"not_picked":["Heavy Blade","Clothesline"],"picked":"Perfected Strike","floor":5},{"not_picked":["Clash","Havoc","Brutality"],"picked":"Clothesline","floor":11},{"not_picked":["Havoc","Clash","Reckless Charge"],"picked":"Uppercut","floor":12},{"not_picked":["Reckless Charge","Cleave","Wild Strike"],"picked":"Fiend Fire","floor":14}],"player_experience":1105768,"relics_obtained":[{"floor":9,"key":"Darkstone Periapt"},{"floor":11,"key":"Orichalcum"}],"event_choices":[{"damage_healed":17,"gold_gain":0,"player_choice":"Healed","damage_taken":0,"max_hp_gain":0,"max_hp_loss":0,"event_name":"The Cleric","floor":2,"gold_loss":35},{"damage_healed":0,"gold_gain":0,"player_choice":"Box","damage_taken":0,"relics_obtained":["Question Card"],"max_hp_gain":0,"max_hp_loss":0,"event_name":"Big Fish","floor":6,"gold_loss":0,"cards_obtained":["Regret"]}],"is_beta":false,"boss_relics":[],"items_purged_floors":[8],"is_endless":false,"potions_floor_spawned":[1,11],"killed_by":"Slime Boss","ascension_level":19}