{"gold_per_floor":[116,126,145,95,108,141,157,171,171,206,223,241,241,241,241,339,339,355,369,389,389,404,404,113,133,182,182,196,212,212],"floor_reached":30,"playtime":2561,"items_purged":[],"score":275,"play_id":"ec1b8866-48df-4a54-b121-19183cc68bec","local_time":"20190428153811","is_ascension_mode":false,"campfire_choices":[{"data":"Flex","floor":13,"key":"SMITH"},{"floor":15,"key":"REST"},{"floor":23,"key":"REST"},{"floor":27,"key":"REST"}],"neow_cost":"NONE","seed_source_timestamp":20688997484365,"circlet_count":0,"master_deck":["Strike_R","Strike_R","Strike_R","Strike_R","Strike_R","Defend_R","Defend_R","Defend_R","Defend_R","Shrug It Off","Body Slam","Shrug It Off","Headbutt","Headbutt","Headbutt","Anger","Anger","Flex+1","Impervious","Brutality","Headbutt","Headbutt+1","Anger","Pommel Strike+1","Headbutt","Fire Breathing"],"relics":["Burning Blood","Boot","Peace Pipe","Charon\u0027s Ashes","Nunchaku","Smiling Mask"],"potions_floor_usage":[6,16,16,29],"damage_taken":[{"damage":1,"enemies":"Cultist","floor":1,"turns":4},{"damage":3,"enemies":"Small Slimes","floor":2,"turns":3},{"damage":4,"enemies":"Jaw Worm","floor":3,"turns":5},{"damage":3,"enemies":"Red Slaver","floor":5,"turns":4},{"damage":34,"enemies":"Lagavulin","floor":6,"turns":9},{"damage":5,"enemies":"2 Fungi Beasts","floor":7,"turns":4},{"damage":3,"enemies":"Large Slime","floor":8,"turns":4},{"damage":23,"enemies":"Gremlin Nob","floor":10,"turns":4},{"damage":8,"enemies":"3 Louse","floor":11,"turns":3},{"damage":12,"enemies":"Exordium Thugs","floor":12,"turns":5},{"damage":13,"enemies":"Slime Boss","floor":16,"turns":9},{"damage":4,"enemies":"Chosen","floor":18,"turns":5},{"damage":19,"enemies":"Shell Parasite","floor":19,"turns":7},{"damage":36,"enemies":"Shelled Parasite and Fungi","floor":20,"turns":6},{"damage":36,"enemies":"Centurion and Healer","floor":22,"turns":7},{"damage":5,"enemies":"Snecko","floor":25,"turns":5},{"damage":29,"enemies":"Snake Plant","floor":28,"turns":3},{"damage":29,"enemies":"Sentry and Sphere","floor":29,"turns":7},{"damage":12,"enemies":"Book of Stabbing","floor":30,"turns":1}],"seed_played":"-3679399643030817486","potions_obtained":[{"floor":2,"key":"SteroidPotion"},{"floor":3,"key":"FearPotion"},{"floor":10,"key":"Weak Potion"},{"floor":16,"key":"Ancient Potion"},{"floor":22,"key":"Explosive Potion"},{"floor":29,"key":"Explosive Potion"}],"is_trial":false,"path_per_floor":["M","M","M","?","M","E","M","M","T","E","M","M","R","?","R","B",null,"M","M","M","?","M","R","$","M","T","R","M","M","E"],"character_chosen":"IRONCLAD","items_purchased":["Nunchaku"],"campfire_rested":3,"item_purchase_floors":[24],"current_hp_per_floor":[80,80,80,80,80,52,53,56,56,39,37,31,31,31,55,48,80,80,67,37,37,7,31,31,32,32,56,33,10,0],"gold":212,"neow_bonus":"THREE_CARDS","is_prod":false,"is_daily":false,"chose_seed":false,"campfire_upgraded":1,"win_rate":0.0,"timestamp":1556491091,"path_taken":["M","M","?","?","M","E","M","M","T","E","M","M","R","?","R","BOSS","M","M","M","?","M","R","$","?","T","R","M","M","E"],"build_version":"2019-01-23","purchased_purges":0,"victory":false,"max_hp_per_floor":[80,80,80,80,80,80,80,80,80,80,80,80,80,80,80,80,80,80,80,80,80,80,80,80,80,80,80,80,80,80],"card_choices":[{"not_picked":["Clash","Thunderclap"],"picked":"Shrug It Off","floor":0},{"not_picked":["Infernal Blade","Shockwave"],"picked":"Body Slam","floor":1},{"not_picked":["Uppercut","Wild Strike"],"picked":"Shrug It Off","floor":2},{"not_picked":["Combust","Sword Boomerang"],"picked":"Headbutt","floor":3},{"not_picked":["Ghostly Armor","True Grit"],"picked":"Headbutt","floor":5},{"not_picked":["Twin Strike","Seeing Red"],"picked":"Headbutt","floor":6},{"not_picked":["Seeing Red","Perfected Strike"],"picked":"Anger","floor":7},{"not_picked":["Flex","Wild Strike"],"picked":"Anger","floor":8},{"not_picked":["Clash","Pommel Strike"],"picked":"Headbutt","floor":10},{"not_picked":["Wild Strike","Iron Wave"],"picked":"Flex","floor":11},{"not_picked":["Sword Boomerang","True Grit"],"picked":"Impervious","floor":12},{"not_picked":["Berserk","Impervious"],"picked":"Brutality","floor":16},{"not_picked":["Sword Boomerang","Entrench"],"picked":"Headbutt","floor":18},{"not_picked":["Sword Boomerang","Blood for Blood"],"picked":"Headbutt+1","floor":19},{"not_picked":["Feel No Pain","Heavy Blade"],"picked":"Anger","floor":20},{"not_picked":["Battle Trance","Headbutt"],"picked":"Pommel Strike+1","floor":22},{"not_picked":["Disarm","Cleave","Ghostly Armor"],"picked":"SKIP","floor":25},{"not_picked":["Clash","Warcry+1"],"picked":"Headbutt","floor":28},{"not_picked":["Sword Boomerang","Shockwave"],"picked":"Fire Breathing","floor":29}],"player_experience":39557,"relics_obtained":[{"floor":6,"key":"Boot"},{"floor":9,"key":"Peace Pipe"},{"floor":10,"key":"Charon\u0027s Ashes"},{"floor":26,"key":"Smiling Mask"}],"event_choices":[{"cards_removed":["Bash"],"damage_healed":0,"gold_gain":0,"player_choice":"Card Removal","damage_taken":0,"max_hp_gain":0,"max_hp_loss":0,"event_name":"The Cleric","floor":4,"gold_loss":50},{"damage_healed":0,"gold_gain":0,"player_choice":"Ignored","damage_taken":0,"max_hp_gain":0,"max_hp_loss":0,"event_name":"Liars Game","floor":14,"gold_loss":0},{"cards_removed":["Headbutt"],"damage_healed":0,"gold_gain":0,"player_choice":"Purged","damage_taken":0,"max_hp_gain":0,"max_hp_loss":0,"event_name":"Purifier","floor":21,"gold_loss":0}],"is_beta":false,"boss_relics":[{"not_picked":["Ectoplasm","Mark of Pain","Coffee Dripper"]}],"items_purged_floors":[],"is_endless":false,"potions_floor_spawned":[2,3,10,16,22,29],"killed_by":"Book of Stabbing","ascension_level":0}