{"gold_per_floor":[116,127,127,127,137,165,165,192,262,289,24,43,43,43,43,146,146,146,146,146,146,101,101,101,101,101,101,101,101,101,101,101,101,101,101,0,0,0,0,0,0,0,0,0,0,0,0,0,0,0],"floor_reached":51,"playtime":3682,"items_purged":[],"score":853,"play_id":"87374cfe-95da-49c6-aad8-453344feba12","local_time":"20190201224903","is_ascension_mode":true,"campfire_choices":[{"floor":7,"key":"REST"},{"floor":15,"key":"REST"},{"floor":23,"key":"REST"},{"floor":29,"key":"REST"},{"floor":32,"key":"REST"},{"data":"Recycle","floor":40,"key":"SMITH"},{"floor":45,"key":"REST"},{"floor":49,"key":"REST"}],"neow_cost":"NONE","seed_source_timestamp":134066908589252,"circlet_count":0,"master_deck":["Strike_B","Strike_B","Defend_B","Defend_B","Defend_B","Zap","Dualcast","Lockon","Defragment+1","Cold Snap","Rip and Tear+1","Doom and Gloom","Leap","Stack+1","Capacitor","Leap","Sunder","Creative AI+1","Recycle+1","RitualDagger","Turbo","Steam Power+1","Cold Snap","Buffer+1","Storm+1","Glacier","Thunder Strike","Chaos","Thunder Strike","Coolheaded+1","Redo+1","Conserve Battery+1","Ball Lightning+1","White Noise+1","Leap+1","BootSequence+1","Heatsinks+1"],"relics":["Cracked Core","Mango","Vajra","Mummified Hand","Blood Vial","Frozen Egg 2","Ectoplasm","Incense Burner","Nloth\u0027s Gift","Omamori","Gremlin Horn","Darkstone Periapt","Cursed Key","Red Mask","Ginger","Strawberry","Dodecahedron","Ornamental Fan"],"potions_floor_usage":[20,22,22,30,39,41,41,50,50],"damage_taken":[{"damage":3,"enemies":"Small Slimes","floor":1,"turns":3},{"damage":13,"enemies":"2 Louse","floor":2,"turns":3},{"damage":8,"enemies":"Jaw Worm","floor":5,"turns":3},{"damage":14,"enemies":"Gremlin Nob","floor":6,"turns":4},{"damage":5,"enemies":"Lagavulin","floor":8,"turns":5},{"damage":19,"enemies":"3 Sentries","floor":10,"turns":5},{"damage":11,"enemies":"Large Slime","floor":12,"turns":4},{"damage":1,"enemies":"The Guardian","floor":16,"turns":12},{"damage":6,"enemies":"Shell Parasite","floor":18,"turns":8},{"damage":25,"enemies":"Colosseum Slavers","floor":20,"turns":3},{"damage":43,"enemies":"Colosseum Nobs","floor":20,"turns":5},{"damage":6,"enemies":"2 Thieves","floor":22,"turns":3},{"damage":3,"enemies":"3 Cultists","floor":24,"turns":5},{"damage":25,"enemies":"Slavers","floor":25,"turns":5},{"damage":8,"enemies":"Sentry and Sphere","floor":27,"turns":5},{"damage":10,"enemies":"Shelled Parasite and Fungi","floor":28,"turns":6},{"damage":0,"enemies":"Gremlin Leader","floor":30,"turns":5},{"damage":2,"enemies":"Cultist and Chosen","floor":31,"turns":3},{"damage":19,"enemies":"Automaton","floor":33,"turns":12},{"damage":12,"enemies":"3 Shapes","floor":35,"turns":4},{"damage":16,"enemies":"3 Darklings","floor":38,"turns":4},{"damage":0,"enemies":"Mind Bloom Boss Battle","floor":39,"turns":5},{"damage":22,"enemies":"Giant Head","floor":41,"turns":11},{"damage":0,"enemies":"4 Shapes","floor":42,"turns":5},{"damage":0,"enemies":"Reptomancer","floor":44,"turns":5},{"damage":0,"enemies":"Jaw Worm Horde","floor":46,"turns":3},{"damage":12,"enemies":"Sphere and 2 Shapes","floor":48,"turns":3},{"damage":42,"enemies":"Donu and Deca","floor":50,"turns":8}],"seed_played":"1893198186955024487","potions_obtained":[{"floor":1,"key":"Energy Potion"},{"floor":5,"key":"GamblersBrew"},{"floor":6,"key":"Dexterity Potion"},{"floor":16,"key":"Regen Potion"},{"floor":20,"key":"Regen Potion"},{"floor":22,"key":"GamblersBrew"},{"floor":24,"key":"Weak Potion"},{"floor":27,"key":"Regen Potion"},{"floor":38,"key":"Weak Potion"},{"floor":41,"key":"PowerPotion"},{"floor":44,"key":"Ancient Potion"}],"is_trial":false,"path_per_floor":["M","M","?","?","M","E","R","E","T","E","$","M","?","$","R","B",null,"M","?","?","?","M","R","M","E","T","M","M","R","E","M","R","B",null,"M","?","?","M","?","R","E","M","T","E","R","M","?","M","R","B",null],"character_chosen":"DEFECT","items_purchased":["Frozen Egg 2","Leap"],"campfire_rested":7,"item_purchase_floors":[11,11],"current_hp_per_floor":[72,59,59,52,44,44,70,65,65,46,46,37,19,19,45,46,89,83,77,13,13,28,54,53,30,30,24,16,42,58,58,84,67,89,77,77,77,63,65,65,52,54,54,56,84,86,86,76,96,54],"gold":0,"neow_bonus":"TRANSFORM_CARD","is_prod":false,"is_daily":false,"chose_seed":false,"campfire_upgraded":1,"win_rate":0,"timestamp":1549079343,"path_taken":["M","M","?","?","M","E","R","E","T","E","$","M","?","?","R","BOSS","M","?","?","?","M","R","M","E","T","M","?","R","E","M","R","BOSS","M","?","?","?","?","R","E","M","T","E","R","M","?","M","R","BOSS"],"build_version":"2019-01-23","purchased_purges":0,"victory":true,"max_hp_per_floor":[75,75,75,75,75,89,89,89,89,89,89,89,89,89,89,89,89,89,89,89,89,89,89,89,89,89,89,89,89,89,89,89,89,89,89,89,89,89,89,89,96,96,96,96,96,96,96,96,96,96],"card_choices":[{"not_picked":["BootSequence","Leap"],"picked":"Defragment","floor":1},{"not_picked":["Streamline","Leap"],"picked":"Cold Snap","floor":2},{"not_picked":["Tempest","Melter"],"picked":"Doom and Gloom","floor":5},{"not_picked":["Force Field","Barrage"],"picked":"Leap","floor":6},{"not_picked":["Gash","Leap"],"picked":"Stack","floor":8},{"not_picked":["Scrape","Go for the Eyes"],"picked":"Capacitor","floor":10},{"not_picked":["Chill","Beam Cell"],"picked":"Sunder","floor":12},{"not_picked":["Fission","Rainbow"],"picked":"Creative AI+1","floor":16},{"not_picked":["Ball Lightning","Rebound"],"picked":"Recycle","floor":18},{"not_picked":["Scrape","Blizzard"],"picked":"Turbo","floor":20},{"not_picked":["Sunder","Double Energy+1"],"picked":"Steam Power+1","floor":22},{"not_picked":["Gash","Genetic Algorithm"],"picked":"Cold Snap","floor":24},{"not_picked":["Coolheaded","Amplify"],"picked":"Buffer+1","floor":25},{"not_picked":["Go for the Eyes","Redo"],"picked":"Storm+1","floor":27},{"not_picked":["Gash+1","Leap+1"],"picked":"Glacier","floor":28},{"not_picked":["Glacier","Chill"],"picked":"Thunder Strike","floor":30},{"not_picked":["Gash","Rebound"],"picked":"Chaos","floor":31},{"not_picked":["Amplify","All For One"],"picked":"Thunder Strike","floor":33},{"not_picked":["Turbo+1","Darkness+1"],"picked":"Coolheaded+1","floor":35},{"not_picked":["Leap","FTL+1"],"picked":"Redo+1","floor":38},{"not_picked":["Hyperbeam","Skim"],"picked":"Conserve Battery+1","floor":39},{"not_picked":["Darkness","Compile Driver"],"picked":"Ball Lightning+1","floor":41},{"not_picked":["Fusion","Redo+1"],"picked":"White Noise+1","floor":42},{"not_picked":["Beam Cell+1","Rainbow"],"picked":"Leap+1","floor":44},{"not_picked":["Stack","Coolheaded+1"],"picked":"BootSequence+1","floor":46},{"not_picked":["Rebound","Reprogram"],"picked":"Heatsinks+1","floor":48}],"player_experience":115095,"relics_obtained":[{"floor":6,"key":"Mango"},{"floor":8,"key":"Vajra"},{"floor":9,"key":"Mummified Hand"},{"floor":10,"key":"Blood Vial"},{"floor":20,"key":"Incense Burner"},{"floor":20,"key":"Blue Candle"},{"floor":25,"key":"Omamori"},{"floor":26,"key":"Gremlin Horn"},{"floor":30,"key":"Darkstone Periapt"},{"floor":39,"key":"Ginger"},{"floor":41,"key":"Strawberry"},{"floor":43,"key":"Dodecahedron"},{"floor":44,"key":"Ornamental Fan"}],"event_choices":[{"damage_healed":0,"gold_gain":0,"cards_transformed":["Defend_B"],"player_choice":"Change","damage_taken":0,"max_hp_gain":0,"max_hp_loss":0,"event_name":"Living Wall","floor":3,"gold_loss":0,"cards_obtained":["Rip and Tear"]},{"cards_removed":["Strike_B"],"damage_healed":0,"gold_gain":0,"player_choice":"Card Removal","damage_taken":7,"max_hp_gain":0,"max_hp_loss":0,"event_name":"Golden Wing","floor":4,"gold_loss":0},{"damage_healed":0,"gold_gain":0,"player_choice":"Entered Light","damage_taken":18,"max_hp_gain":0,"max_hp_loss":0,"event_name":"Shining Light","floor":13,"gold_loss":0,"cards_upgraded":["Rip and Tear","Stack"]},{"damage_healed":0,"gold_gain":0,"player_choice":"Joined the Cult","damage_taken":6,"max_hp_gain":0,"max_hp_loss":0,"event_name":"Nest","floor":19,"gold_loss":0,"cards_obtained":["RitualDagger"]},{"damage_healed":0,"gold_gain":0,"player_choice":"Fight","damage_taken":0,"max_hp_gain":0,"max_hp_loss":0,"event_name":"Colosseum","floor":20,"gold_loss":0},{"damage_healed":0,"gold_gain":0,"player_choice":"Fought Nobs","damage_taken":0,"max_hp_gain":0,"max_hp_loss":0,"event_name":"Colosseum","floor":20,"gold_loss":0},{"damage_healed":0,"gold_gain":0,"player_choice":"Traded Relic","damage_taken":0,"relics_obtained":["Nloth\u0027s Gift"],"max_hp_gain":0,"max_hp_loss":0,"event_name":"N\u0027loth","floor":21,"relics_lost":["Blue Candle"],"gold_loss":0},{"damage_healed":0,"gold_gain":0,"player_choice":"Paid","damage_taken":0,"relics_obtained":["Red Mask"],"max_hp_gain":0,"max_hp_loss":0,"event_name":"Tomb of Lord Red Mask","floor":36,"gold_loss":101},{"damage_healed":0,"gold_gain":0,"player_choice":"Upgraded","damage_taken":0,"max_hp_gain":0,"max_hp_loss":0,"event_name":"Upgrade Shrine","floor":37,"gold_loss":0,"cards_upgraded":["Defragment"]},{"damage_healed":0,"gold_gain":0,"player_choice":"Fight","damage_taken":0,"max_hp_gain":0,"max_hp_loss":0,"event_name":"MindBloom","floor":39,"gold_loss":0},{"damage_healed":0,"gold_gain":0,"player_choice":"Ignored","damage_taken":0,"max_hp_gain":0,"max_hp_loss":0,"event_name":"Mysterious Sphere","floor":47,"gold_loss":0}],"is_beta":false,"boss_relics":[{"not_picked":["Snecko Eye","White Beast Statue"],"picked":"Ectoplasm"},{"not_picked":["Eternal Feather","Calling Bell"],"picked":"Cursed Key"}],"items_purged_floors":[],"is_endless":false,"potions_floor_spawned":[1,5,6,16,20,22,24,27,28,38,41,44],"ascension_level":1}