{"gold_per_floor":[110,25,45,56,56,89,89,106,156,170,170,170,170,170,170,267,317,335,335,435,435,435,435],"floor_reached":23,"playtime":1434,"items_purged":["Strike_G"],"score":212,"play_id":"9eaeed63-9ce4-4d7f-97a3-cf9c37e6d320","local_time":"20190629032049","is_ascension_mode":false,"campfire_choices":[{"data":"Poisoned Stab","floor":7,"key":"SMITH"},{"data":"Survivor","floor":13,"key":"SMITH"},{"floor":15,"key":"REST"}],"neow_cost":"NONE","seed_source_timestamp":1049444858855849,"circlet_count":0,"master_deck":["Defend_G","Defend_G","Defend_G","Defend_G","Defend_G","Survivor+1","Neutralize","Footwork","Riddle With Holes","Backstab","Poisoned Stab+1","Tools of the Trade","Riddle With Holes","Well Laid Plans","Escape Plan","Finisher","After Image+1","Poisoned Stab","Crippling Poison+1","Sucker Punch","Dodge and Roll","Bite","Bite","Bite","Bite","Bite"],"relics":["Ring of the Snake","Smiling Mask","Kunai","Juzu Bracelet","Dodecahedron","Tiny House","Mango","Bottled Flame"],"potions_floor_usage":[6,16,16,16,18,20,23],"damage_taken":[{"damage":0,"enemies":"2 Louse","floor":1,"turns":4},{"damage":0,"enemies":"Cultist","floor":3,"turns":4},{"damage":0,"enemies":"Jaw Worm","floor":4,"turns":5},{"damage":27,"enemies":"3 Sentries","floor":6,"turns":11},{"damage":13,"enemies":"Exordium Thugs","floor":8,"turns":5},{"damage":8,"enemies":"Red Slaver","floor":10,"turns":2},{"damage":7,"enemies":"Slime Boss","floor":16,"turns":17},{"damage":20,"enemies":"2 Thieves","floor":18,"turns":5},{"damage":22,"enemies":"Colosseum Slavers","floor":20,"turns":6},{"damage":21,"enemies":"Colosseum Nobs","floor":20,"turns":6},{"damage":30,"enemies":"Book of Stabbing","floor":23,"turns":6}],"seed_played":"5800966954813708373","potions_obtained":[{"floor":1,"key":"PowerPotion"},{"floor":6,"key":"Block Potion"},{"floor":8,"key":"SpeedPotion"},{"floor":10,"key":"Fire Potion"},{"floor":11,"key":"PowerPotion"},{"floor":17,"key":"Poison Potion"},{"floor":18,"key":"Fire Potion"},{"floor":20,"key":"Strength Potion"}],"is_trial":false,"path_per_floor":["M","$","M","M","?","E","R","M","T","M","?","?","R","T","R","B",null,"M","?","?","?","?","E"],"character_chosen":"THE_SILENT","items_purchased":["Riddle With Holes"],"campfire_rested":1,"item_purchase_floors":[2],"current_hp_per_floor":[70,70,70,70,70,43,43,30,30,22,22,22,22,22,43,36,75,55,55,26,26,26,0],"gold":435,"neow_bonus":"RANDOM_COMMON_RELIC","is_prod":false,"is_daily":false,"chose_seed":false,"campfire_upgraded":2,"win_rate":0.0,"timestamp":1561803649,"path_taken":["M","$","M","M","?","E","R","M","T","M","?","?","R","?","R","BOSS","M","?","?","?","?","E"],"build_version":"2019-01-23","purchased_purges":1,"victory":false,"max_hp_per_floor":[70,70,70,70,70,70,70,70,70,70,70,70,70,70,70,70,75,75,75,89,62,62,62],"card_choices":[{"not_picked":["Acrobatics","Slice"],"picked":"Footwork","floor":1},{"not_picked":["Deadly Poison","Flechettes"],"picked":"Bane","floor":3},{"not_picked":["Deflect","Venomology"],"picked":"Backstab","floor":4},{"not_picked":["Bane","Flechettes"],"picked":"Riddle With Holes","floor":6},{"not_picked":["Underhanded Strike","Expertise"],"picked":"Well Laid Plans","floor":8},{"not_picked":["Quick Slash","Prepared"],"picked":"Escape Plan","floor":10},{"not_picked":["Envenom","Doppelganger"],"picked":"After Image","floor":16},{"not_picked":["Outmaneuver","Deadly Poison"],"picked":"Poisoned Stab","floor":17},{"not_picked":["Bouncing Flask","Terror"],"picked":"Crippling Poison+1","floor":18},{"not_picked":["Dagger Spray","Acrobatics"],"picked":"Dodge and Roll","floor":20}],"player_experience":28046,"relics_obtained":[{"floor":6,"key":"Kunai"},{"floor":9,"key":"Juzu Bracelet"},{"floor":14,"key":"Dodecahedron"},{"floor":20,"key":"Mango"},{"floor":20,"key":"Bottled Flame"}],"event_choices":[{"damage_healed":0,"gold_gain":0,"player_choice":"2 cards matched","damage_taken":0,"max_hp_gain":0,"max_hp_loss":0,"event_name":"Match and Keep!","floor":5,"gold_loss":0,"cards_obtained":["Poisoned Stab","Tools of the Trade"]},{"damage_healed":0,"gold_gain":0,"player_choice":"Got Potions","damage_taken":0,"max_hp_gain":0,"max_hp_loss":0,"event_name":"Lab","floor":11,"gold_loss":0},{"damage_healed":0,"gold_gain":0,"cards_transformed":["Strike_G"],"player_choice":"Change","damage_taken":0,"max_hp_gain":0,"max_hp_loss":0,"event_name":"Living Wall","floor":12,"gold_loss":0,"cards_obtained":["Finisher"]},{"damage_healed":0,"gold_gain":0,"cards_transformed":["Bane"],"player_choice":"Transformed","damage_taken":0,"max_hp_gain":0,"max_hp_loss":0,"event_name":"Transmorgrifier","floor":19,"gold_loss":0,"cards_obtained":["Sucker Punch"]},{"damage_healed":0,"gold_gain":0,"player_choice":"Fight","damage_taken":0,"max_hp_gain":0,"max_hp_loss":0,"event_name":"Colosseum","floor":20,"gold_loss":0},{"damage_healed":0,"gold_gain":0,"player_choice":"Fought Nobs","damage_taken":0,"max_hp_gain":0,"max_hp_loss":0,"event_name":"Colosseum","floor":20,"gold_loss":0},{"damage_healed":0,"gold_gain":0,"player_choice":"Became a vampire","damage_taken":0,"max_hp_gain":0,"max_hp_loss":27,"event_name":"Vampires","floor":21,"gold_loss":0,"cards_obtained":["Bite","Bite","Bite","Bite","Bite"]},{"damage_healed":0,"gold_gain":0,"player_choice":"Forge","damage_taken":0,"max_hp_gain":0,"max_hp_loss":0,"event_name":"Accursed Blacksmith","floor":22,"gold_loss":0,"cards_upgraded":["After Image"]}],"is_beta":false,"boss_relics":[{"not_picked":["WristBlade","Calling Bell"],"picked":"Tiny House"}],"items_purged_floors":[2],"is_endless":false,"potions_floor_spawned":[1,6,8,10,18,20,20],"killed_by":"Book of Stabbing","ascension_level":0}