{"gold_per_floor":[112,77,96,109,34,69,83,158,211,211,211,237,249,278,290,374,386,384,396,473,485],"floor_reached":21,"playtime":746,"items_purged":["Strike_R"],"score":308,"play_id":"89b848d4-f3e7-4360-b0f9-c63e6952163f","local_time":"20181119191755","is_ascension_mode":true,"campfire_choices":[{"floor":10,"key":"REST"},{"data":"Shrug It Off","floor":13,"key":"SMITH"},{"floor":15,"key":"REST"}],"neow_cost":"TEN_PERCENT_HP_LOSS","seed_source_timestamp":6179195343648,"circlet_count":0,"master_deck":["AscendersBane","Strike_R","Strike_R","Strike_R","Strike_R","Defend_R","Defend_R","Defend_R","Defend_R","Bash","Feed","Sword Boomerang","Thunderclap","Reaper","Carnage","Wild Strike","Shrug It Off+1","Barricade","Power Through+1","Ghostly Armor"],"relics":["Burning Blood","Matryoshka","Lantern","Oddly Smooth Stone","MawBank","Philosopher\u0027s Stone","SsserpentHead"],"potions_floor_usage":[7,16,16],"damage_taken":[{"damage":13,"enemies":"2 Louse","floor":1,"turns":3},{"damage":12,"enemies":"Jaw Worm","floor":3,"turns":3},{"damage":1,"enemies":"Cultist","floor":4,"turns":4},{"damage":68,"enemies":"Gremlin Nob","floor":6,"turns":6},{"damage":0,"enemies":"Red Slaver","floor":7,"turns":5},{"damage":12,"enemies":"Exordium Wildlife","floor":12,"turns":5},{"damage":6,"enemies":"3 Louse","floor":14,"turns":4},{"damage":68,"enemies":"Slime Boss","floor":16,"turns":11},{"damage":36,"enemies":"2 Thieves","floor":18,"turns":4},{"damage":9,"enemies":"Chosen","floor":20,"turns":5},{"damage":50,"enemies":"Sentry and Sphere","floor":21,"turns":5}],"seed_played":"8572600190825802","potions_obtained":[{"floor":3,"key":"FearPotion"},{"floor":6,"key":"SkillPotion"},{"floor":14,"key":"LiquidBronze"},{"floor":20,"key":"Ancient Potion"}],"is_trial":false,"path_per_floor":["M","?","M","M","$","E","M","?","T","R","?","M","R","M","R","B",null,"M","?","M","M"],"character_chosen":"IRONCLAD","items_purchased":[],"campfire_rested":2,"item_purchase_floors":[],"current_hp_per_floor":[64,71,68,76,76,23,32,21,21,45,20,24,24,35,61,11,70,51,51,48,0],"gold":485,"neow_bonus":"THREE_RARE_CARDS","is_prod":false,"is_daily":false,"chose_seed":false,"campfire_upgraded":1,"win_rate":0,"timestamp":1542683875,"path_taken":["M","?","M","M","$","E","M","?","T","R","?","?","R","M","R","BOSS","M","?","?","M"],"build_version":"2018-11-15","purchased_purges":1,"victory":false,"max_hp_per_floor":[71,71,74,77,77,80,83,83,83,83,83,86,86,89,89,89,89,92,92,92,92],"card_choices":[{"not_picked":["Dark Embrace","Reaper"],"picked":"Feed","floor":0},{"not_picked":["Havoc","Fire Breathing"],"picked":"Sword Boomerang","floor":1},{"not_picked":["Sever Soul","Dropkick"],"picked":"Thunderclap","floor":3},{"not_picked":["Pommel Strike","Anger"],"picked":"Reaper","floor":4},{"not_picked":["Clash","Twin Strike"],"picked":"Carnage","floor":6},{"not_picked":["Second Wind","Anger"],"picked":"Wild Strike","floor":7},{"not_picked":["Flex","Burning Pact"],"picked":"Shrug It Off","floor":12},{"not_picked":["Bloodletting","Combust","Thunderclap"],"picked":"SKIP","floor":14},{"not_picked":["Bludgeon","Feed"],"picked":"Barricade","floor":16},{"not_picked":["Thunderclap","Shrug It Off"],"picked":"Power Through+1","floor":18},{"not_picked":["Shockwave","Anger"],"picked":"Ghostly Armor","floor":20}],"player_experience":787987,"relics_obtained":[{"floor":6,"key":"Matryoshka"},{"floor":9,"key":"Lantern"},{"floor":9,"key":"Oddly Smooth Stone"}],"event_choices":[{"damage_healed":17,"gold_gain":0,"player_choice":"Healed","damage_taken":0,"max_hp_gain":0,"max_hp_loss":0,"event_name":"The Cleric","floor":2,"gold_loss":35},{"damage_healed":0,"gold_gain":75,"player_choice":"Gather Gold","damage_taken":11,"max_hp_gain":0,"max_hp_loss":0,"event_name":"World of Goop","floor":8,"gold_loss":0},{"damage_healed":0,"gold_gain":0,"player_choice":"Success","damage_taken":25,"relics_obtained":["MawBank"],"max_hp_gain":0,"max_hp_loss":0,"event_name":"Scrap Ooze","floor":11,"gold_loss":0},{"damage_healed":0,"gold_gain":0,"player_choice":"Trade","damage_taken":0,"relics_obtained":["SsserpentHead"],"max_hp_gain":0,"max_hp_loss":0,"event_name":"FaceTrader","floor":19,"gold_loss":0}],"is_beta":false,"boss_relics":[{"not_picked":["White Beast Statue","Tiny House"],"picked":"Philosopher\u0027s Stone"}],"items_purged_floors":[5],"is_endless":false,"potions_floor_spawned":[3,6,14,20],"killed_by":"Sentry and Sphere","ascension_level":14}