{"gold_per_floor":[111,124,49,68,78,78,110,125,125,225,225,239,256,275,275,377,377,387,407,423,441,465,465,482,482,507,507,121,131,145,0,0,0],"floor_reached":33,"playtime":1710,"items_purged":["Defend_G"],"score":255,"play_id":"bdc25c93-c244-4456-b5a7-536326d41f28","local_time":"20190612224139","is_ascension_mode":false,"campfire_choices":[{"data":"Dagger Spray","floor":6,"key":"SMITH"},{"data":"Backflip","floor":11,"key":"SMITH"},{"floor":15,"key":"REST"},{"data":"Setup","floor":23,"key":"SMITH"},{"data":"Burst","floor":25,"key":"SMITH"},{"data":"Defend_G","floor":27,"key":"SMITH"},{"data":"Distraction","floor":32,"key":"SMITH"}],"neow_cost":"NONE","seed_source_timestamp":427573851521696,"circlet_count":0,"master_deck":["Defend_G","Defend_G","Defend_G","Defend_G+1","Strike_G","Strike_G","Strike_G","Strike_G","Strike_G","Survivor","Neutralize+1","Dagger Spray+1","Backflip+1","Well Laid Plans","Corpse Explosion","Flechettes","Setup+1","Unload","Burst+1","Deflect+1","PiercingWail+1","Bane+1","Distraction+1"],"relics":["Ring of the Snake","Ginger","Coffee Dripper","Oddly Smooth Stone","Potion Belt","Peace Pipe"],"potions_floor_usage":[5,7,14,16,20,24,30,33],"damage_taken":[{"damage":0,"enemies":"2 Louse","floor":1,"turns":3},{"damage":0,"enemies":"Cultist","floor":2,"turns":3},{"damage":0,"enemies":"Jaw Worm","floor":4,"turns":5},{"damage":4,"enemies":"Blue Slaver","floor":5,"turns":4},{"damage":33,"enemies":"Lagavulin","floor":7,"turns":8},{"damage":10,"enemies":"Lots of Slimes","floor":8,"turns":2},{"damage":0,"enemies":"Looter","floor":12,"turns":3},{"damage":0,"enemies":"Gremlin Gang","floor":13,"turns":2},{"damage":0,"enemies":"3 Louse","floor":14,"turns":2},{"damage":11,"enemies":"The Guardian","floor":16,"turns":12},{"damage":8,"enemies":"2 Thieves","floor":18,"turns":3},{"damage":5,"enemies":"3 Byrds","floor":19,"turns":2},{"damage":17,"enemies":"Snecko","floor":20,"turns":6},{"damage":22,"enemies":"Centurion and Healer","floor":21,"turns":6},{"damage":0,"enemies":"Snake Plant","floor":24,"turns":6},{"damage":7,"enemies":"Snecko","floor":29,"turns":5},{"damage":10,"enemies":"Chosen and Byrds","floor":30,"turns":6},{"damage":7,"enemies":"Automaton","floor":33,"turns":2}],"seed_played":"-7988996662766345464","potions_obtained":[{"floor":4,"key":"PowerPotion"},{"floor":5,"key":"SkillPotion"},{"floor":8,"key":"Dexterity Potion"},{"floor":13,"key":"Fire Potion"},{"floor":19,"key":"Strength Potion"},{"floor":21,"key":"Swift Potion"},{"floor":29,"key":"Fire Potion"},{"floor":30,"key":"FearPotion"}],"is_trial":false,"path_per_floor":["M","M","$","M","M","R","E","M","T","?","R","M","M","M","R","B",null,"M","M","M","M","T","R","M","R","T","R","$","M","M","?","R","B"],"character_chosen":"THE_SILENT","items_purchased":["Peace Pipe","Distraction"],"campfire_rested":1,"item_purchase_floors":[28,28],"current_hp_per_floor":[70,70,70,70,66,66,33,23,23,23,23,23,23,23,44,33,70,62,57,40,18,18,18,18,18,18,18,18,11,1,1,1,0],"gold":0,"neow_bonus":"UPGRADE_CARD","is_prod":false,"is_daily":false,"chose_seed":false,"campfire_upgraded":6,"win_rate":0,"timestamp":1560404499,"path_taken":["M","M","$","M","M","R","E","M","T","?","R","M","?","M","R","BOSS","M","M","M","?","?","R","M","R","T","R","$","M","M","?","R","BOSS"],"build_version":"2019-01-23","purchased_purges":1,"victory":false,"max_hp_per_floor":[70,70,70,70,70,70,70,70,70,70,70,70,70,70,70,70,70,70,70,70,70,70,70,70,70,70,70,70,70,70,70,70,70],"card_choices":[{"not_picked":["Skewer","Deflect"],"picked":"Dagger Spray","floor":1},{"not_picked":["Endless Agony","Bane"],"picked":"Backflip","floor":2},{"not_picked":["Outmaneuver","Predator"],"picked":"Well Laid Plans","floor":4},{"not_picked":["Deflect","Dagger Throw","Infinite Blades"],"picked":"SKIP","floor":5},{"not_picked":["Bane","Blur"],"picked":"Corpse Explosion","floor":7},{"not_picked":["Crippling Poison","Prepared"],"picked":"Flechettes","floor":8},{"not_picked":["Blade Dance","Outmaneuver"],"picked":"Setup","floor":12},{"not_picked":["Dodge and Roll","Dagger Throw","Blade Dance"],"picked":"SKIP","floor":13},{"not_picked":["Calculated Gamble","Blade Dance"],"picked":"Unload","floor":14},{"not_picked":["Tools of the Trade","Unload"],"picked":"Burst","floor":16},{"not_picked":["Acrobatics+1","Poisoned Stab+1","Backflip+1"],"picked":"SKIP","floor":18},{"not_picked":["Dodge and Roll","Acrobatics"],"picked":"Deflect+1","floor":19},{"not_picked":["Backflip","Eviscerate+1","Finisher+1"],"picked":"SKIP","floor":20},{"not_picked":["Endless Agony","Catalyst"],"picked":"PiercingWail+1","floor":21},{"not_picked":["Sucker Punch","Crippling Poison"],"picked":"Bane+1","floor":24},{"not_picked":["Skewer","Predator","Prepared"],"picked":"SKIP","floor":29},{"not_picked":["Endless Agony","Dodge and Roll","Sucker Punch"],"picked":"SKIP","floor":30}],"player_experience":358582,"relics_obtained":[{"floor":7,"key":"Ginger"},{"floor":22,"key":"Oddly Smooth Stone"},{"floor":26,"key":"Potion Belt"}],"event_choices":[{"damage_healed":0,"gold_gain":100,"player_choice":"Pray","damage_taken":0,"max_hp_gain":0,"max_hp_loss":0,"event_name":"Golden Shrine","floor":10,"gold_loss":0},{"damage_healed":0,"gold_gain":0,"player_choice":"Paid Fearfully","damage_taken":0,"max_hp_gain":0,"max_hp_loss":0,"event_name":"Masked Bandits","floor":31,"gold_loss":145}],"is_beta":false,"boss_relics":[{"not_picked":["WristBlade","Empty Cage"],"picked":"Coffee Dripper"}],"items_purged_floors":[3],"is_endless":false,"potions_floor_spawned":[4,5,8,13,19,21,29,30],"killed_by":"Automaton","ascension_level":0}