{"gold_per_floor":[109,122,122,135,135,135,168,182,209,237,237,255,265,276,276,378,378,392,31,31,31,31,31,31],"floor_reached":24,"playtime":673,"items_purged":[],"score":330,"play_id":"9526a823-53a6-413b-8422-61e0f2a6e9c8","local_time":"20181115224835","is_ascension_mode":true,"campfire_choices":[{"data":"Hyperbeam","floor":6,"key":"SMITH"},{"floor":11,"key":"REST"},{"data":"Consume","floor":15,"key":"SMITH"},{"data":"Defragment","floor":23,"key":"SMITH"}],"neow_cost":"CURSE","seed_source_timestamp":16495687547382,"circlet_count":0,"master_deck":["AscendersBane","Strike_B","Strike_B","Strike_B","Strike_B","Defend_B","Defend_B","Defend_B","Defend_B","Zap","Dualcast+1","Injury","Barrage+1","Ball Lightning","Hyperbeam+1","Seek","Cold Snap","Leap","Consume+1","Rebound","BootSequence","Seek","Defragment+1","Discovery","Writhe","Cold Snap","Core Surge"],"relics":["Cracked Core","Nunchaku","Orichalcum","Happy Flower","Boot","Bag of Marbles","Busted Crown","Runic Capacitor","Blood Vial"],"potions_floor_usage":[16],"damage_taken":[{"damage":2,"enemies":"Jaw Worm","floor":1,"turns":3},{"damage":1,"enemies":"2 Louse","floor":2,"turns":2},{"damage":0,"enemies":"Cultist","floor":4,"turns":3},{"damage":2,"enemies":"Gremlin Nob","floor":7,"turns":3},{"damage":0,"enemies":"2 Fungi Beasts","floor":8,"turns":2},{"damage":21,"enemies":"Lagavulin","floor":10,"turns":7},{"damage":0,"enemies":"Lots of Slimes","floor":12,"turns":1},{"damage":8,"enemies":"3 Louse","floor":13,"turns":2},{"damage":0,"enemies":"Exordium Thugs","floor":14,"turns":1},{"damage":10,"enemies":"Slime Boss","floor":16,"turns":6},{"damage":2,"enemies":"3 Byrds","floor":18,"turns":3},{"damage":75,"enemies":"Gremlin Leader","floor":24,"turns":6}],"seed_played":"7797235620681869501","potions_obtained":[{"floor":4,"key":"LiquidBronze"},{"floor":10,"key":"AttackPotion"},{"floor":12,"key":"FearPotion"}],"is_trial":false,"path_per_floor":["M","M","?","M","?","R","E","M","T","E","R","M","M","M","R","B",null,"M","$","?","$","?","R","E"],"character_chosen":"DEFECT","items_purchased":["Defragment","Runic Capacitor","Discovery"],"campfire_rested":1,"item_purchase_floors":[19,19,19],"current_hp_per_floor":[66,65,50,50,50,50,48,48,48,27,49,49,41,41,41,31,64,62,62,62,62,62,62,0],"gold":31,"neow_bonus":"ONE_RARE_RELIC","is_prod":false,"is_daily":false,"chose_seed":false,"campfire_upgraded":3,"win_rate":0,"timestamp":1542350915,"path_taken":["M","M","?","M","?","R","E","M","T","E","R","?","M","M","R","BOSS","M","$","?","$","?","R","E"],"build_version":"2018-11-15","purchased_purges":0,"victory":false,"max_hp_per_floor":[75,75,75,75,75,75,75,75,75,75,75,75,75,75,75,75,75,75,75,75,75,75,75,75],"card_choices":[{"not_picked":["Gash","Go for the Eyes"],"picked":"Barrage","floor":1},{"not_picked":["Go for the Eyes","Conserve Battery"],"picked":"Ball Lightning","floor":2},{"not_picked":["Coolheaded","Force Field"],"picked":"Hyperbeam","floor":4},{"not_picked":["Streamline","Compile Driver"],"picked":"Seek","floor":7},{"not_picked":["Doom and Gloom","Steam"],"picked":"Cold Snap","floor":8},{"not_picked":["Steam","Machine Learning"],"picked":"Leap","floor":10},{"not_picked":["Beam Cell","Cold Snap"],"picked":"Consume","floor":12},{"not_picked":["Loop","Barrage"],"picked":"Rebound","floor":13},{"not_picked":["Heatsinks","Recycle"],"picked":"BootSequence","floor":14},{"not_picked":["Meteor Strike","Rainbow"],"picked":"Seek","floor":16},{"not_picked":["Turbo"],"picked":"SKIP","floor":18}],"player_experience":730767,"relics_obtained":[{"floor":7,"key":"Happy Flower"},{"floor":9,"key":"Boot"},{"floor":10,"key":"Bag of Marbles"}],"event_choices":[{"damage_healed":0,"gold_gain":0,"player_choice":"Entered Light","damage_taken":15,"max_hp_gain":0,"max_hp_loss":0,"event_name":"Shining Light","floor":3,"gold_loss":0,"cards_upgraded":["Barrage","Dualcast"]},{"damage_healed":0,"gold_gain":0,"player_choice":"Gave Potion","damage_taken":0,"relics_obtained":["Orichalcum"],"max_hp_gain":0,"max_hp_loss":0,"event_name":"WeMeetAgain","floor":5,"gold_loss":0},{"damage_healed":0,"gold_gain":0,"player_choice":"Opened","damage_taken":0,"relics_obtained":["Blood Vial"],"max_hp_gain":0,"max_hp_loss":0,"event_name":"The Mausoleum","floor":20,"gold_loss":0,"cards_obtained":["Writhe"]},{"damage_healed":0,"gold_gain":0,"player_choice":"2 cards matched","damage_taken":0,"max_hp_gain":0,"max_hp_loss":0,"event_name":"Match and Keep!","floor":22,"gold_loss":0,"cards_obtained":["Cold Snap","Core Surge"]}],"is_beta":false,"boss_relics":[{"not_picked":["Eternal Feather","Calling Bell"],"picked":"Busted Crown"}],"items_purged_floors":[],"is_endless":false,"potions_floor_spawned":[4,10,12,14],"killed_by":"Gremlin Leader","ascension_level":12}