{"gold_per_floor":[118,136,151,151,162,188,188,188,188,188,188,113,139,159,159,159],"floor_reached":16,"playtime":716,"items_purged":["Parasite"],"score":127,"play_id":"3a86044e-d182-4d7a-9340-096c2aefb2c0","local_time":"20190602031847","is_ascension_mode":true,"campfire_choices":[{"floor":7,"key":"REST"},{"floor":10,"key":"REST"},{"data":"Quick Slash","floor":15,"key":"SMITH"}],"neow_cost":"NONE","seed_source_timestamp":544436689843194,"circlet_count":0,"master_deck":["Defend_G","Defend_G","Defend_G","Defend_G","Defend_G","Strike_G","Strike_G","Strike_G","Strike_G","Strike_G","Survivor","Neutralize","Backstab","Poisoned Stab","Quick Slash+1","Backflip","Bullet Time","Well Laid Plans"],"relics":["Ring of the Snake","Lantern","Dodecahedron","Darkstone Periapt","Gremlin Horn","Happy Flower"],"potions_floor_usage":[6,16],"damage_taken":[{"damage":0,"enemies":"2 Louse","floor":1,"turns":2},{"damage":2,"enemies":"Jaw Worm","floor":2,"turns":3},{"damage":0,"enemies":"Small Slimes","floor":3,"turns":3},{"damage":0,"enemies":"Blue Slaver","floor":5,"turns":2},{"damage":46,"enemies":"Lagavulin","floor":6,"turns":8},{"damage":22,"enemies":"3 Sentries","floor":13,"turns":9},{"damage":1,"enemies":"2 Fungi Beasts","floor":14,"turns":3},{"damage":71,"enemies":"Slime Boss","floor":16,"turns":10}],"seed_played":"-8688977219835133706","potions_obtained":[{"floor":2,"key":"Poison Potion"},{"floor":5,"key":"Fire Potion"},{"floor":13,"key":"SteroidPotion"}],"is_trial":false,"path_per_floor":["M","M","M","?","M","E","R","?","T","R","?","$","E","M","R","B"],"character_chosen":"THE_SILENT","items_purchased":[],"campfire_rested":2,"item_purchase_floors":[],"current_hp_per_floor":[70,68,68,56,56,10,31,54,54,76,81,78,56,55,55,0],"gold":159,"neow_bonus":"RANDOM_COMMON_RELIC","is_prod":false,"is_daily":false,"chose_seed":false,"campfire_upgraded":1,"win_rate":0,"timestamp":1559470727,"path_taken":["M","M","M","?","M","E","R","?","T","R","?","?","E","M","R","BOSS"],"build_version":"2019-01-23","purchased_purges":1,"victory":false,"max_hp_per_floor":[70,70,70,70,70,70,70,76,76,76,81,78,78,78,78,78],"card_choices":[{"not_picked":["Dodge and Roll","Dagger Throw"],"picked":"Backstab","floor":1},{"not_picked":["Bane","Bouncing Flask"],"picked":"Poisoned Stab","floor":2},{"not_picked":["Deadly Poison","Accuracy"],"picked":"Quick Slash","floor":3},{"not_picked":["Concentrate","Outmaneuver"],"picked":"Backflip","floor":5},{"not_picked":["Backflip","Well Laid Plans"],"picked":"Bullet Time","floor":6},{"not_picked":["Concentrate","Catalyst"],"picked":"Well Laid Plans","floor":13},{"not_picked":["Quick Slash","Dodge and Roll","Blur"],"picked":"SKIP","floor":14}],"player_experience":269950,"relics_obtained":[{"floor":6,"key":"Darkstone Periapt"},{"floor":9,"key":"Gremlin Horn"},{"floor":13,"key":"Happy Flower"}],"event_choices":[{"damage_healed":0,"gold_gain":0,"player_choice":"Success","damage_taken":12,"relics_obtained":["Dodecahedron"],"max_hp_gain":0,"max_hp_loss":0,"event_name":"Scrap Ooze","floor":4,"gold_loss":0},{"damage_healed":17,"gold_gain":0,"player_choice":"Healed and dodged fight","damage_taken":0,"max_hp_gain":0,"max_hp_loss":0,"event_name":"Mushrooms","floor":8,"gold_loss":0,"cards_obtained":["Parasite"]},{"damage_healed":0,"gold_gain":0,"player_choice":"Donut","damage_taken":0,"max_hp_gain":5,"max_hp_loss":0,"event_name":"Big Fish","floor":11,"gold_loss":0}],"is_beta":false,"boss_relics":[],"items_purged_floors":[12],"is_endless":false,"potions_floor_spawned":[2,5,13],"killed_by":"Slime Boss","ascension_level":3}