{"gold_per_floor":[112,4,4,23,23,53,53,53,53,53,73,102,118,152,152,229,229,247,75,89,89,124,124],"floor_reached":23,"playtime":1129,"items_purged":[],"score":464,"play_id":"cf97809f-f7b6-45d1-ae4e-8358f33bda36","local_time":"20190620205838","is_ascension_mode":true,"campfire_choices":[{"data":"Bash","floor":7,"key":"SMITH"},{"data":"Twin Strike","floor":10,"key":"SMITH"},{"data":"Whirlwind","floor":15,"key":"SMITH"}],"neow_cost":"NONE","seed_source_timestamp":593108297939880,"circlet_count":0,"master_deck":["AscendersBane","Strike_R","Strike_R","Strike_R","Defend_R","Defend_R","Defend_R","Defend_R","Bash+1","Perfected Strike+1","Twin Strike+1","Metallicize+1","Inflame","Cleave","Twin Strike","Whirlwind+1","Thunderclap","Immolate","Flame Barrier","Twin Strike","Shrug It Off","Sentinel","Uppercut"],"relics":["Burning Blood","NeowsBlessing","Frozen Egg 2","Champion Belt","Meat on the Bone","Bag of Preparation","Eternal Feather","Anchor","Red Mask"],"potions_floor_usage":[22],"damage_taken":[{"damage":0,"enemies":"2 Louse","floor":1,"turns":1},{"damage":0,"enemies":"Cultist","floor":4,"turns":1},{"damage":0,"enemies":"3 Sentries","floor":6,"turns":2},{"damage":10,"enemies":"Jaw Worm","floor":11,"turns":3},{"damage":21,"enemies":"Gremlin Nob","floor":12,"turns":4},{"damage":6,"enemies":"3 Louse","floor":13,"turns":3},{"damage":22,"enemies":"Lagavulin","floor":14,"turns":5},{"damage":34,"enemies":"Slime Boss","floor":16,"turns":6},{"damage":8,"enemies":"Chosen","floor":18,"turns":4},{"damage":27,"enemies":"Spheric Guardian","floor":20,"turns":5},{"damage":45,"enemies":"Masked Bandits","floor":22,"turns":4},{"damage":35,"enemies":"Gremlin Leader","floor":23,"turns":3}],"seed_played":"-7270603058481057669","potions_obtained":[{"floor":4,"key":"Explosive Potion"},{"floor":6,"key":"Dexterity Potion"},{"floor":22,"key":"EssenceOfSteel"}],"is_trial":false,"path_per_floor":["M","$","?","M","?","E","R","?","T","R","M","E","M","E","R","B",null,"M","$","M","?","?","E"],"character_chosen":"IRONCLAD","items_purchased":["Twin Strike","Metallicize","Anchor"],"campfire_rested":0,"item_purchase_floors":[2,2,19],"current_hp_per_floor":[74,74,74,75,75,75,75,75,75,75,71,56,56,52,52,36,65,63,63,54,54,27,0],"gold":124,"neow_bonus":"THREE_ENEMY_KILL","is_prod":false,"is_daily":false,"chose_seed":false,"campfire_upgraded":3,"win_rate":0,"timestamp":1561078718,"path_taken":["M","$","?","M","?","E","R","?","T","R","?","E","M","E","R","BOSS","M","$","M","?","?","E"],"build_version":"2019-01-23","purchased_purges":0,"victory":false,"max_hp_per_floor":[75,75,75,75,75,75,75,75,75,75,75,75,75,75,75,75,75,75,75,75,75,75,75],"card_choices":[{"not_picked":["Headbutt","Heavy Blade"],"picked":"Perfected Strike","floor":1},{"not_picked":["Shrug It Off","True Grit"],"picked":"Inflame","floor":4},{"not_picked":["Havoc","Anger"],"picked":"Cleave","floor":6},{"not_picked":["Clash","Cleave","Wild Strike"],"picked":"SKIP","floor":11},{"not_picked":["Wild Strike","Shockwave"],"picked":"Twin Strike","floor":12},{"not_picked":["Cleave","Infernal Blade"],"picked":"Whirlwind","floor":13},{"not_picked":["Bloodletting","Thunderclap","Dual Wield"],"picked":"SKIP","floor":14},{"not_picked":["Bloodletting","Dual Wield"],"picked":"Thunderclap","floor":14},{"not_picked":["Exhume","Brutality+1"],"picked":"Immolate","floor":16},{"not_picked":["Evolve+1","Sentinel+1"],"picked":"Flame Barrier","floor":18},{"not_picked":["Clash","Warcry"],"picked":"Twin Strike","floor":20},{"not_picked":["Wild Strike","Havoc"],"picked":"Uppercut","floor":22}],"player_experience":942159,"relics_obtained":[{"floor":6,"key":"Frozen Egg 2"},{"floor":9,"key":"Champion Belt"},{"floor":12,"key":"Meat on the Bone"},{"floor":14,"key":"Bag of Preparation"},{"floor":22,"key":"Red Mask"}],"event_choices":[{"damage_healed":0,"gold_gain":0,"player_choice":"Grow","damage_taken":0,"max_hp_gain":0,"max_hp_loss":0,"event_name":"Living Wall","floor":3,"gold_loss":0,"cards_upgraded":["Perfected Strike"]},{"damage_healed":0,"gold_gain":0,"player_choice":"Leave","damage_taken":0,"max_hp_gain":0,"max_hp_loss":0,"event_name":"The Cleric","floor":5,"gold_loss":0},{"damage_healed":0,"gold_gain":0,"player_choice":"Upgraded","damage_taken":0,"max_hp_gain":0,"max_hp_loss":0,"event_name":"Upgrade Shrine","floor":8,"gold_loss":0,"cards_upgraded":["Metallicize"]},{"damage_healed":0,"gold_gain":0,"cards_transformed":["Strike_R","Strike_R"],"player_choice":"Became Test Subject","damage_taken":0,"max_hp_gain":0,"max_hp_loss":0,"event_name":"Drug Dealer","floor":21,"gold_loss":0,"cards_obtained":["Shrug It Off","Sentinel"]},{"damage_healed":0,"gold_gain":0,"player_choice":"Fought Bandits","damage_taken":0,"max_hp_gain":0,"max_hp_loss":0,"event_name":"Masked Bandits","floor":22,"gold_loss":0}],"is_beta":false,"boss_relics":[{"not_picked":["White Beast Statue","Runic Pyramid"],"picked":"Eternal Feather"}],"items_purged_floors":[],"is_endless":false,"potions_floor_spawned":[4,6,11,14,22],"killed_by":"Gremlin Leader","ascension_level":20}