{"gold_per_floor":[118,130,130,130,205,205,235,235,235,49,65,83,83,416,416,519,519,529,128,128,6,16,16],"floor_reached":23,"playtime":814,"items_purged":["Strike_G"],"score":236,"play_id":"44004c3d-5c44-4ba8-912a-cf7cbb19ccaa","local_time":"20190209135613","is_ascension_mode":true,"campfire_choices":[{"data":"Sucker Punch","floor":6,"key":"SMITH"},{"floor":8,"key":"REST"},{"floor":13,"key":"REST"},{"data":"Envenom","floor":15,"key":"SMITH"}],"neow_cost":"NONE","seed_source_timestamp":796205622829049,"circlet_count":0,"master_deck":["Defend_G","Defend_G","Defend_G","Defend_G","Defend_G","Strike_G","Strike_G","Strike_G","Survivor","Neutralize","Sucker Punch+1","Quick Slash","Quick Slash","Deadly Poison","Crippling Poison","Envenom+1","Blur","Malaise","Deadly Poison","Quick Slash","Cloak And Dagger","Bouncing Flask","Catalyst","Leg Sweep","Cloak And Dagger","Well Laid Plans","Noxious Fumes","Poisoned Stab","Bane"],"relics":["Ring of the Snake","Turnip","StoneCalendar","Old Coin","Orrery","Matryoshka"],"potions_floor_usage":[12,16,23,23],"damage_taken":[{"damage":0,"enemies":"2 Louse","floor":1,"turns":3},{"damage":1,"enemies":"Jaw Worm","floor":2,"turns":4},{"damage":44,"enemies":"Lagavulin","floor":7,"turns":7},{"damage":0,"enemies":"Small Slimes","floor":11,"turns":3},{"damage":0,"enemies":"2 Fungi Beasts","floor":12,"turns":2},{"damage":15,"enemies":"Gremlin Nob","floor":14,"turns":4},{"damage":10,"enemies":"The Guardian","floor":16,"turns":9},{"damage":3,"enemies":"Spheric Guardian","floor":18,"turns":8},{"damage":16,"enemies":"2 Thieves","floor":22,"turns":4},{"damage":64,"enemies":"Slavers","floor":23,"turns":4}],"seed_played":"690956187809870536","potions_obtained":[{"floor":7,"key":"SteroidPotion"},{"floor":11,"key":"Fire Potion"},{"floor":16,"key":"Strength Potion"},{"floor":22,"key":"PowerPotion"}],"is_trial":false,"path_per_floor":["M","M","?","$","?","R","E","R","T","$","M","M","R","E","R","B",null,"M","$","?","$","M","E"],"character_chosen":"THE_SILENT","items_purchased":["Crippling Poison","Envenom","Matryoshka","Well Laid Plans","Noxious Fumes","Poisoned Stab"],"campfire_rested":2,"item_purchase_floors":[10,10,19,19,21,21],"current_hp_per_floor":[77,76,76,76,65,65,21,44,44,44,44,44,67,52,52,42,77,74,74,74,74,58,0],"gold":16,"neow_bonus":"TEN_PERCENT_HP_BONUS","is_prod":false,"is_daily":false,"chose_seed":false,"campfire_upgraded":2,"win_rate":0,"timestamp":1549738573,"path_taken":["M","M","?","$","?","R","E","R","T","$","M","M","R","E","R","BOSS","M","$","?","$","M","E"],"build_version":"2019-01-23","purchased_purges":1,"victory":false,"max_hp_per_floor":[77,77,77,77,77,77,77,77,77,77,77,77,77,77,77,77,77,77,77,77,77,77,77],"card_choices":[{"not_picked":["Outmaneuver","Skewer"],"picked":"Sucker Punch","floor":1},{"not_picked":["Tactician","Accuracy"],"picked":"Quick Slash","floor":2},{"not_picked":["Endless Agony","Calculated Gamble"],"picked":"Deadly Poison","floor":7},{"not_picked":["Slice","Deadly Poison"],"picked":"Blur","floor":11},{"not_picked":["Masterful Stab","Quick Slash"],"picked":"Malaise","floor":12},{"not_picked":["Concentrate","Slice"],"picked":"Deadly Poison","floor":14},{"not_picked":["Calculated Gamble","Dodge and Roll"],"picked":"Quick Slash","floor":17},{"not_picked":["Dagger Throw","Flying Knee"],"picked":"Cloak And Dagger","floor":17},{"not_picked":["Flechettes","Deflect"],"picked":"Bouncing Flask","floor":17},{"not_picked":["Flechettes","Tactician"],"picked":"Catalyst","floor":17},{"not_picked":["Prepared","Endless Agony"],"picked":"Leg Sweep","floor":17},{"not_picked":["Malaise","Tactician"],"picked":"Cloak And Dagger","floor":18},{"not_picked":["Acrobatics","Eviscerate"],"picked":"Bane","floor":22}],"player_experience":188892,"relics_obtained":[{"floor":7,"key":"Turnip"},{"floor":9,"key":"StoneCalendar"},{"floor":14,"key":"Old Coin"}],"event_choices":[{"damage_healed":0,"gold_gain":0,"cards_transformed":["Strike_G"],"player_choice":"Change","damage_taken":0,"max_hp_gain":0,"max_hp_loss":0,"event_name":"Living Wall","floor":3,"gold_loss":0,"cards_obtained":["Quick Slash"]},{"damage_healed":0,"gold_gain":75,"player_choice":"Gather Gold","damage_taken":11,"max_hp_gain":0,"max_hp_loss":0,"event_name":"World of Goop","floor":5,"gold_loss":0},{"damage_healed":0,"gold_gain":0,"player_choice":"Ignored","damage_taken":0,"max_hp_gain":0,"max_hp_loss":0,"event_name":"Ghosts","floor":20,"gold_loss":0}],"is_beta":false,"boss_relics":[{"not_picked":["Snecko Eye","Coffee Dripper"],"picked":"Orrery"}],"items_purged_floors":[19],"is_endless":false,"potions_floor_spawned":[7,11,16,22],"killed_by":"Slavers","ascension_level":4}