{"gold_per_floor":[119,119,119,136,146,146,146,162,230,259,319,338,43,62,62,133,133,149,149,159,175,175,175,56,76,129,129,147,197,225,225,225,302,302,319,330,330,208,220,220],"floor_reached":40,"playtime":1345,"items_purged":["Strike_G"],"score":866,"play_id":"7be1b52b-4222-4e14-8b91-616349ad4727","local_time":"20190614095740","is_ascension_mode":true,"campfire_choices":[{"data":"Bouncing Flask","floor":6,"key":"SMITH"},{"floor":15,"key":"REST"},{"data":"Noxious Fumes","floor":23,"key":"SMITH"},{"floor":27,"key":"REST"},{"floor":32,"key":"REST"}],"neow_cost":"NONE","seed_source_timestamp":34811347482180,"circlet_count":0,"master_deck":["AscendersBane","Defend_G","Defend_G","Defend_G","Defend_G","Defend_G","Strike_G","Strike_G","Survivor","Neutralize","Quick Slash+1","Bouncing Flask+1","Cloak And Dagger","Bane","Deadly Poison","A Thousand Cuts","Noxious Fumes+1","Escape Plan","Adrenaline","PiercingWail","Leg Sweep","Well Laid Plans","Flechettes","Catalyst","Predator","Catalyst","Deadly Poison","Corpse Explosion","Footwork"],"relics":["Ring of the Snake","NeowsBlessing","Snake Skull","Pear","Art of War","Blood Vial","TwistedFunnel","White Beast Statue","NlothsMask","The Courier","Busted Crown","Anchor"],"potions_floor_usage":[8,10,16,30,33,35,39,40],"damage_taken":[{"damage":0,"enemies":"Cultist","floor":1,"turns":1},{"damage":0,"enemies":"Small Slimes","floor":4,"turns":1},{"damage":0,"enemies":"Jaw Worm","floor":5,"turns":1},{"damage":14,"enemies":"3 Louse","floor":8,"turns":4},{"damage":14,"enemies":"3 Sentries","floor":10,"turns":7},{"damage":12,"enemies":"Lagavulin Event","floor":11,"turns":5},{"damage":0,"enemies":"Large Slime","floor":12,"turns":3},{"damage":2,"enemies":"Lots of Slimes","floor":14,"turns":3},{"damage":12,"enemies":"Slime Boss","floor":16,"turns":6},{"damage":6,"enemies":"Spheric Guardian","floor":18,"turns":3},{"damage":9,"enemies":"Chosen","floor":20,"turns":3},{"damage":1,"enemies":"3 Cultists","floor":21,"turns":4},{"damage":7,"enemies":"Snake Plant","floor":25,"turns":4},{"damage":20,"enemies":"Centurion and Healer","floor":28,"turns":5},{"damage":9,"enemies":"Gremlin Leader","floor":30,"turns":6},{"damage":15,"enemies":"Champ","floor":33,"turns":7},{"damage":0,"enemies":"3 Shapes","floor":35,"turns":4},{"damage":5,"enemies":"3 Darklings","floor":36,"turns":2},{"damage":29,"enemies":"Sphere and 2 Shapes","floor":39,"turns":4},{"damage":45,"enemies":"Nemesis","floor":40,"turns":2}],"seed_played":"2717060680514981858","potions_obtained":[{"floor":4,"key":"SkillPotion"},{"floor":8,"key":"AttackPotion"},{"floor":11,"key":"LiquidBronze"},{"floor":12,"key":"Strength Potion"},{"floor":18,"key":"Poison Potion"},{"floor":20,"key":"GhostInAJar"},{"floor":30,"key":"PowerPotion"},{"floor":33,"key":"Block Potion"},{"floor":35,"key":"Weak Potion"},{"floor":39,"key":"Strength Potion"}],"is_trial":false,"path_per_floor":["M","?","?","M","M","R","?","M","T","E","?","M","$","M","R","B",null,"M","?","M","M","?","R","$","M","T","R","M","?","E","?","R","B",null,"M","M","?","$","M","E"],"character_chosen":"THE_SILENT","items_purchased":["TwistedFunnel","Noxious Fumes","Well Laid Plans","Flechettes","Footwork"],"campfire_rested":3,"item_purchase_floors":[13,13,24,24,38],"current_hp_per_floor":[59,48,41,41,41,41,41,27,37,23,11,13,13,13,35,25,63,59,59,52,53,53,53,53,48,48,70,52,52,45,45,67,54,71,73,70,70,70,43,0],"gold":220,"neow_bonus":"THREE_ENEMY_KILL","is_prod":false,"is_daily":false,"chose_seed":false,"campfire_upgraded":2,"win_rate":0,"timestamp":1560520660,"path_taken":["M","?","?","?","M","R","?","M","T","E","?","M","$","M","R","BOSS","M","?","M","?","?","R","?","M","T","R","M","?","E","?","R","BOSS","M","?","?","$","?","E"],"build_version":"2019-01-23","purchased_purges":1,"victory":false,"max_hp_per_floor":[66,66,66,66,66,66,66,66,76,76,76,76,76,76,76,76,76,76,76,76,76,76,76,76,76,76,76,76,76,76,76,76,76,76,76,76,76,76,76,76],"card_choices":[{"not_picked":["Underhanded Strike","Blade Dance","PiercingWail"],"picked":"SKIP","floor":1},{"not_picked":["Accuracy","Outmaneuver"],"picked":"Quick Slash","floor":4},{"not_picked":["Cloak And Dagger","Well Laid Plans"],"picked":"Bouncing Flask","floor":5},{"not_picked":["Dodge and Roll","Outmaneuver"],"picked":"Cloak And Dagger","floor":8},{"not_picked":["Outmaneuver","Flying Knee"],"picked":"Bane","floor":10},{"not_picked":["Dagger Spray","Blade Dance"],"picked":"Deadly Poison","floor":11},{"not_picked":["Crippling Poison","Blade Dance"],"picked":"A Thousand Cuts","floor":12},{"not_picked":["Tactician","Acrobatics"],"picked":"Escape Plan","floor":14},{"not_picked":["Grand Finale","Doppelganger"],"picked":"Adrenaline","floor":16},{"not_picked":["Blade Dance","Dagger Throw"],"picked":"PiercingWail","floor":18},{"not_picked":["Slice","Acrobatics","Heel Hook"],"picked":"SKIP","floor":20},{"not_picked":["Calculated Gamble","Blade Dance"],"picked":"Leg Sweep","floor":21},{"not_picked":["Flying Knee","Deadly Poison"],"picked":"Catalyst","floor":25},{"not_picked":["PiercingWail+1","Dagger Spray"],"picked":"Predator","floor":28},{"not_picked":["Prepared","Deadly Poison"],"picked":"Catalyst","floor":30},{"not_picked":["Malaise","Bullet Time"],"picked":"Corpse Explosion","floor":33},{"not_picked":["Finisher"],"picked":"SKIP","floor":35},{"not_picked":["Slice"],"picked":"SKIP","floor":36},{"not_picked":["Poisoned Stab"],"picked":"SKIP","floor":39}],"player_experience":891987,"relics_obtained":[{"floor":9,"key":"Pear"},{"floor":10,"key":"Art of War"},{"floor":11,"key":"Blood Vial"},{"floor":30,"key":"The Courier"}],"event_choices":[{"damage_healed":0,"gold_gain":0,"player_choice":"Success","damage_taken":11,"relics_obtained":["Snake Skull"],"max_hp_gain":0,"max_hp_loss":0,"event_name":"Scrap Ooze","floor":2,"gold_loss":0},{"cards_removed":["Strike_G"],"damage_healed":0,"gold_gain":0,"player_choice":"Card Removal","damage_taken":7,"max_hp_gain":0,"max_hp_loss":0,"event_name":"Golden Wing","floor":3,"gold_loss":0},{"damage_healed":0,"gold_gain":0,"player_choice":"Grow","damage_taken":0,"max_hp_gain":0,"max_hp_loss":0,"event_name":"Living Wall","floor":7,"gold_loss":0,"cards_upgraded":["Quick Slash"]},{"damage_healed":0,"gold_gain":0,"player_choice":"Searched \u00272\u0027 times","damage_taken":0,"max_hp_gain":0,"max_hp_loss":0,"event_name":"Dead Adventurer","floor":11,"gold_loss":0},{"damage_healed":0,"gold_gain":0,"player_choice":"Trade","damage_taken":0,"relics_obtained":["NlothsMask"],"max_hp_gain":0,"max_hp_loss":0,"event_name":"FaceTrader","floor":19,"gold_loss":0},{"cards_removed":["Strike_G"],"damage_healed":0,"gold_gain":0,"player_choice":"Card Removal","damage_taken":0,"max_hp_gain":0,"max_hp_loss":0,"event_name":"Wheel of Change","floor":22,"gold_loss":0},{"damage_healed":0,"gold_gain":50,"player_choice":"Stole From Cult","damage_taken":0,"max_hp_gain":0,"max_hp_loss":0,"event_name":"Nest","floor":29,"gold_loss":0},{"damage_healed":0,"gold_gain":0,"player_choice":"1 cards matched","damage_taken":0,"max_hp_gain":0,"max_hp_loss":0,"event_name":"Match and Keep!","floor":31,"gold_loss":0,"cards_obtained":["Deadly Poison"]},{"damage_healed":0,"gold_gain":0,"player_choice":"Gave Potion","damage_taken":0,"relics_obtained":["Anchor"],"max_hp_gain":0,"max_hp_loss":0,"event_name":"WeMeetAgain","floor":37,"gold_loss":0}],"is_beta":false,"boss_relics":[{"not_picked":["HoveringKite","Pandora\u0027s Box"],"picked":"White Beast Statue"},{"not_picked":["Eternal Feather","Sozu"],"picked":"Busted Crown"}],"items_purged_floors":[38],"is_endless":false,"potions_floor_spawned":[4,8,11,12,18,20,21,25,28,30,33,35,36,39],"killed_by":"Nemesis","ascension_level":20}