{"gold_per_floor":[116,129,141,141,141,141,169,169,194,212,312,343,359,377,377,477,477,490,490,540,218,235,269,288,288,288,288,302,108,126,141,141,238,238,252,61,61,61],"floor_reached":38,"playtime":1778,"items_purged":["Strike_R","Strike_R","Strike_R"],"score":618,"play_id":"047f3d92-73c9-4e69-a59c-5896aa4bdee8","local_time":"20190213184846","is_ascension_mode":true,"campfire_choices":[{"data":"Cleave","floor":6,"key":"SMITH"},{"floor":8,"key":"REST"},{"floor":15,"key":"REST"},{"data":"Armaments","floor":25,"key":"SMITH"},{"data":"RitualDagger","floor":27,"key":"SMITH"},{"data":"Armaments","floor":32,"key":"SMITH"}],"neow_cost":"NONE","seed_source_timestamp":2706145171869,"circlet_count":0,"master_deck":["Strike_R","Strike_R","Defend_R+1","Defend_R+1","Defend_R","Defend_R","Bash","Juggernaut","Clash","Intimidate","Cleave+1","Feed","Pommel Strike","Feed","Flame Barrier","RitualDagger+1","Seeing Red","Headbutt+1","Armaments+1","Flame Barrier","Armaments+1","Exhume","Purity","Shrug It Off","Madness","Madness"],"relics":["Burning Blood","Smiling Mask","Turnip","Lantern","Orichalcum","Velvet Choker","Sling","Kunai","Letter Opener","Bag of Preparation","Black Star"],"potions_floor_usage":[16,16,22,23,33,33],"damage_taken":[{"damage":6,"enemies":"Cultist","floor":1,"turns":3},{"damage":0,"enemies":"2 Louse","floor":2,"turns":3},{"damage":9,"enemies":"Small Slimes","floor":3,"turns":3},{"damage":28,"enemies":"3 Sentries","floor":7,"turns":7},{"damage":8,"enemies":"2 Fungi Beasts","floor":10,"turns":4},{"damage":44,"enemies":"Lagavulin","floor":12,"turns":7},{"damage":2,"enemies":"Lots of Slimes","floor":13,"turns":3},{"damage":8,"enemies":"Blue Slaver","floor":14,"turns":4},{"damage":21,"enemies":"The Guardian","floor":16,"turns":11},{"damage":9,"enemies":"2 Thieves","floor":18,"turns":4},{"damage":4,"enemies":"3 Byrds","floor":22,"turns":4},{"damage":12,"enemies":"Slavers","floor":23,"turns":4},{"damage":5,"enemies":"3 Cultists","floor":24,"turns":5},{"damage":16,"enemies":"Snake Plant","floor":28,"turns":4},{"damage":10,"enemies":"Cultist and Chosen","floor":30,"turns":5},{"damage":14,"enemies":"Chosen and Byrds","floor":31,"turns":6},{"damage":41,"enemies":"Champ","floor":33,"turns":12},{"damage":4,"enemies":"3 Shapes","floor":35,"turns":5},{"damage":96,"enemies":"2 Orb Walkers","floor":38,"turns":6}],"seed_played":"8762182324726122969","potions_obtained":[{"floor":1,"key":"Block Potion"},{"floor":7,"key":"PowerPotion"},{"floor":10,"key":"Poison Potion"},{"floor":16,"key":"LiquidBronze"},{"floor":22,"key":"Explosive Potion"},{"floor":23,"key":"Energy Potion"},{"floor":28,"key":"Dexterity Potion"},{"floor":35,"key":"Poison Potion"}],"is_trial":false,"path_per_floor":["M","M","M","?","?","R","E","R","T","M","?","E","M","M","R","B",null,"M","?","?","$","M","E","M","R","T","R","M","$","M","M","R","B",null,"M","$","?","?"],"character_chosen":"IRONCLAD","items_purchased":["Seeing Red","Sling","Bag of Preparation","Purity","Shrug It Off"],"campfire_rested":2,"item_purchase_floors":[21,21,29,36,36],"current_hp_per_floor":[72,78,75,68,52,52,30,54,54,52,52,17,24,25,51,36,76,76,70,70,70,78,78,82,82,82,82,75,75,74,66,66,31,93,98,98,83,0],"gold":61,"neow_bonus":"ONE_RANDOM_RARE_CARD","is_prod":false,"is_daily":false,"chose_seed":false,"campfire_upgraded":4,"win_rate":0,"timestamp":1550101726,"path_taken":["M","M","?","?","?","R","E","R","T","M","?","E","?","M","R","BOSS","M","?","?","$","M","E","?","R","T","R","M","?","M","M","R","BOSS","M","$","?","?"],"build_version":"2019-01-23","purchased_purges":3,"victory":false,"max_hp_per_floor":[80,80,80,80,80,80,80,80,80,80,80,83,86,89,89,89,89,92,92,92,92,98,104,107,107,107,107,110,110,113,113,113,113,113,116,116,116,116],"card_choices":[{"not_picked":["Battle Trance","Body Slam"],"picked":"Clash","floor":1},{"not_picked":["Flex","Wild Strike"],"picked":"Intimidate","floor":2},{"not_picked":["Sever Soul","Wild Strike"],"picked":"Cleave","floor":3},{"not_picked":["Limit Break","Clothesline"],"picked":"Feed","floor":7},{"not_picked":["Blood for Blood","Clash"],"picked":"Pommel Strike","floor":10},{"not_picked":["Bloodletting","Flex","Feel No Pain"],"picked":"SKIP","floor":12},{"not_picked":["Searing Blow","Warcry","Dropkick"],"picked":"SKIP","floor":13},{"not_picked":["Evolve","Rage","Twin Strike"],"picked":"SKIP","floor":14},{"not_picked":["Berserk","Brutality"],"picked":"Feed","floor":16},{"not_picked":["Perfected Strike","Infernal Blade"],"picked":"Flame Barrier","floor":18},{"not_picked":["Second Wind+1","Sword Boomerang+1"],"picked":"Headbutt+1","floor":22},{"not_picked":["Barricade","Clash+1"],"picked":"Armaments","floor":23},{"not_picked":["Warcry","Body Slam","Shockwave+1"],"picked":"SKIP","floor":24},{"not_picked":["Warcry+1","Perfected Strike"],"picked":"Flame Barrier","floor":28},{"not_picked":["Dropkick","Reckless Charge","Iron Wave"],"picked":"SKIP","floor":30},{"not_picked":["Iron Wave","Dropkick+1"],"picked":"Armaments","floor":31},{"not_picked":["Immolate","Limit Break"],"picked":"Exhume","floor":33},{"not_picked":["Iron Wave","Twin Strike+1","Flex"],"picked":"SKIP","floor":35}],"player_experience":243363,"relics_obtained":[{"floor":7,"key":"Turnip"},{"floor":9,"key":"Lantern"},{"floor":12,"key":"Orichalcum"},{"floor":23,"key":"Kunai"},{"floor":26,"key":"Letter Opener"}],"event_choices":[{"damage_healed":0,"gold_gain":0,"player_choice":"Success","damage_taken":7,"relics_obtained":["Smiling Mask"],"max_hp_gain":0,"max_hp_loss":0,"event_name":"Scrap Ooze","floor":4,"gold_loss":0},{"damage_healed":0,"gold_gain":0,"player_choice":"Entered Light","damage_taken":16,"max_hp_gain":0,"max_hp_loss":0,"event_name":"Shining Light","floor":5,"gold_loss":0,"cards_upgraded":["Defend_R","Defend_R"]},{"damage_healed":0,"gold_gain":100,"player_choice":"Pray","damage_taken":0,"max_hp_gain":0,"max_hp_loss":0,"event_name":"Golden Shrine","floor":11,"gold_loss":0},{"damage_healed":0,"gold_gain":0,"player_choice":"Joined the Cult","damage_taken":6,"max_hp_gain":0,"max_hp_loss":0,"event_name":"Nest","floor":19,"gold_loss":0,"cards_obtained":["RitualDagger"]},{"damage_healed":0,"gold_gain":100,"player_choice":"Bet on Murderer","damage_taken":0,"max_hp_gain":0,"max_hp_loss":0,"event_name":"The Joust","floor":20,"gold_loss":50},{"damage_healed":0,"gold_gain":0,"player_choice":"Embrace Madness","damage_taken":15,"max_hp_gain":0,"max_hp_loss":0,"event_name":"Winding Halls","floor":37,"gold_loss":0,"cards_obtained":["Madness","Madness"]},{"damage_healed":0,"gold_gain":0,"player_choice":"Fight","damage_taken":0,"max_hp_gain":0,"max_hp_loss":0,"event_name":"Mysterious Sphere","floor":38,"gold_loss":0}],"is_beta":false,"boss_relics":[{"not_picked":["Runic Dome","Black Blood"],"picked":"Velvet Choker"},{"not_picked":["Runic Pyramid","Snecko Eye"],"picked":"Black Star"}],"items_purged_floors":[21,29,36],"is_endless":false,"potions_floor_spawned":[1,7,10,14,16,22,23,28,31,35],"killed_by":"2 Orb Walkers","ascension_level":8}