{"gold_per_floor":[118,138,63,63,76,76,76,76,76,106,31,41,75,75,75,75],"floor_reached":16,"playtime":345,"items_purged":["Strike_B"],"score":194,"play_id":"1e0c6677-0e0d-46ec-bcbf-8d12c1dca575","local_time":"20190602145638","is_ascension_mode":true,"campfire_choices":[{"data":"Hyperbeam","floor":6,"key":"SMITH"},{"floor":8,"key":"REST"},{"floor":15,"key":"REST"}],"neow_cost":"NONE","seed_source_timestamp":85107554043830,"circlet_count":0,"master_deck":["AscendersBane","Strike_B","Strike_B","Defend_B","Defend_B","Defend_B","Zap","Dualcast","Auto Shields","Hyperbeam+1","Fission","Turbo"],"relics":["Cracked Core","NeowsBlessing","Lantern","Letter Opener","Vajra","Thread and Needle"],"potions_floor_usage":[13,13,16],"damage_taken":[{"damage":0,"enemies":"Cultist","floor":1,"turns":1},{"damage":0,"enemies":"Small Slimes","floor":2,"turns":1},{"damage":0,"enemies":"2 Louse","floor":5,"turns":1},{"damage":19,"enemies":"Lagavulin","floor":10,"turns":6},{"damage":0,"enemies":"Lots of Slimes","floor":12,"turns":1},{"damage":18,"enemies":"Gremlin Nob","floor":13,"turns":3},{"damage":43,"enemies":"Hexaghost","floor":16,"turns":10}],"seed_played":"-4482299594977059909","potions_obtained":[{"floor":1,"key":"FearPotion"},{"floor":2,"key":"FocusPotion"},{"floor":13,"key":"Weak Potion"}],"is_trial":false,"path_per_floor":["M","M","?","?","M","R","?","R","T","E","$","M","E","?","R","B"],"character_chosen":"DEFECT","items_purchased":[],"campfire_rested":2,"item_purchase_floors":[],"current_hp_per_floor":[64,64,64,64,64,64,38,59,59,40,40,40,22,22,43,0],"gold":75,"neow_bonus":"THREE_ENEMY_KILL","is_prod":false,"is_daily":false,"chose_seed":false,"campfire_upgraded":1,"win_rate":0,"timestamp":1559512598,"path_taken":["M","?","?","?","?","R","?","R","T","E","?","M","E","?","R","BOSS"],"build_version":"2019-01-23","purchased_purges":1,"victory":false,"max_hp_per_floor":[71,71,71,71,71,71,71,71,71,71,71,71,71,71,71,71],"card_choices":[{"not_picked":["Redo","Lockon"],"picked":"Auto Shields","floor":1},{"not_picked":["Aggregate","Go for the Eyes","Stack"],"picked":"SKIP","floor":2},{"not_picked":["Rebound","Force Field"],"picked":"Hyperbeam","floor":5},{"not_picked":["Beam Cell","Aggregate"],"picked":"Glacier","floor":10},{"not_picked":["Ball Lightning","Turbo","Stack"],"picked":"SKIP","floor":12},{"not_picked":["Hologram","Sunder"],"picked":"Fission","floor":13}],"player_experience":938506,"relics_obtained":[{"floor":9,"key":"Letter Opener"},{"floor":10,"key":"Vajra"},{"floor":13,"key":"Thread and Needle"}],"event_choices":[{"cards_removed":["Strike_B"],"damage_healed":0,"gold_gain":0,"player_choice":"Card Removal","damage_taken":0,"max_hp_gain":0,"max_hp_loss":0,"event_name":"The Cleric","floor":3,"gold_loss":75},{"cards_removed":["Defend_B"],"damage_healed":0,"gold_gain":0,"player_choice":"Purged","damage_taken":0,"max_hp_gain":0,"max_hp_loss":0,"event_name":"Purifier","floor":4,"gold_loss":0},{"damage_healed":0,"gold_gain":0,"player_choice":"Success","damage_taken":26,"relics_obtained":["Lantern"],"max_hp_gain":0,"max_hp_loss":0,"event_name":"Scrap Ooze","floor":7,"gold_loss":0},{"damage_healed":0,"gold_gain":0,"cards_transformed":["Glacier"],"player_choice":"Transformed","damage_taken":0,"max_hp_gain":0,"max_hp_loss":0,"event_name":"Transmorgrifier","floor":14,"gold_loss":0,"cards_obtained":["Turbo"]}],"is_beta":false,"boss_relics":[],"items_purged_floors":[11],"is_endless":false,"potions_floor_spawned":[1,2,13],"killed_by":"Hexaghost","ascension_level":16}