{"gold_per_floor":[115,115,65,65,80,105,105,136,136,167,23,23,38,57,57,153,153,166,166,91,110,127,127,137,137,137,151,164,182,182,211,211,311,311,323,323,333,64,164,164,193,193,193,193,208,208,64,64,64,64],"floor_reached":50,"playtime":2464,"items_purged":["Strike_R"],"score":770,"play_id":"a90207d6-211a-49c1-abec-4a9a6cd8cb65","local_time":"20190211022945","is_ascension_mode":true,"campfire_choices":[{"floor":7,"key":"REST"},{"floor":12,"key":"REST"},{"data":"Armaments","floor":15,"key":"SMITH"},{"data":"Inflame","floor":23,"key":"SMITH"},{"data":"Armaments","floor":25,"key":"SMITH"},{"floor":30,"key":"REST"},{"floor":32,"key":"REST"},{"floor":40,"key":"DIG"},{"floor":42,"key":"DIG"},{"floor":44,"key":"DIG"},{"floor":49,"key":"DIG"}],"neow_cost":"NONE","seed_source_timestamp":926170167169659,"circlet_count":0,"master_deck":["Strike_R","Strike_R","Strike_R","Defend_R","Defend_R","Bash","Impervious","Armaments+1","Shrug It Off","Pommel Strike","Armaments+1","Thunderclap","Feed","Feed","Inflame+1","Perfected Strike","Iron Wave+1","Ghostly Armor","Heavy Blade+1","Fiend Fire+1","Immolate+1","Cleave+1","Spot Weakness","Iron Wave+1","Thunderclap+1"],"relics":["Black Blood","Unceasing Top","Singing Bowl","Red Skull","Pear","Omamori","Orichalcum","Cursed Key","Molten Egg 2","Happy Flower","ClockworkSouvenir","Shovel","Juzu Bracelet","Blood Vial","Question Card","Potion Belt","Anchor","Bag of Preparation","StoneCalendar"],"potions_floor_usage":[31,33,41,45,50],"damage_taken":[{"damage":2,"enemies":"Jaw Worm","floor":1,"turns":4},{"damage":2,"enemies":"2 Louse","floor":5,"turns":3},{"damage":56,"enemies":"3 Sentries","floor":6,"turns":14},{"damage":26,"enemies":"Gremlin Nob","floor":8,"turns":5},{"damage":25,"enemies":"Lagavulin","floor":10,"turns":7},{"damage":9,"enemies":"Small Slimes","floor":13,"turns":4},{"damage":1,"enemies":"3 Louse","floor":14,"turns":5},{"damage":40,"enemies":"The Guardian","floor":16,"turns":13},{"damage":12,"enemies":"Shell Parasite","floor":18,"turns":8},{"damage":6,"enemies":"3 Byrds","floor":21,"turns":8},{"damage":4,"enemies":"Snecko","floor":22,"turns":6},{"damage":13,"enemies":"Centurion and Healer","floor":24,"turns":6},{"damage":16,"enemies":"Snake Plant","floor":27,"turns":4},{"damage":37,"enemies":"3 Cultists","floor":28,"turns":7},{"damage":0,"enemies":"Chosen and Byrds","floor":29,"turns":6},{"damage":32,"enemies":"Book of Stabbing","floor":31,"turns":5},{"damage":59,"enemies":"Collector","floor":33,"turns":12},{"damage":5,"enemies":"Orb Walker","floor":35,"turns":2},{"damage":8,"enemies":"3 Shapes","floor":37,"turns":5},{"damage":26,"enemies":"Mind Bloom Boss Battle","floor":39,"turns":6},{"damage":35,"enemies":"Reptomancer","floor":41,"turns":5},{"damage":57,"enemies":"Writhing Mass","floor":45,"turns":7},{"damage":130,"enemies":"Awakened One","floor":50,"turns":9}],"seed_played":"-4927983995894795441","potions_obtained":[{"floor":6,"key":"BloodPotion"},{"floor":8,"key":"Dexterity Potion"},{"floor":10,"key":"SteroidPotion"},{"floor":29,"key":"Fruit Juice"},{"floor":31,"key":"Explosive Potion"},{"floor":33,"key":"SpeedPotion"}],"is_trial":false,"path_per_floor":["M","?","?","?","M","E","R","E","T","E","$","R","M","M","R","B",null,"M","?","$","M","M","R","M","R","T","M","M","M","R","E","R","B",null,"M","?","M","$","?","R","E","R","T","R","M","?","$","?","R","B"],"character_chosen":"IRONCLAD","items_purchased":["Orichalcum","ClockworkSouvenir","Spot Weakness","Bag of Preparation"],"campfire_rested":4,"item_purchase_floors":[11,38,38,47],"current_hp_per_floor":[76,76,76,76,80,30,54,34,44,27,27,54,53,58,58,24,77,73,73,73,76,80,80,80,80,80,70,46,52,86,65,101,48,102,107,107,117,117,101,101,81,81,81,81,52,119,119,119,119,0],"gold":64,"neow_bonus":"TRANSFORM_CARD","is_prod":false,"is_daily":false,"chose_seed":false,"campfire_upgraded":3,"win_rate":0,"timestamp":1549870185,"path_taken":["M","?","?","?","M","E","R","E","T","E","$","R","M","M","R","BOSS","M","?","$","?","M","R","M","R","T","M","M","M","R","E","R","BOSS","M","?","M","$","?","R","E","R","T","R","M","?","$","?","R","BOSS"],"build_version":"2019-01-23","purchased_purges":1,"victory":false,"max_hp_per_floor":[80,80,80,80,80,80,80,80,90,92,92,92,94,94,94,94,94,96,96,96,99,101,101,108,108,108,108,115,115,115,120,120,120,120,120,120,128,128,128,128,133,133,133,133,136,119,119,119,119,119],"card_choices":[{"not_picked":["Body Slam","Anger"],"picked":"Armaments","floor":1},{"not_picked":["Whirlwind","Feel No Pain","Searing Blow"],"picked":"SKIP","floor":5},{"not_picked":["Exhume","Combust"],"picked":"Pommel Strike","floor":6},{"not_picked":["Havoc","Combust"],"picked":"Armaments","floor":8},{"not_picked":["Anger","Clash","Searing Blow"],"picked":"Singing Bowl","floor":10},{"not_picked":["Clash","Flex","Brutality"],"picked":"Singing Bowl","floor":13},{"not_picked":["Twin Strike","Clothesline"],"picked":"Thunderclap","floor":14},{"not_picked":["Immolate","Barricade"],"picked":"Feed","floor":16},{"not_picked":["Clothesline","Armaments","Sever Soul"],"picked":"Singing Bowl","floor":18},{"not_picked":["Armaments+1","Sword Boomerang"],"picked":"Inflame","floor":21},{"not_picked":["Body Slam","Anger","Fiend Fire"],"picked":"Singing Bowl","floor":22},{"not_picked":["Flex","Combust"],"picked":"Perfected Strike","floor":24},{"not_picked":["Evolve","Shockwave"],"picked":"Iron Wave+1","floor":27},{"not_picked":["Warcry","Entrench"],"picked":"Ghostly Armor","floor":28},{"not_picked":["Flex","Intimidate+1"],"picked":"Heavy Blade+1","floor":29},{"not_picked":["Twin Strike+1","Pommel Strike+1"],"picked":"Fiend Fire+1","floor":31},{"not_picked":["Brutality","Barricade"],"picked":"Immolate+1","floor":33},{"not_picked":["Ghostly Armor","Dual Wield"],"picked":"Cleave+1","floor":35},{"not_picked":["Clash+1","Feel No Pain+1","Flex"],"picked":"Singing Bowl","floor":37},{"not_picked":["Rage","Warcry"],"picked":"Iron Wave+1","floor":39},{"not_picked":["Barricade","Anger+1","Flex+1"],"picked":"Singing Bowl","floor":41},{"not_picked":["Feel No Pain","Havoc","Fire Breathing+1"],"picked":"Thunderclap+1","floor":45}],"player_experience":219195,"relics_obtained":[{"floor":6,"key":"Singing Bowl"},{"floor":8,"key":"Red Skull"},{"floor":9,"key":"Pear"},{"floor":10,"key":"Omamori"},{"floor":26,"key":"Molten Egg 2"},{"floor":31,"key":"Happy Flower"},{"floor":39,"key":"Shovel"},{"floor":40,"key":"Juzu Bracelet"},{"floor":41,"key":"Blood Vial"},{"floor":42,"key":"Question Card"},{"floor":43,"key":"Potion Belt"},{"floor":44,"key":"Anchor"},{"floor":49,"key":"StoneCalendar"}],"event_choices":[{"damage_healed":0,"gold_gain":0,"player_choice":"Box","damage_taken":0,"relics_obtained":["Unceasing Top"],"max_hp_gain":0,"max_hp_loss":0,"event_name":"Big Fish","floor":2,"gold_loss":0,"cards_obtained":["Regret"]},{"cards_removed":["Regret"],"damage_healed":0,"gold_gain":0,"player_choice":"Card Removal","damage_taken":0,"max_hp_gain":0,"max_hp_loss":0,"event_name":"The Cleric","floor":3,"gold_loss":50},{"damage_healed":0,"gold_gain":0,"cards_transformed":["Defend_R"],"player_choice":"Change","damage_taken":0,"max_hp_gain":0,"max_hp_loss":0,"event_name":"Living Wall","floor":4,"gold_loss":0,"cards_obtained":["Shrug It Off"]},{"damage_healed":0,"gold_gain":0,"player_choice":"Copied","damage_taken":0,"max_hp_gain":0,"max_hp_loss":0,"event_name":"Duplicator","floor":19,"gold_loss":0,"cards_obtained":["Feed"]},{"cards_removed":["Defend_R"],"damage_healed":0,"gold_gain":0,"player_choice":"Removed Skill","damage_taken":0,"max_hp_gain":0,"max_hp_loss":0,"event_name":"Falling","floor":36,"gold_loss":0},{"damage_healed":0,"gold_gain":0,"player_choice":"Fight","damage_taken":0,"max_hp_gain":0,"max_hp_loss":0,"event_name":"MindBloom","floor":39,"gold_loss":0},{"damage_healed":119,"gold_gain":0,"player_choice":"Heal","damage_taken":0,"max_hp_gain":0,"max_hp_loss":17,"event_name":"The Moai Head","floor":46,"gold_loss":0},{"damage_healed":0,"gold_gain":0,"player_choice":"Ignored","damage_taken":0,"max_hp_gain":0,"max_hp_loss":0,"event_name":"Mysterious Sphere","floor":48,"gold_loss":0}],"is_beta":false,"boss_relics":[{"not_picked":["Tiny House","Pandora\u0027s Box"],"picked":"Cursed Key"},{"not_picked":["Lizard Tail","Astrolabe"],"picked":"Black Blood"}],"items_purged_floors":[20],"is_endless":false,"potions_floor_spawned":[6,8,10,16,22,27,28,29,31,33,35,37],"killed_by":"Awakened One","ascension_level":7}