{"gold_per_floor":[115,115,115,134,81,81,114,114,196,106,126,126,126],"floor_reached":13,"playtime":299,"items_purged":[],"score":201,"play_id":"c0830a4b-8629-46a0-9ba6-f579ff4f07bd","local_time":"20190616185016","is_ascension_mode":true,"campfire_choices":[{"data":"True Grit","floor":6,"key":"SMITH"},{"data":"Cleave","floor":8,"key":"SMITH"},{"data":"Corruption","floor":12,"key":"SMITH"}],"neow_cost":"NONE","seed_source_timestamp":331250908710393,"circlet_count":0,"master_deck":["AscendersBane","Strike_R","Strike_R","Strike_R","Strike_R","Strike_R","Defend_R","Defend_R","Defend_R","Defend_R","Bash","Disarm+1","Feel No Pain","True Grit+1","Cleave+1","Corruption+1"],"relics":["Burning Blood","NeowsBlessing","Calipers","Bottled Tornado"],"potions_floor_usage":[],"damage_taken":[{"damage":2,"enemies":"Small Slimes","floor":1,"turns":2},{"damage":0,"enemies":"2 Louse","floor":4,"turns":1},{"damage":0,"enemies":"Lagavulin","floor":7,"turns":2},{"damage":7,"enemies":"Jaw Worm","floor":11,"turns":3},{"damage":36,"enemies":"Lagavulin Event","floor":13,"turns":7}],"seed_played":"1219380914221271375","potions_obtained":[],"is_trial":false,"path_per_floor":["M","?","?","M","$","R","E","R","T","$","M","R","?"],"character_chosen":"IRONCLAD","items_purchased":["True Grit","Corruption"],"campfire_rested":0,"item_purchase_floors":[5,10],"current_hp_per_floor":[72,72,72,75,75,75,75,75,75,75,74,74,38],"gold":126,"neow_bonus":"THREE_ENEMY_KILL","is_prod":false,"is_daily":false,"chose_seed":false,"campfire_upgraded":3,"win_rate":0,"timestamp":1560736216,"path_taken":["M","?","?","M","$","R","E","R","T","?","M","R","?"],"build_version":"2019-01-23","purchased_purges":0,"victory":false,"max_hp_per_floor":[75,75,75,75,75,75,75,75,75,75,75,75,75],"card_choices":[{"not_picked":["Havoc","Body Slam"],"picked":"Disarm","floor":1},{"not_picked":["Anger","Perfected Strike"],"picked":"Feel No Pain","floor":4},{"not_picked":["Heavy Blade","Combust"],"picked":"Cleave","floor":7},{"not_picked":["Whirlwind","Corruption","Rupture"],"picked":"SKIP","floor":11}],"player_experience":1024280,"relics_obtained":[{"floor":7,"key":"Calipers"},{"floor":9,"key":"Bottled Tornado"}],"event_choices":[{"damage_healed":0,"gold_gain":0,"player_choice":"Leave","damage_taken":0,"max_hp_gain":0,"max_hp_loss":0,"event_name":"The Cleric","floor":2,"gold_loss":0},{"damage_healed":0,"gold_gain":0,"player_choice":"Grow","damage_taken":0,"max_hp_gain":0,"max_hp_loss":0,"event_name":"Living Wall","floor":3,"gold_loss":0,"cards_upgraded":["Disarm"]},{"damage_healed":0,"gold_gain":0,"player_choice":"Searched \u00271\u0027 times","damage_taken":0,"max_hp_gain":0,"max_hp_loss":0,"event_name":"Dead Adventurer","floor":13,"gold_loss":0}],"is_beta":false,"boss_relics":[],"items_purged_floors":[],"is_endless":false,"potions_floor_spawned":[],"killed_by":"Lagavulin Event","ascension_level":18}