{"gold_per_floor":[110,110,285,90,111,142,142,175,175,211,0,0,0,40,40,170,170,195,195,195,245,31,31,72,88,143,143],"floor_reached":27,"playtime":858,"items_purged":["Doubt","Injury","Strike_B"],"score":291,"play_id":"9a20a1bf-e82d-46b3-8651-3de8e87a3db0","local_time":"20190203175938","is_ascension_mode":true,"campfire_choices":[{"floor":7,"key":"REST"},{"floor":12,"key":"REST"},{"floor":15,"key":"REST"},{"floor":23,"key":"REST"}],"neow_cost":"NONE","seed_source_timestamp":292347546928484,"circlet_count":0,"master_deck":["Strike_B","Strike_B","Strike_B","Defend_B","Defend_B","Defend_B","Defend_B","Zap","Dualcast","Thunder Strike","Stack","Chaos","Sunder","Doom and Gloom","Storm","Reinforced Body","Static Discharge","Apotheosis","Echo Form","Creative AI","Auto Shields+1","Necronomicurse","Stack+1","Auto Shields"],"relics":["Cracked Core","Golden Idol","Question Card","Meat on the Bone","The Courier","Vajra","Juzu Bracelet","Philosopher\u0027s Stone","Necronomicon","Orichalcum","Gambling Chip","Tiny Chest"],"potions_floor_usage":[10,16,27],"damage_taken":[{"damage":8,"enemies":"Small Slimes","floor":1,"turns":3},{"damage":0,"enemies":"2 Louse","floor":5,"turns":3},{"damage":31,"enemies":"Lagavulin","floor":6,"turns":6},{"damage":26,"enemies":"Gremlin Nob","floor":8,"turns":4},{"damage":16,"enemies":"Lagavulin","floor":10,"turns":6},{"damage":26,"enemies":"Gremlin Nob","floor":14,"turns":4},{"damage":1,"enemies":"Slime Boss","floor":16,"turns":5},{"damage":45,"enemies":"Shell Parasite","floor":18,"turns":5},{"damage":30,"enemies":"Gremlin Leader","floor":24,"turns":5},{"damage":17,"enemies":"2 Thieves","floor":25,"turns":5},{"damage":29,"enemies":"Centurion and Healer","floor":27,"turns":2}],"seed_played":"-7813642788487902653","potions_obtained":[{"floor":5,"key":"Weak Potion"},{"floor":8,"key":"Swift Potion"},{"floor":10,"key":"SkillPotion"}],"is_trial":false,"path_per_floor":["M","?","?","$","M","E","R","E","T","E","$","R","?","E","R","B",null,"M","?","?","?","$","R","E","M","T","M"],"character_chosen":"DEFECT","items_purchased":["Chaos","Sunder","Apotheosis","Orichalcum"],"campfire_rested":4,"item_purchase_floors":[4,4,11,22],"current_hp_per_floor":[67,67,67,67,67,36,58,32,32,28,28,50,50,36,58,57,75,42,42,26,26,26,48,30,25,25,0],"gold":143,"neow_bonus":"ONE_RANDOM_RARE_CARD","is_prod":false,"is_daily":false,"chose_seed":false,"campfire_upgraded":0,"win_rate":0,"timestamp":1549234778,"path_taken":["M","?","?","$","M","E","R","E","T","E","$","R","?","E","R","BOSS","M","?","?","?","$","R","E","M","T","M"],"build_version":"2019-01-23","purchased_purges":3,"victory":false,"max_hp_per_floor":[75,75,75,75,75,75,75,75,75,75,75,75,75,75,75,75,75,75,75,75,75,75,75,75,75,75,75],"card_choices":[{"not_picked":["Hologram","Turbo"],"picked":"Stack","floor":1},{"not_picked":["Stack","Rebound"],"picked":"Doom and Gloom","floor":5},{"not_picked":["Melter","Sweeping Beam"],"picked":"Storm","floor":6},{"not_picked":["All For One","FTL","Barrage"],"picked":"Reinforced Body","floor":8},{"not_picked":["Consume","BootSequence","Stack"],"picked":"Static Discharge","floor":10},{"not_picked":["Reboot","Leap","Beam Cell"],"picked":"Echo Form","floor":14},{"not_picked":["Machine Learning","Fission","Echo Form"],"picked":"Creative AI","floor":16},{"not_picked":["Compile Driver+1","Glacier","Static Discharge"],"picked":"Auto Shields+1","floor":18},{"not_picked":["Leap","Redo","Compile Driver"],"picked":"Stack+1","floor":24},{"not_picked":["Sweeping Beam","Steam+1","Hologram"],"picked":"Auto Shields","floor":25}],"player_experience":146517,"relics_obtained":[{"floor":6,"key":"Question Card"},{"floor":8,"key":"Meat on the Bone"},{"floor":9,"key":"The Courier"},{"floor":10,"key":"Vajra"},{"floor":14,"key":"Juzu Bracelet"},{"floor":20,"key":"Necronomicon"},{"floor":24,"key":"Gambling Chip"},{"floor":26,"key":"Tiny Chest"}],"event_choices":[{"damage_healed":0,"gold_gain":0,"player_choice":"Take Wound","damage_taken":0,"relics_obtained":["Golden Idol"],"max_hp_gain":0,"max_hp_loss":0,"event_name":"Golden Idol","floor":2,"gold_loss":0,"cards_obtained":["Injury"]},{"damage_healed":0,"gold_gain":175,"player_choice":"AGREE","damage_taken":0,"max_hp_gain":0,"max_hp_loss":0,"event_name":"Liars Game","floor":3,"gold_loss":0,"cards_obtained":["Doubt"]},{"damage_healed":0,"gold_gain":0,"player_choice":"Leave","damage_taken":0,"max_hp_gain":0,"max_hp_loss":0,"event_name":"The Cleric","floor":13,"gold_loss":0},{"damage_healed":0,"gold_gain":0,"player_choice":"Ignored","damage_taken":0,"max_hp_gain":0,"max_hp_loss":0,"event_name":"Vampires","floor":19,"gold_loss":0},{"damage_healed":0,"gold_gain":0,"player_choice":"Obtained Book","damage_taken":16,"max_hp_gain":0,"max_hp_loss":0,"event_name":"Cursed Tome","floor":20,"gold_loss":0},{"damage_healed":0,"gold_gain":100,"player_choice":"Bet on Murderer","damage_taken":0,"max_hp_gain":0,"max_hp_loss":0,"event_name":"The Joust","floor":21,"gold_loss":50}],"is_beta":false,"boss_relics":[{"not_picked":["Astrolabe","Runic Dome"],"picked":"Philosopher\u0027s Stone"}],"items_purged_floors":[4,11,22],"is_endless":false,"potions_floor_spawned":[5,8,10],"killed_by":"Centurion and Healer","ascension_level":3}