{"gold_per_floor":[114,114,39,62,76,117,131,44,71,71,89,129,68,68,68,164,164,84,84,1,1,1,1,1,1,1,1,1,1,1,1,1,1,1,1,1,1,1,1,1,1,1,1,1,1,1,1,1,1,1],"floor_reached":50,"playtime":2632,"items_purged":["Injury"],"score":1025,"play_id":"153b6c4f-1ffc-4612-b5fc-e4eecfe69ffc","local_time":"20190612115531","is_ascension_mode":true,"campfire_choices":[{"data":"Caltrops","floor":15,"key":"SMITH"},{"data":"Wraith Form v2","floor":23,"key":"SMITH"},{"data":"Noxious Fumes","floor":28,"key":"SMITH"},{"data":"Adrenaline","floor":30,"key":"SMITH"},{"data":"Blur","floor":32,"key":"SMITH"},{"data":"Wraith Form v2","floor":40,"key":"SMITH"},{"data":"Predator","floor":42,"key":"SMITH"},{"data":"Blur","floor":44,"key":"SMITH"},{"data":"Panacea","floor":49,"key":"SMITH"}],"neow_cost":"NONE","seed_source_timestamp":1874620733263,"circlet_count":0,"master_deck":["AscendersBane","Defend_G","Defend_G","Defend_G","Defend_G","Defend_G","Strike_G","Strike_G","Strike_G","Survivor","Neutralize+1","Cloak And Dagger","Predator+1","Caltrops+1","Glass Knife+1","Choke","Footwork+1","All Out Attack","Acrobatics","Wraith Form v2+1","Sucker Punch+1","Blur+1","Blur+1","Dagger Throw","Accuracy","Noxious Fumes+1","Backflip+1","Adrenaline+1","Writhe","Wraith Form v2+1","Dagger Throw","Escape Plan+1","Leg Sweep+1","Tactician","Panacea+1","Writhe"],"relics":["Coffee Dripper","Golden Idol","Whetstone","Centennial Puzzle","Juzu Bracelet","Bottled Flame","Ectoplasm","Blue Candle","PreservedInsect","Snake Skull","Dodecahedron","Runic Pyramid","Letter Opener","Anchor"],"potions_floor_usage":[6,11,16,18,24,25,25,36,50],"damage_taken":[{"damage":0,"enemies":"Small Slimes","floor":1,"turns":3},{"damage":1,"enemies":"Cultist","floor":4,"turns":5},{"damage":0,"enemies":"Jaw Worm","floor":5,"turns":3},{"damage":27,"enemies":"Gremlin Nob","floor":6,"turns":5},{"damage":8,"enemies":"Blue Slaver","floor":7,"turns":3},{"damage":2,"enemies":"Exordium Thugs","floor":11,"turns":6},{"damage":3,"enemies":"Lagavulin","floor":12,"turns":6},{"damage":6,"enemies":"The Guardian","floor":16,"turns":13},{"damage":10,"enemies":"2 Thieves","floor":18,"turns":4},{"damage":6,"enemies":"Shell Parasite","floor":21,"turns":5},{"damage":2,"enemies":"Centurion and Healer","floor":24,"turns":6},{"damage":0,"enemies":"Cultist and Chosen","floor":25,"turns":7},{"damage":8,"enemies":"Book of Stabbing","floor":27,"turns":6},{"damage":15,"enemies":"Automaton","floor":33,"turns":13},{"damage":1,"enemies":"Orb Walker","floor":35,"turns":3},{"damage":2,"enemies":"3 Darklings","floor":36,"turns":5},{"damage":2,"enemies":"Spire Growth","floor":37,"turns":6},{"damage":5,"enemies":"Writhing Mass","floor":38,"turns":7},{"damage":1,"enemies":"3 Darklings","floor":39,"turns":5},{"damage":29,"enemies":"Reptomancer","floor":41,"turns":7},{"damage":1,"enemies":"Maw","floor":45,"turns":8},{"damage":48,"enemies":"Awakened One","floor":50,"turns":19}],"seed_played":"-2289578429744727353","potions_obtained":[{"floor":4,"key":"Regen Potion"},{"floor":5,"key":"GhostInAJar"},{"floor":6,"key":"Ancient Potion"},{"floor":11,"key":"Weak Potion"},{"floor":18,"key":"Fruit Juice"},{"floor":21,"key":"FearPotion"},{"floor":24,"key":"Strength Potion"},{"floor":27,"key":"GamblersBrew"},{"floor":36,"key":"LiquidBronze"},{"floor":37,"key":"Regen Potion"},{"floor":38,"key":"Strength Potion"}],"is_trial":false,"path_per_floor":["M","?","$","M","M","E","M","$","T","?","M","E","?","T","R","B",null,"M","?","$","M","?","R","M","M","T","E","R","?","R","T","R","B",null,"M","M","M","M","M","R","E","R","T","R","M","?","?","?","R","B"],"character_chosen":"THE_SILENT","items_purchased":["Footwork","Blur"],"campfire_rested":0,"item_purchase_floors":[8,20],"current_hp_per_floor":[59,59,59,58,58,31,23,23,23,23,36,33,33,33,33,27,56,51,44,44,38,38,38,36,36,36,28,28,28,28,28,28,13,57,56,54,52,47,46,46,17,17,17,17,16,16,16,30,30,0],"gold":1,"neow_bonus":"BOSS_RELIC","is_prod":false,"is_daily":false,"chose_seed":false,"campfire_upgraded":9,"win_rate":0,"timestamp":1560354931,"path_taken":["M","?","$","M","M","E","M","$","T","?","M","E","?","?","R","BOSS","M","?","?","M","?","R","M","M","T","E","R","?","R","?","R","BOSS","M","M","M","M","M","R","E","R","T","R","M","?","?","?","R","BOSS"],"build_version":"2019-01-23","purchased_purges":1,"victory":false,"max_hp_per_floor":[66,66,66,66,66,66,66,66,66,66,66,66,66,66,66,66,66,71,71,71,71,71,71,71,71,71,71,71,71,71,71,71,71,71,71,71,71,71,71,71,71,71,71,71,71,71,71,71,71,71],"card_choices":[{"not_picked":["Prepared","Quick Slash"],"picked":"Cloak And Dagger","floor":1},{"not_picked":["Flying Knee","Backflip"],"picked":"Predator","floor":4},{"not_picked":["Slice","Deflect"],"picked":"Caltrops","floor":5},{"not_picked":["Cloak And Dagger","Well Laid Plans"],"picked":"Glass Knife","floor":6},{"not_picked":["Calculated Gamble","Outmaneuver"],"picked":"Choke","floor":7},{"not_picked":["Dagger Spray","Tactician"],"picked":"All Out Attack","floor":11},{"not_picked":["Dagger Spray","Predator"],"picked":"Acrobatics","floor":12},{"not_picked":["Die Die Die","Unload"],"picked":"Wraith Form v2","floor":16},{"not_picked":["Poisoned Stab","Quick Slash"],"picked":"Sucker Punch+1","floor":18},{"not_picked":["Slice","Endless Agony"],"picked":"Blur","floor":21},{"not_picked":["Crippling Poison","Heel Hook"],"picked":"Noxious Fumes","floor":24},{"not_picked":["Cloak And Dagger","Bane+1"],"picked":"Backflip+1","floor":25},{"not_picked":["Expertise","Poisoned Stab"],"picked":"Adrenaline","floor":27},{"not_picked":["Glass Knife","Burst"],"picked":"Wraith Form v2","floor":33},{"not_picked":["Expertise","Acrobatics","Deflect"],"picked":"SKIP","floor":35},{"not_picked":["Blade Dance","Dagger Spray"],"picked":"Dagger Throw","floor":36},{"not_picked":["Cloak And Dagger","Prepared"],"picked":"Escape Plan+1","floor":37},{"not_picked":["Backflip","Noxious Fumes"],"picked":"Leg Sweep+1","floor":38},{"not_picked":["Heel Hook","Dagger Spray"],"picked":"Tactician","floor":39},{"not_picked":["Endless Agony+1","Predator+1","Sucker Punch"],"picked":"SKIP","floor":41},{"not_picked":["Escape Plan","Doppelganger","Deflect"],"picked":"SKIP","floor":45},{"not_picked":["Transmutation","Trip"],"picked":"Panacea","floor":47}],"player_experience":882778,"relics_obtained":[{"floor":6,"key":"Whetstone"},{"floor":9,"key":"Centennial Puzzle"},{"floor":12,"key":"Juzu Bracelet"},{"floor":14,"key":"Bottled Flame"},{"floor":26,"key":"Blue Candle"},{"floor":27,"key":"PreservedInsect"},{"floor":31,"key":"Dodecahedron"},{"floor":41,"key":"Letter Opener"},{"floor":43,"key":"Anchor"}],"event_choices":[{"damage_healed":0,"gold_gain":0,"player_choice":"Take Wound","damage_taken":0,"relics_obtained":["Golden Idol"],"max_hp_gain":0,"max_hp_loss":0,"event_name":"Golden Idol","floor":2,"gold_loss":0,"cards_obtained":["Injury"]},{"damage_healed":0,"gold_gain":0,"player_choice":"Upgraded","damage_taken":0,"max_hp_gain":0,"max_hp_loss":0,"event_name":"Upgrade Shrine","floor":10,"gold_loss":0,"cards_upgraded":["Footwork"]},{"damage_healed":0,"gold_gain":0,"player_choice":"Left Gold","damage_taken":0,"max_hp_gain":0,"max_hp_loss":0,"event_name":"World of Goop","floor":13,"gold_loss":61},{"damage_healed":0,"gold_gain":0,"player_choice":"","damage_taken":7,"max_hp_gain":0,"max_hp_loss":0,"event_name":"Knowing Skull","floor":19,"potions_obtained":[],"gold_loss":0,"cards_obtained":[]},{"damage_healed":0,"gold_gain":0,"cards_transformed":["Strike_G","Strike_G"],"player_choice":"Became Test Subject","damage_taken":0,"max_hp_gain":0,"max_hp_loss":0,"event_name":"Drug Dealer","floor":22,"gold_loss":0,"cards_obtained":["Dagger Throw","Accuracy"]},{"damage_healed":0,"gold_gain":0,"player_choice":"Opened","damage_taken":0,"relics_obtained":["Snake Skull"],"max_hp_gain":0,"max_hp_loss":0,"event_name":"The Mausoleum","floor":29,"gold_loss":0,"cards_obtained":["Writhe"]},{"damage_healed":0,"gold_gain":0,"player_choice":"Ignored","damage_taken":0,"max_hp_gain":0,"max_hp_loss":0,"event_name":"Mysterious Sphere","floor":46,"gold_loss":0},{"damage_healed":0,"gold_gain":0,"player_choice":"Memory 1","damage_taken":0,"max_hp_gain":0,"max_hp_loss":0,"event_name":"SensoryStone","floor":47,"gold_loss":0},{"damage_healed":14,"gold_gain":0,"player_choice":"Writhe","damage_taken":0,"max_hp_gain":0,"max_hp_loss":0,"event_name":"Winding Halls","floor":48,"gold_loss":0,"cards_obtained":["Writhe"]}],"is_beta":false,"boss_relics":[{"not_picked":["WristBlade","Velvet Choker"],"picked":"Ectoplasm"},{"not_picked":["Runic Dome","Orrery"],"picked":"Runic Pyramid"}],"items_purged_floors":[3],"is_endless":false,"potions_floor_spawned":[4,5,6,11,18,21,24,27,36,37,38],"killed_by":"Awakened One","ascension_level":20}