{"gold_per_floor":[18,18,18,18,18,52,52,70,70,70,47,67,87,111,111,111],"floor_reached":16,"playtime":648,"items_purged":[],"score":160,"play_id":"4bd6d44c-1e13-4f29-834f-0cdb39e84175","local_time":"20190320164000","is_ascension_mode":true,"campfire_choices":[{"floor":7,"key":"REST"},{"data":"After Image","floor":10,"key":"SMITH"},{"data":"Sucker Punch","floor":15,"key":"SMITH"}],"neow_cost":"NO_GOLD","seed_source_timestamp":15806193969089,"circlet_count":0,"master_deck":["AscendersBane","Defend_G","Defend_G","Defend_G","Defend_G","Defend_G","Strike_G","Strike_G","Strike_G","Strike_G","Strike_G","Survivor","Neutralize","After Image+1","Catalyst","Injury","Leg Sweep","Sucker Punch+1","Leg Sweep","Blur"],"relics":["Ring of the Snake","Golden Idol","Lantern","Mercury Hourglass","Mango"],"potions_floor_usage":[6,16,16],"damage_taken":[{"damage":2,"enemies":"Jaw Worm","floor":1,"turns":6},{"damage":42,"enemies":"3 Sentries","floor":6,"turns":18},{"damage":1,"enemies":"Small Slimes","floor":8,"turns":4},{"damage":0,"enemies":"2 Louse","floor":12,"turns":3},{"damage":0,"enemies":"Blue Slaver","floor":13,"turns":4},{"damage":2,"enemies":"Gremlin Gang","floor":14,"turns":6},{"damage":63,"enemies":"Slime Boss","floor":16,"turns":15}],"seed_played":"-2906671266308397668","potions_obtained":[{"floor":1,"key":"SkillPotion"},{"floor":12,"key":"Poison Potion"},{"floor":13,"key":"SneckoOil"}],"is_trial":false,"path_per_floor":["M","?","$","?","?","E","R","M","T","R","$","M","M","M","R","B"],"character_chosen":"THE_SILENT","items_purchased":["Sucker Punch"],"campfire_rested":1,"item_purchase_floors":[11],"current_hp_per_floor":[61,61,61,49,70,28,49,48,62,62,62,62,62,60,60,0],"gold":111,"neow_bonus":"THREE_RARE_CARDS","is_prod":false,"is_daily":false,"chose_seed":false,"campfire_upgraded":2,"win_rate":0,"timestamp":1553114400,"path_taken":["M","?","?","?","?","E","R","M","T","R","$","?","M","?","R","BOSS"],"build_version":"2019-01-23","purchased_purges":0,"victory":false,"max_hp_per_floor":[70,70,70,70,70,70,70,70,84,84,84,84,84,84,84,84],"card_choices":[{"not_picked":["Phantasmal Killer","Adrenaline"],"picked":"After Image","floor":0},{"not_picked":["Underhanded Strike","Flying Knee"],"picked":"Catalyst","floor":1},{"not_picked":["Acrobatics","PiercingWail"],"picked":"Leg Sweep","floor":6},{"not_picked":["Doppelganger","Skewer","Prepared"],"picked":"SKIP","floor":8},{"not_picked":["Deflect","Dodge and Roll"],"picked":"Leg Sweep","floor":12},{"not_picked":["Skewer","Blade Dance"],"picked":"Blur","floor":13},{"not_picked":["Eviscerate","Skewer","Acrobatics"],"picked":"SKIP","floor":14}],"player_experience":425128,"relics_obtained":[{"floor":6,"key":"Mercury Hourglass"},{"floor":9,"key":"Mango"}],"event_choices":[{"damage_healed":0,"gold_gain":0,"player_choice":"Take Wound","damage_taken":0,"relics_obtained":["Golden Idol"],"max_hp_gain":0,"max_hp_loss":0,"event_name":"Golden Idol","floor":2,"gold_loss":0,"cards_obtained":["Injury"]},{"damage_healed":0,"gold_gain":0,"player_choice":"Success","damage_taken":12,"relics_obtained":["Lantern"],"max_hp_gain":0,"max_hp_loss":0,"event_name":"Scrap Ooze","floor":4,"gold_loss":0},{"damage_healed":23,"gold_gain":0,"player_choice":"Banana","damage_taken":0,"max_hp_gain":0,"max_hp_loss":0,"event_name":"Big Fish","floor":5,"gold_loss":0}],"is_beta":false,"boss_relics":[],"items_purged_floors":[],"is_endless":false,"potions_floor_spawned":[1,12,13,14],"killed_by":"Slime Boss","ascension_level":12}