{"gold_per_floor":[118,129,146,71,71,104,104,135,162,162,194,210,19,39,39,134,134,154,79,89,43,0,35,35,35,35,35,52,52,72,42,42,141,141,159,174,93,112,112,112,142,142,214,227,227,54,54,54,54,54],"floor_reached":50,"playtime":3344,"items_purged":["Strike_G","Strike_G"],"score":508,"play_id":"86ba67f8-bfc8-4271-b0d9-1192ebe7c1f2","local_time":"20190615181653","is_ascension_mode":false,"campfire_choices":[{"floor":7,"key":"REST"},{"floor":10,"key":"REST"},{"floor":15,"key":"REST"},{"data":"Tools of the Trade","floor":25,"key":"SMITH"},{"data":"Adrenaline","floor":27,"key":"SMITH"},{"data":"Deadly Poison","floor":29,"key":"SMITH"},{"floor":32,"key":"REST"},{"floor":40,"key":"REST"},{"floor":42,"key":"REST"},{"data":"Tactician","floor":45,"key":"SMITH"},{"floor":49,"key":"RECALL"}],"neow_cost":"NONE","seed_source_timestamp":669251535865464,"circlet_count":0,"master_deck":["Defend_G+1","Defend_G+1","Defend_G+1","Defend_G+1","Defend_G+1","Survivor+1","Neutralize+1","Flying Knee+1","Quick Slash+1","Dash+1","Adrenaline+1","Well Laid Plans+1","Predator+1","Bandage Up+1","Dagger Spray+1","Tools of the Trade+1","Deadly Poison+1","Endless Agony+1","Flying Knee+1","Escape Plan+1","Poisoned Stab+1","Bane+1","Night Terror+1","Skewer+1","Underhanded Strike+1","Footwork+1","Tactician+1","Underhanded Strike+1","Concentrate+1","Underhanded Strike+1","Prepared+1","Tactician+1","Enlightenment"],"relics":["Ring of the Serpent","Dream Catcher","Lantern","PreservedInsect","Blood Vial","Empty Cage","Darkstone Periapt","Shuriken","Bag of Marbles","Bottled Flame","Mark of the Bloom"],"potions_floor_usage":[8,20,23,23,24,24,33,33,33,38,41,41,50,50],"damage_taken":[{"damage":0,"enemies":"Jaw Worm","floor":1,"turns":5},{"damage":0,"enemies":"2 Louse","floor":2,"turns":4},{"damage":0,"enemies":"Cultist","floor":3,"turns":4},{"damage":31,"enemies":"3 Sentries","floor":6,"turns":13},{"damage":11,"enemies":"Lagavulin","floor":8,"turns":6},{"damage":44,"enemies":"Gremlin Nob","floor":11,"turns":6},{"damage":0,"enemies":"3 Louse","floor":12,"turns":2},{"damage":4,"enemies":"Gremlin Gang","floor":14,"turns":4},{"damage":35,"enemies":"Slime Boss","floor":16,"turns":13},{"damage":8,"enemies":"3 Byrds","floor":18,"turns":5},{"damage":1,"enemies":"Chosen","floor":20,"turns":5},{"damage":18,"enemies":"Book of Stabbing","floor":23,"turns":5},{"damage":0,"enemies":"Centurion and Healer","floor":24,"turns":2},{"damage":0,"enemies":"Cultist and Chosen","floor":28,"turns":4},{"damage":14,"enemies":"Shelled Parasite and Fungi","floor":30,"turns":5},{"damage":69,"enemies":"Automaton","floor":33,"turns":11},{"damage":15,"enemies":"Orb Walker","floor":35,"turns":5},{"damage":5,"enemies":"3 Shapes","floor":36,"turns":7},{"damage":28,"enemies":"Jaw Worm Horde","floor":38,"turns":5},{"damage":12,"enemies":"Giant Head","floor":41,"turns":7},{"damage":22,"enemies":"Sphere and 2 Shapes","floor":44,"turns":6},{"damage":52,"enemies":"Time Eater","floor":50,"turns":9}],"seed_played":"6766839052938928083","potions_obtained":[{"floor":6,"key":"Fire Potion"},{"floor":8,"key":"LiquidBronze"},{"floor":12,"key":"SmokeBomb"},{"floor":16,"key":"SneckoOil"},{"floor":18,"key":"Energy Potion"},{"floor":20,"key":"FearPotion"},{"floor":23,"key":"FearPotion"},{"floor":30,"key":"SkillPotion"},{"floor":31,"key":"SneckoOil"},{"floor":31,"key":"Block Potion"},{"floor":35,"key":"SteroidPotion"},{"floor":38,"key":"LiquidBronze"},{"floor":39,"key":"SpeedPotion"},{"floor":39,"key":"Energy Potion"},{"floor":44,"key":"AttackPotion"}],"is_trial":false,"path_per_floor":["M","M","M","$","?","E","R","E","T","R","E","M","$","M","R","B",null,"M","?","M","$","?","E","M","R","T","R","M","R","M","?","R","B",null,"M","M","$","M","?","R","E","R","T","M","R","$","?","?","R","B"],"character_chosen":"THE_SILENT","items_purchased":["Bandage Up","Flying Knee","Footwork","Underhanded Strike","Prepared","Tactician"],"campfire_rested":6,"item_purchase_floors":[13,21,37,46,46,46],"current_hp_per_floor":[70,70,70,70,67,36,57,46,46,67,23,25,25,27,48,19,70,66,66,70,70,70,52,58,58,58,58,64,64,56,56,70,5,70,55,56,56,34,34,55,45,66,66,50,50,50,50,50,50,0],"gold":54,"neow_bonus":"RANDOM_COMMON_RELIC","is_prod":false,"is_daily":false,"chose_seed":false,"campfire_upgraded":4,"win_rate":0,"timestamp":1560647813,"path_taken":["M","M","M","$","?","E","R","E","T","R","E","M","$","M","R","BOSS","M","?","M","$","?","E","M","R","T","R","M","R","M","?","R","BOSS","M","?","$","M","?","R","E","R","T","?","R","$","?","?","R","BOSS"],"build_version":"2019-01-23","purchased_purges":2,"victory":false,"max_hp_per_floor":[70,70,70,70,70,70,70,70,70,70,70,70,70,70,70,70,70,70,70,70,70,70,70,70,70,70,70,70,70,70,70,70,70,70,70,70,70,70,70,70,70,70,70,70,70,70,70,70,70,70],"card_choices":[{"not_picked":["Outmaneuver","Acrobatics","PiercingWail"],"picked":"SKIP","floor":1},{"not_picked":["Eviscerate","Skewer"],"picked":"Flying Knee","floor":2},{"not_picked":["Underhanded Strike","Choke"],"picked":"Quick Slash","floor":3},{"not_picked":["Deadly Poison","Blade Dance"],"picked":"Dash","floor":6},{"not_picked":["Flying Knee","Dodge and Roll"],"picked":"Adrenaline","floor":7},{"not_picked":["Underhanded Strike","Bane","Finisher"],"picked":"SKIP","floor":8},{"not_picked":["PiercingWail","Dodge and Roll"],"picked":"Well Laid Plans","floor":11},{"not_picked":["Underhanded Strike","Flying Knee"],"picked":"Predator","floor":12},{"not_picked":["Malaise","Masterful Stab","Noxious Fumes"],"picked":"SKIP","floor":14},{"not_picked":["Distraction","Tactician"],"picked":"Dagger Spray","floor":15},{"not_picked":["Envenom","Wraith Form v2"],"picked":"Tools of the Trade","floor":16},{"not_picked":["Slice","Flying Knee"],"picked":"Deadly Poison","floor":18},{"not_picked":["Backflip","Blade Dance"],"picked":"Endless Agony","floor":20},{"not_picked":["Leg Sweep","Noxious Fumes"],"picked":"Escape Plan","floor":23},{"not_picked":["Heel Hook","Prepared+1"],"picked":"Poisoned Stab+1","floor":28},{"not_picked":["PiercingWail","Blade Dance","Slice+1"],"picked":"SKIP","floor":30},{"not_picked":["Outmaneuver","Envenom"],"picked":"Bane","floor":32},{"not_picked":["Venomology","Grand Finale"],"picked":"Night Terror","floor":33},{"not_picked":["PiercingWail+1","Dash"],"picked":"Skewer+1","floor":35},{"not_picked":["Dodge and Roll","Outmaneuver+1"],"picked":"Underhanded Strike+1","floor":36},{"not_picked":["Underhanded Strike","Well Laid Plans"],"picked":"Tactician","floor":38},{"not_picked":["Deadly Poison+1","Cloak And Dagger"],"picked":"Underhanded Strike+1","floor":41},{"not_picked":["Bane","Crippling Poison"],"picked":"Concentrate+1","floor":44},{"not_picked":["Impatience","Finesse"],"picked":"Enlightenment","floor":48}],"player_experience":394119,"relics_obtained":[{"floor":6,"key":"Lantern"},{"floor":8,"key":"PreservedInsect"},{"floor":11,"key":"Blood Vial"},{"floor":23,"key":"Darkstone Periapt"},{"floor":26,"key":"Shuriken"},{"floor":41,"key":"Bag of Marbles"},{"floor":43,"key":"Bottled Flame"}],"event_choices":[{"damage_healed":0,"gold_gain":0,"player_choice":"Fled","damage_taken":3,"max_hp_gain":0,"max_hp_loss":0,"event_name":"Scrap Ooze","floor":5,"gold_loss":0},{"cards_removed":["Strike_G"],"damage_healed":0,"gold_gain":0,"player_choice":"Gave Gold","damage_taken":0,"max_hp_gain":0,"max_hp_loss":0,"event_name":"Beggar","floor":19,"gold_loss":75},{"damage_healed":0,"gold_gain":0,"player_choice":"Paid Fearfully","damage_taken":0,"max_hp_gain":0,"max_hp_loss":0,"event_name":"Masked Bandits","floor":22,"gold_loss":43},{"damage_healed":0,"gold_gain":0,"player_choice":"Bought 2 Potions","damage_taken":0,"max_hp_gain":0,"max_hp_loss":0,"event_name":"The Woman in Blue","floor":31,"gold_loss":0},{"damage_healed":0,"gold_gain":0,"player_choice":"Got Potions","damage_taken":0,"max_hp_gain":0,"max_hp_loss":0,"event_name":"Lab","floor":39,"gold_loss":0},{"damage_healed":0,"gold_gain":0,"player_choice":"Upgrade","damage_taken":0,"relics_obtained":["Mark of the Bloom"],"max_hp_gain":0,"max_hp_loss":0,"event_name":"MindBloom","floor":47,"gold_loss":0,"cards_upgraded":["Defend_G","Defend_G","Defend_G","Defend_G","Defend_G","Survivor","Neutralize","Flying Knee","Quick Slash","Dash","Well Laid Plans","Predator","Bandage Up","Dagger Spray","Endless Agony","Flying Knee","Escape Plan","Bane","Night Terror","Footwork","Underhanded Strike","Prepared","Tactician"]},{"damage_healed":0,"gold_gain":0,"player_choice":"Memory 1","damage_taken":0,"max_hp_gain":0,"max_hp_loss":0,"event_name":"SensoryStone","floor":48,"gold_loss":0}],"is_beta":false,"boss_relics":[{"not_picked":["Velvet Choker","Black Star"],"picked":"Empty Cage"},{"not_picked":["Pandora\u0027s Box","Coffee Dripper"],"picked":"Ring of the Serpent"}],"items_purged_floors":[4,13],"is_endless":false,"potions_floor_spawned":[6,8,12,16,18,20,23,30,35,38,44],"killed_by":"Time Eater","ascension_level":0}