{"gold_per_floor":[216,216,18,18,42,42,76,76,76,115,65,84,84,103,103,222,222,245,245,259,277,202,202,220,255,255,276,294,419,444,460,460,581,581,594,657,657,680,680],"floor_reached":39,"playtime":1506,"items_purged":["Decay"],"score":443,"play_id":"37945461-4024-4304-aa51-78e5bf884322","local_time":"20190414222743","is_ascension_mode":false,"campfire_choices":[{"data":"Sunder","floor":6,"key":"SMITH"},{"floor":8,"key":"REST"},{"data":"Defragment","floor":15,"key":"SMITH"},{"floor":23,"key":"RECALL"},{"floor":32,"key":"REST"}],"neow_cost":"NONE","seed_source_timestamp":420881424361322,"circlet_count":0,"master_deck":["Strike_B","Strike_B","Strike_B","Defend_B","Defend_B+1","Defend_B","Defend_B","Zap+1","Dualcast","Consume","Self Repair","Sunder+1","Sweeping Beam","Conserve Battery","Defragment+1","Coolheaded","Echo Form","Coolheaded","Go for the Eyes+1","Leap+1","Core Surge","Tempest+1","Storm+1","Creative AI","Sunder+1","Static Discharge+1"],"relics":["Cracked Core","Golden Idol","Mummified Hand","Oddly Smooth Stone","Cables","Sozu","Red Mask","Singing Bowl","Du-Vu Doll","Blue Candle","Nuclear Battery","Peace Pipe"],"potions_floor_usage":[16,29,33],"damage_taken":[{"damage":0,"enemies":"Small Slimes","floor":1,"turns":3},{"damage":1,"enemies":"Jaw Worm","floor":5,"turns":3},{"damage":35,"enemies":"Gremlin Nob","floor":7,"turns":5},{"damage":18,"enemies":"3 Sentries","floor":10,"turns":5},{"damage":0,"enemies":"2 Louse","floor":12,"turns":2},{"damage":0,"enemies":"Exordium Wildlife","floor":14,"turns":2},{"damage":0,"enemies":"Hexaghost","floor":16,"turns":10},{"damage":2,"enemies":"Chosen","floor":18,"turns":3},{"damage":9,"enemies":"2 Thieves","floor":20,"turns":4},{"damage":12,"enemies":"3 Cultists","floor":21,"turns":5},{"damage":11,"enemies":"Snake Plant","floor":24,"turns":3},{"damage":34,"enemies":"Masked Bandits","floor":25,"turns":5},{"damage":0,"enemies":"Centurion and Healer","floor":27,"turns":7},{"damage":0,"enemies":"Chosen and Byrds","floor":28,"turns":4},{"damage":0,"enemies":"Colosseum Slavers","floor":29,"turns":3},{"damage":0,"enemies":"Colosseum Nobs","floor":29,"turns":4},{"damage":11,"enemies":"Snake Plant","floor":30,"turns":3},{"damage":22,"enemies":"3 Cultists","floor":31,"turns":4},{"damage":14,"enemies":"Automaton","floor":33,"turns":10},{"damage":14,"enemies":"Orb Walker","floor":35,"turns":3},{"damage":69,"enemies":"2 Orb Walkers","floor":36,"turns":6},{"damage":0,"enemies":"3 Shapes","floor":38,"turns":3},{"damage":12,"enemies":"Transient","floor":39,"turns":3}],"seed_played":"7360270611344531037","potions_obtained":[{"floor":1,"key":"GamblersBrew"},{"floor":12,"key":"PowerPotion"},{"floor":14,"key":"Strength Potion"}],"is_trial":false,"path_per_floor":["M","?","$","?","M","R","E","R","T","E","?","M","?","M","R","B",null,"M","?","M","M","$","R","M","?","T","M","M","?","M","M","R","B",null,"M","?","?","M","M"],"character_chosen":"DEFECT","items_purchased":["Self Repair","Sunder","Sweeping Beam"],"campfire_rested":2,"item_purchase_floors":[3,3,3],"current_hp_per_floor":[75,60,60,42,48,48,20,42,42,31,31,31,28,28,28,35,75,73,73,71,66,66,66,62,42,42,49,56,70,68,55,78,71,79,74,12,12,12,0],"gold":680,"neow_bonus":"HUNDRED_GOLD","is_prod":false,"is_daily":false,"chose_seed":false,"campfire_upgraded":2,"win_rate":0,"timestamp":1555295263,"path_taken":["M","?","?","?","?","R","E","R","T","E","?","M","?","?","R","BOSS","M","?","M","?","$","R","M","?","T","M","M","?","M","M","R","BOSS","M","?","?","M","?"],"build_version":"2019-01-23","purchased_purges":1,"victory":false,"max_hp_per_floor":[75,75,75,75,75,75,75,75,75,75,75,75,75,75,75,75,75,75,75,75,75,75,75,75,75,75,75,75,75,77,79,79,79,79,81,81,81,81,81],"card_choices":[{"not_picked":["Compile Driver","Barrage"],"picked":"Consume","floor":1},{"not_picked":["Go for the Eyes","Stack","Sunder"],"picked":"SKIP","floor":5},{"not_picked":["Lockon","Redo","Turbo"],"picked":"SKIP","floor":7},{"not_picked":["Barrage","Genetic Algorithm"],"picked":"Conserve Battery","floor":10},{"not_picked":["FTL","Aggregate"],"picked":"Defragment","floor":12},{"not_picked":["Conserve Battery","Turbo"],"picked":"Coolheaded","floor":14},{"not_picked":["Machine Learning","Multi-Cast"],"picked":"Echo Form","floor":16},{"not_picked":["Leap","Streamline"],"picked":"Coolheaded","floor":18},{"not_picked":["Consume","Stack+1"],"picked":"Go for the Eyes+1","floor":20},{"not_picked":["Steam Power","Go for the Eyes","Stack"],"picked":"SKIP","floor":21},{"not_picked":["Steam","Barrage","Scrape"],"picked":"SKIP","floor":24},{"not_picked":["Force Field","Consume"],"picked":"Leap+1","floor":25},{"not_picked":["Sunder","Beam Cell"],"picked":"Core Surge","floor":27},{"not_picked":["Gash","Reprogram"],"picked":"Tempest+1","floor":28},{"not_picked":["Steam","Barrage+1"],"picked":"Storm+1","floor":29},{"not_picked":["Hologram","Sweeping Beam","Conserve Battery"],"picked":"Singing Bowl","floor":30},{"not_picked":["Steam+1","Conserve Battery","BootSequence"],"picked":"Singing Bowl","floor":31},{"not_picked":["Buffer","Reboot"],"picked":"Creative AI","floor":33},{"not_picked":["Leap","Hologram+1","Scrape+1"],"picked":"Singing Bowl","floor":35},{"not_picked":["Go for the Eyes","Stack"],"picked":"Sunder+1","floor":36},{"not_picked":["Loop","Leap+1"],"picked":"Static Discharge+1","floor":38}],"player_experience":590586,"relics_obtained":[{"floor":7,"key":"Mummified Hand"},{"floor":10,"key":"Oddly Smooth Stone"},{"floor":25,"key":"Red Mask"},{"floor":26,"key":"Singing Bowl"},{"floor":29,"key":"Du-Vu Doll"},{"floor":29,"key":"Blue Candle"},{"floor":36,"key":"Peace Pipe"}],"event_choices":[{"damage_healed":0,"gold_gain":0,"player_choice":"Entered Light","damage_taken":15,"max_hp_gain":0,"max_hp_loss":0,"event_name":"Shining Light","floor":2,"gold_loss":0,"cards_upgraded":["Zap","Defend_B"]},{"damage_healed":0,"gold_gain":0,"player_choice":"Take Damage","damage_taken":18,"relics_obtained":["Golden Idol"],"max_hp_gain":0,"max_hp_loss":0,"event_name":"Golden Idol","floor":4,"gold_loss":0},{"cards_removed":["Strike_B"],"damage_healed":0,"gold_gain":0,"player_choice":"Card Removal","damage_taken":0,"max_hp_gain":0,"max_hp_loss":0,"event_name":"The Cleric","floor":11,"gold_loss":50},{"damage_healed":0,"gold_gain":0,"player_choice":"Success","damage_taken":3,"relics_obtained":["Cables"],"max_hp_gain":0,"max_hp_loss":0,"event_name":"Scrap Ooze","floor":13,"gold_loss":0},{"damage_healed":0,"gold_gain":0,"player_choice":"Cursed","damage_taken":0,"max_hp_gain":0,"max_hp_loss":0,"event_name":"Wheel of Change","floor":19,"gold_loss":0,"cards_obtained":["Decay"]},{"damage_healed":0,"gold_gain":0,"player_choice":"Fought Bandits","damage_taken":0,"max_hp_gain":0,"max_hp_loss":0,"event_name":"Masked Bandits","floor":25,"gold_loss":0},{"damage_healed":0,"gold_gain":0,"player_choice":"Fight","damage_taken":0,"max_hp_gain":0,"max_hp_loss":0,"event_name":"Colosseum","floor":29,"gold_loss":0},{"damage_healed":0,"gold_gain":0,"player_choice":"Fought Nobs","damage_taken":0,"max_hp_gain":0,"max_hp_loss":0,"event_name":"Colosseum","floor":29,"gold_loss":0},{"damage_healed":0,"gold_gain":0,"player_choice":"Fight","damage_taken":0,"max_hp_gain":0,"max_hp_loss":0,"event_name":"Mysterious Sphere","floor":36,"gold_loss":0},{"damage_healed":0,"gold_gain":0,"player_choice":"Ignored","damage_taken":0,"max_hp_gain":0,"max_hp_loss":0,"event_name":"NoteForYourself","floor":37,"gold_loss":0}],"is_beta":false,"boss_relics":[{"not_picked":["Velvet Choker","FrozenCore"],"picked":"Sozu"},{"not_picked":["Fusion Hammer","White Beast Statue"],"picked":"Nuclear Battery"}],"items_purged_floors":[22],"is_endless":false,"potions_floor_spawned":[1,12,14,18,20,28,29,31,36,38],"killed_by":"Transient","ascension_level":0}