{"gold_per_floor":[110,110,60,60,80,108,108,119,119,153,153,123,141,159,159,261,261,261,216,216,216,216,216,216,216,216,43,43,43,43,43,43,43,43,43,43,43,43,0,0,0,0,0,0,0,0,0,0,0,0],"floor_reached":51,"playtime":3430,"items_purged":["Strike_B"],"score":866,"play_id":"e5a2fa33-8699-47ee-a961-ff32b06952c1","local_time":"20190618030048","is_ascension_mode":true,"campfire_choices":[{"floor":7,"key":"REST"},{"data":"Go for the Eyes","floor":11,"key":"SMITH"},{"data":"Compile Driver","floor":15,"key":"SMITH"},{"data":"Defend_B","floor":23,"key":"SMITH"},{"floor":32,"key":"REST"},{"data":"Seek","floor":40,"key":"SMITH"},{"floor":44,"key":"REST"},{"data":"Echo Form","floor":49,"key":"SMITH"}],"neow_cost":"NONE","seed_source_timestamp":873398313140597,"circlet_count":0,"master_deck":["Strike_B","Defend_B","Defend_B","Defend_B","Defend_B+1","Zap","Dualcast+1","Ball Lightning+1","Sweeping Beam","Self Repair","Cold Snap","Go for the Eyes+1","Leap","Compile Driver+1","Echo Form+1","Undo+1","Gash","RitualDagger","Seek+1","Leap+1","Chill","Hello World+1","Rebound+1","Turbo+1"],"relics":["Cracked Core","Thread and Needle","Du-Vu Doll","Ornamental Fan","Ectoplasm","Girya","Pen Nib","Busted Crown","Red Mask","Pear","MawBank"],"potions_floor_usage":[10,12,13,13,14,16,19,25,33,33,42,46,48,50],"damage_taken":[{"damage":4,"enemies":"Jaw Worm","floor":1,"turns":3},{"damage":2,"enemies":"2 Louse","floor":5,"turns":2},{"damage":35,"enemies":"3 Sentries","floor":6,"turns":5},{"damage":0,"enemies":"Cultist","floor":8,"turns":2},{"damage":0,"enemies":"Gremlin Nob","floor":10,"turns":4},{"damage":20,"enemies":"Exordium Wildlife","floor":13,"turns":3},{"damage":0,"enemies":"Gremlin Gang","floor":14,"turns":2},{"damage":5,"enemies":"Hexaghost","floor":16,"turns":9},{"damage":3,"enemies":"Chosen","floor":18,"turns":4},{"damage":8,"enemies":"2 Thieves","floor":19,"turns":4},{"damage":6,"enemies":"Snake Plant","floor":22,"turns":5},{"damage":0,"enemies":"Chosen and Byrds","floor":24,"turns":6},{"damage":33,"enemies":"Slavers","floor":25,"turns":6},{"damage":47,"enemies":"Collector","floor":33,"turns":12},{"damage":5,"enemies":"Orb Walker","floor":35,"turns":4},{"damage":0,"enemies":"3 Shapes","floor":36,"turns":4},{"damage":9,"enemies":"Jaw Worm Horde","floor":41,"turns":7},{"damage":59,"enemies":"Giant Head","floor":42,"turns":11},{"damage":11,"enemies":"Maw","floor":46,"turns":8},{"damage":0,"enemies":"3 Darklings","floor":47,"turns":6},{"damage":0,"enemies":"Transient","floor":48,"turns":5},{"damage":77,"enemies":"Awakened One","floor":50,"turns":16}],"seed_played":"8276499532058813201","potions_obtained":[{"floor":8,"key":"EssenceOfSteel"},{"floor":10,"key":"Strength Potion"},{"floor":12,"key":"FearPotion"},{"floor":12,"key":"Fruit Juice"},{"floor":13,"key":"Explosive Potion"},{"floor":14,"key":"Strength Potion"},{"floor":18,"key":"Weak Potion"},{"floor":24,"key":"Poison Potion"},{"floor":36,"key":"Block Potion"},{"floor":42,"key":"Block Potion"},{"floor":47,"key":"Explosive Potion"},{"floor":48,"key":"PowerPotion"}],"is_trial":false,"path_per_floor":["M","?","?","?","M","E","R","M","T","E","R","?","M","M","R","B",null,"M","M","?","?","M","R","M","E","T","$","?","?","$","$","R","B",null,"M","M","?","$","?","R","M","E","T","R","$","M","M","M","R","B",null],"character_chosen":"DEFECT","items_purchased":["Block Potion","Fire Potion"],"campfire_rested":3,"item_purchase_floors":[27,27],"current_hp_per_floor":[71,71,71,71,69,34,56,63,63,70,70,75,62,62,62,57,80,80,79,79,79,73,73,80,54,54,54,48,48,48,48,72,32,80,80,80,80,80,80,80,78,43,43,70,70,73,80,87,87,17],"gold":0,"neow_bonus":"UPGRADE_CARD","is_prod":false,"is_daily":false,"chose_seed":false,"campfire_upgraded":5,"win_rate":0,"timestamp":1560852048,"path_taken":["M","?","?","?","M","E","R","M","T","E","R","?","?","M","R","BOSS","M","M","?","?","?","R","M","E","T","$","?","?","?","$","R","BOSS","M","M","?","?","?","R","M","E","T","R","$","M","M","M","R","BOSS"],"build_version":"2019-01-23","purchased_purges":1,"victory":true,"max_hp_per_floor":[75,75,75,75,75,75,75,75,75,75,75,80,80,80,80,80,80,80,80,80,80,80,80,80,80,80,80,80,80,80,80,80,80,80,80,80,80,80,80,80,80,90,90,90,90,90,90,90,90,90],"card_choices":[{"not_picked":["Leap","Barrage"],"picked":"Ball Lightning","floor":1},{"not_picked":["Beam Cell","Skim"],"picked":"Sweeping Beam","floor":5},{"not_picked":["Redo","Darkness"],"picked":"Self Repair","floor":6},{"not_picked":["Loop","Hologram"],"picked":"Cold Snap","floor":8},{"not_picked":["Capacitor","Cold Snap"],"picked":"Go for the Eyes","floor":10},{"not_picked":["Barrage","Heatsinks"],"picked":"Leap","floor":13},{"not_picked":["Redo","Loop"],"picked":"Compile Driver","floor":14},{"not_picked":["Rainbow","Meteor Strike"],"picked":"Echo Form","floor":16},{"not_picked":["Sweeping Beam+1","Rebound+1"],"picked":"Undo+1","floor":18},{"not_picked":["Compile Driver","Redo","Tempest"],"picked":"SKIP","floor":19},{"not_picked":["Heatsinks","Streamline+1"],"picked":"Gash","floor":22},{"not_picked":["Melter","Compile Driver","Reprogram"],"picked":"SKIP","floor":24},{"not_picked":["Compile Driver+1","Hologram","Beam Cell+1"],"picked":"SKIP","floor":25},{"not_picked":["Fission","Rainbow"],"picked":"Seek","floor":33},{"not_picked":[],"picked":"Leap+1","floor":35},{"not_picked":["Aggregate+1"],"picked":"SKIP","floor":36},{"not_picked":[],"picked":"Hello World+1","floor":41},{"not_picked":[],"picked":"Rebound+1","floor":42},{"not_picked":["Go for the Eyes+1"],"picked":"SKIP","floor":46},{"not_picked":["Leap"],"picked":"SKIP","floor":47},{"not_picked":[],"picked":"Turbo+1","floor":48}],"player_experience":433552,"relics_obtained":[{"floor":6,"key":"Thread and Needle"},{"floor":9,"key":"Du-Vu Doll"},{"floor":10,"key":"Ornamental Fan"},{"floor":25,"key":"Girya"},{"floor":26,"key":"Pen Nib"},{"floor":42,"key":"Pear"},{"floor":43,"key":"MawBank"}],"event_choices":[{"damage_healed":0,"gold_gain":0,"player_choice":"Ignored","damage_taken":0,"max_hp_gain":0,"max_hp_loss":0,"event_name":"Liars Game","floor":2,"gold_loss":0},{"cards_removed":["Strike_B"],"damage_healed":0,"gold_gain":0,"player_choice":"Card Removal","damage_taken":0,"max_hp_gain":0,"max_hp_loss":0,"event_name":"The Cleric","floor":3,"gold_loss":50},{"damage_healed":0,"gold_gain":0,"player_choice":"Grow","damage_taken":0,"max_hp_gain":0,"max_hp_loss":0,"event_name":"Living Wall","floor":4,"gold_loss":0,"cards_upgraded":["Ball Lightning"]},{"damage_healed":0,"gold_gain":0,"player_choice":"Bought 2 Potions","damage_taken":0,"max_hp_gain":0,"max_hp_loss":0,"event_name":"The Woman in Blue","floor":12,"gold_loss":0},{"damage_healed":0,"gold_gain":0,"player_choice":"Ignored","damage_taken":0,"max_hp_gain":0,"max_hp_loss":0,"event_name":"Ghosts","floor":20,"gold_loss":0},{"damage_healed":0,"gold_gain":100,"player_choice":"Pray","damage_taken":0,"max_hp_gain":0,"max_hp_loss":0,"event_name":"Golden Shrine","floor":21,"gold_loss":0},{"damage_healed":0,"gold_gain":0,"player_choice":"Joined the Cult","damage_taken":6,"max_hp_gain":0,"max_hp_loss":0,"event_name":"Nest","floor":28,"gold_loss":0,"cards_obtained":["RitualDagger"]},{"damage_healed":0,"gold_gain":0,"player_choice":"Ignored","damage_taken":0,"max_hp_gain":0,"max_hp_loss":0,"event_name":"Cursed Tome","floor":29,"gold_loss":0},{"damage_healed":0,"gold_gain":0,"cards_transformed":["Strike_B"],"player_choice":"Transformed","damage_taken":0,"max_hp_gain":0,"max_hp_loss":0,"event_name":"Transmorgrifier","floor":37,"gold_loss":0,"cards_obtained":["Chill"]},{"damage_healed":0,"gold_gain":0,"player_choice":"Paid","damage_taken":0,"relics_obtained":["Red Mask"],"max_hp_gain":0,"max_hp_loss":0,"event_name":"Tomb of Lord Red Mask","floor":39,"gold_loss":43}],"is_beta":false,"boss_relics":[{"not_picked":["Astrolabe","Coffee Dripper"],"picked":"Ectoplasm"},{"not_picked":["FrozenCore","Runic Dome"],"picked":"Busted Crown"}],"items_purged_floors":[27],"is_endless":false,"potions_floor_spawned":[8,10,13,14,18,24,36,42,47,48],"ascension_level":4}