{"gold_per_floor":[216,232,232,242,242,276,225,225,225,240,91,104,129,141,141,141],"floor_reached":16,"playtime":565,"items_purged":[],"score":196,"play_id":"a4949343-ae99-4a84-91f2-85670824f2f2","local_time":"20190326215538","is_ascension_mode":true,"campfire_choices":[{"floor":15,"key":"REST"}],"neow_cost":"NONE","seed_source_timestamp":533783017080874,"circlet_count":0,"master_deck":["AscendersBane","Strike_B","Strike_B","Strike_B","Strike_B","Defend_B","Defend_B","Defend_B","Defend_B","Zap","Dualcast","Gash","Scrape","BootSequence","Glacier","Ball Lightning","Ball Lightning","Hologram","White Noise","Core Surge"],"relics":["Cracked Core","Pantograph","Dream Catcher","Matryoshka","DataDisk","Oddly Smooth Stone"],"potions_floor_usage":[6,13],"damage_taken":[{"damage":4,"enemies":"2 Louse","floor":1,"turns":2},{"damage":7,"enemies":"Small Slimes","floor":2,"turns":4},{"damage":4,"enemies":"Jaw Worm","floor":4,"turns":3},{"damage":26,"enemies":"Lagavulin","floor":6,"turns":8},{"damage":0,"enemies":"Large Slime","floor":10,"turns":7},{"damage":7,"enemies":"3 Louse","floor":12,"turns":3},{"damage":9,"enemies":"3 Sentries","floor":13,"turns":5},{"damage":0,"enemies":"Lots of Slimes","floor":14,"turns":4},{"damage":59,"enemies":"Slime Boss","floor":16,"turns":9}],"seed_played":"-1974870059407734858","potions_obtained":[{"floor":1,"key":"Energy Potion"},{"floor":2,"key":"SneckoOil"},{"floor":10,"key":"Ancient Potion"}],"is_trial":false,"path_per_floor":["M","M","?","M","?","E","?","?","T","M","$","M","E","M","R","B"],"character_chosen":"DEFECT","items_purchased":["DataDisk"],"campfire_rested":1,"item_purchase_floors":[11],"current_hp_per_floor":[60,53,53,49,31,5,5,28,28,28,28,21,12,12,33,0],"gold":141,"neow_bonus":"HUNDRED_GOLD","is_prod":false,"is_daily":false,"chose_seed":false,"campfire_upgraded":0,"win_rate":0,"timestamp":1553651738,"path_taken":["M","M","?","M","?","E","?","?","T","?","$","M","E","M","R","BOSS"],"build_version":"2019-01-23","purchased_purges":0,"victory":false,"max_hp_per_floor":[71,71,71,71,71,71,71,71,71,71,71,71,71,71,71,71],"card_choices":[{"not_picked":["Force Field","Conserve Battery"],"picked":"Gash","floor":1},{"not_picked":["White Noise","Blizzard"],"picked":"Scrape","floor":2},{"not_picked":["Hologram","Rip and Tear"],"picked":"BootSequence","floor":4},{"not_picked":["Steam Power","Hologram"],"picked":"Glacier","floor":6},{"not_picked":["Turbo","Redo"],"picked":"Ball Lightning","floor":10},{"not_picked":["Beam Cell","Turbo"],"picked":"Ball Lightning","floor":12},{"not_picked":["Turbo","Stack"],"picked":"Hologram","floor":13},{"not_picked":["Cold Snap","Double Energy"],"picked":"White Noise","floor":14},{"not_picked":["Conserve Battery","Go for the Eyes"],"picked":"Core Surge","floor":15}],"player_experience":471029,"relics_obtained":[{"floor":6,"key":"Dream Catcher"},{"floor":9,"key":"Matryoshka"},{"floor":13,"key":"Oddly Smooth Stone"}],"event_choices":[{"damage_healed":0,"gold_gain":0,"player_choice":"Ignored","damage_taken":0,"max_hp_gain":0,"max_hp_loss":0,"event_name":"Liars Game","floor":3,"gold_loss":0},{"damage_healed":0,"gold_gain":0,"player_choice":"Success","damage_taken":18,"relics_obtained":["Pantograph"],"max_hp_gain":0,"max_hp_loss":0,"event_name":"Scrap Ooze","floor":5,"gold_loss":0},{"damage_healed":0,"gold_gain":0,"player_choice":"Left Gold","damage_taken":0,"max_hp_gain":0,"max_hp_loss":0,"event_name":"World of Goop","floor":7,"gold_loss":51},{"damage_healed":23,"gold_gain":0,"player_choice":"Banana","damage_taken":0,"max_hp_gain":0,"max_hp_loss":0,"event_name":"Big Fish","floor":8,"gold_loss":0}],"is_beta":false,"boss_relics":[],"items_purged_floors":[],"is_endless":false,"potions_floor_spawned":[1,2,10],"killed_by":"Slime Boss","ascension_level":15}