{"gold_per_floor":[218,218,83,93,93,93,127,141,141,141,161,161,173,173,173,250,250,262,250,250],"floor_reached":20,"playtime":634,"items_purged":[],"score":331,"play_id":"966bf2fe-2521-4bab-9fed-1c40c8d6697b","local_time":"20190601171644","is_ascension_mode":true,"campfire_choices":[{"data":"Doom and Gloom","floor":6,"key":"SMITH"},{"data":"Sunder","floor":10,"key":"SMITH"},{"data":"Glacier","floor":12,"key":"SMITH"},{"floor":15,"key":"REST"}],"neow_cost":"NONE","seed_source_timestamp":6824965061939,"circlet_count":0,"master_deck":["AscendersBane","Strike_B","Strike_B","Defend_B","Defend_B","Defend_B","Defend_B","Zap","Dualcast","FTL","Sunder+1","Conserve Battery","Glacier+1","Doom and Gloom+1","Leap","Melter","Rebound","Streamline","Electrodynamics","Skim"],"relics":["FrozenCore","Pear","Bag of Preparation"],"potions_floor_usage":[14,16,18,20],"damage_taken":[{"damage":11,"enemies":"2 Louse","floor":1,"turns":2},{"damage":0,"enemies":"Cultist","floor":4,"turns":2},{"damage":19,"enemies":"3 Sentries","floor":7,"turns":7},{"damage":0,"enemies":"Small Slimes","floor":8,"turns":2},{"damage":2,"enemies":"Blue Slaver","floor":11,"turns":2},{"damage":0,"enemies":"3 Louse","floor":13,"turns":1},{"damage":0,"enemies":"Lagavulin","floor":14,"turns":1},{"damage":39,"enemies":"Hexaghost","floor":16,"turns":9},{"damage":10,"enemies":"3 Byrds","floor":18,"turns":4},{"damage":16,"enemies":"2 Thieves","floor":19,"turns":4},{"damage":43,"enemies":"Shelled Parasite and Fungi","floor":20,"turns":5}],"seed_played":"-708339559761346787","potions_obtained":[{"floor":7,"key":"PowerPotion"},{"floor":11,"key":"SmokeBomb"},{"floor":16,"key":"Block Potion"},{"floor":19,"key":"Poison Potion"}],"is_trial":false,"path_per_floor":["M","?","$","M","?","R","E","M","T","R","M","R","M","E","R","B",null,"M","M","M"],"character_chosen":"DEFECT","items_purchased":["Sunder","Conserve Battery"],"campfire_rested":1,"item_purchase_floors":[3,3],"current_hp_per_floor":[53,46,46,46,46,46,37,37,37,37,35,35,35,35,59,20,66,56,40,0],"gold":250,"neow_bonus":"HUNDRED_GOLD","is_prod":false,"is_daily":false,"chose_seed":false,"campfire_upgraded":3,"win_rate":0,"timestamp":1559434604,"path_taken":["M","?","$","M","?","R","E","M","T","R","M","R","?","E","R","BOSS","M","M","M"],"build_version":"2019-01-23","purchased_purges":0,"victory":false,"max_hp_per_floor":[71,71,71,71,71,71,81,81,81,81,81,81,81,81,81,81,81,81,81,81],"card_choices":[{"not_picked":["Steam","Auto Shields"],"picked":"FTL","floor":1},{"not_picked":["Gash","Storm"],"picked":"Glacier","floor":4},{"not_picked":["Go for the Eyes","Force Field"],"picked":"Leap","floor":7},{"not_picked":["Capacitor","Streamline"],"picked":"Melter","floor":8},{"not_picked":["Turbo","Undo"],"picked":"Rebound","floor":11},{"not_picked":["Gash","Stack"],"picked":"Streamline","floor":13},{"not_picked":["Buffer","Meteor Strike"],"picked":"Electrodynamics","floor":16},{"not_picked":["Go for the Eyes","Coolheaded"],"picked":"Skim","floor":18},{"not_picked":["Auto Shields","Compile Driver","Sunder"],"picked":"SKIP","floor":19}],"player_experience":935678,"relics_obtained":[{"floor":7,"key":"Pear"},{"floor":9,"key":"Bag of Preparation"}],"event_choices":[{"cards_removed":["Strike_B"],"damage_healed":0,"gold_gain":0,"player_choice":"Card Removal","damage_taken":7,"max_hp_gain":0,"max_hp_loss":0,"event_name":"Golden Wing","floor":2,"gold_loss":0},{"damage_healed":0,"gold_gain":0,"cards_transformed":["Strike_B"],"player_choice":"Transformed","damage_taken":0,"max_hp_gain":0,"max_hp_loss":0,"event_name":"Transmorgrifier","floor":5,"gold_loss":0,"cards_obtained":["Doom and Gloom"]}],"is_beta":false,"boss_relics":[{"not_picked":["Eternal Feather","Philosopher\u0027s Stone"],"picked":"FrozenCore"}],"items_purged_floors":[],"is_endless":false,"potions_floor_spawned":[7,11,16,19],"killed_by":"Shelled Parasite and Fungi","ascension_level":16}