{"gold_per_floor":[112,187,201,201,201,237,52,52,76,90,90,110,110,153,153,153],"floor_reached":16,"playtime":435,"items_purged":["Injury"],"score":266,"play_id":"e1179d05-566d-4a5a-9021-2484db3cc435","local_time":"20190614092426","is_ascension_mode":true,"campfire_choices":[{"data":"Blade Dance","floor":8,"key":"SMITH"},{"data":"Flechettes","floor":11,"key":"SMITH"},{"floor":13,"key":"REST"},{"data":"Noxious Fumes","floor":15,"key":"SMITH"}],"neow_cost":"NONE","seed_source_timestamp":33727259199652,"circlet_count":0,"master_deck":["AscendersBane","Defend_G","Defend_G","Defend_G","Defend_G","Defend_G","Strike_G","Strike_G","Strike_G","Strike_G","Strike_G","Survivor","Neutralize","Flechettes+1","Dodge and Roll","Burst","Blade Dance+1","Noxious Fumes+1","PiercingWail","Dash","Crippling Poison"],"relics":["Ring of the Snake","NeowsBlessing","Golden Idol","Smiling Mask","Kunai","Omamori","Juzu Bracelet"],"potions_floor_usage":[14],"damage_taken":[{"damage":0,"enemies":"Small Slimes","floor":1,"turns":1},{"damage":0,"enemies":"Jaw Worm","floor":3,"turns":1},{"damage":0,"enemies":"Gremlin Nob","floor":6,"turns":1},{"damage":1,"enemies":"Cultist","floor":10,"turns":4},{"damage":20,"enemies":"Exordium Thugs","floor":12,"turns":7},{"damage":23,"enemies":"Lagavulin","floor":14,"turns":9},{"damage":18,"enemies":"Hexaghost","floor":16,"turns":9}],"seed_played":"8444184171294390831","potions_obtained":[{"floor":1,"key":"Fire Potion"},{"floor":3,"key":"SkillPotion"}],"is_trial":false,"path_per_floor":["M","?","M","?","?","E","$","R","T","M","R","M","R","E","R","B"],"character_chosen":"THE_SILENT","items_purchased":["Blade Dance","Noxious Fumes"],"campfire_rested":1,"item_purchase_floors":[7,7],"current_hp_per_floor":[59,48,48,48,43,43,43,43,43,42,42,22,41,18,18,0],"gold":153,"neow_bonus":"THREE_ENEMY_KILL","is_prod":false,"is_daily":false,"chose_seed":false,"campfire_upgraded":3,"win_rate":0,"timestamp":1560518666,"path_taken":["M","?","M","?","?","E","$","R","T","?","R","M","R","E","R","BOSS"],"build_version":"2019-01-23","purchased_purges":1,"victory":false,"max_hp_per_floor":[66,66,66,66,66,66,66,66,66,66,66,66,66,66,66,66],"card_choices":[{"not_picked":["Bane","Expertise"],"picked":"Flechettes","floor":1},{"not_picked":["Blade Dance","Underhanded Strike"],"picked":"Dodge and Roll","floor":3},{"not_picked":["Flying Knee","Poisoned Stab"],"picked":"Burst","floor":6},{"not_picked":["Outmaneuver","Deflect"],"picked":"PiercingWail","floor":10},{"not_picked":["Blade Dance","PiercingWail"],"picked":"Dash","floor":12},{"not_picked":["Heel Hook","Deflect"],"picked":"Crippling Poison","floor":14}],"player_experience":890932,"relics_obtained":[{"floor":6,"key":"Kunai"},{"floor":9,"key":"Omamori"},{"floor":14,"key":"Juzu Bracelet"}],"event_choices":[{"damage_healed":0,"gold_gain":75,"player_choice":"Gather Gold","damage_taken":11,"max_hp_gain":0,"max_hp_loss":0,"event_name":"World of Goop","floor":2,"gold_loss":0},{"damage_healed":0,"gold_gain":0,"player_choice":"Take Wound","damage_taken":0,"relics_obtained":["Golden Idol"],"max_hp_gain":0,"max_hp_loss":0,"event_name":"Golden Idol","floor":4,"gold_loss":0,"cards_obtained":["Injury"]},{"damage_healed":0,"gold_gain":0,"player_choice":"Success","damage_taken":5,"relics_obtained":["Smiling Mask"],"max_hp_gain":0,"max_hp_loss":0,"event_name":"Scrap Ooze","floor":5,"gold_loss":0}],"is_beta":false,"boss_relics":[],"items_purged_floors":[7],"is_endless":false,"potions_floor_spawned":[1,3],"killed_by":"Hexaghost","ascension_level":20}