{"gold_per_floor":[368,384,384,242,242,242,280,280,580,601,648,648,618,568,568,687,687,702,717,352,375,18,57,57,57,133,83,83,83,83,107,107,238,238,256,272,290,290,290,290,95,116,140,158,158,179,179,61,61,61],"floor_reached":51,"playtime":3206,"items_purged":["Strike_G","Defend_G","Strike_G","Strike_G","Strike_G","Defend_G"],"score":799,"play_id":"721b7410-f4d8-4cb3-9671-54a546a78fa9","local_time":"20190612183737","is_ascension_mode":true,"campfire_choices":[{"data":"Noxious Fumes","floor":6.0,"key":"SMITH"},{"floor":8.0,"key":"REST"},{"data":"Slice","floor":12.0,"key":"SMITH"},{"data":"Deflect","floor":15.0,"key":"SMITH"},{"data":"Master of Strategy","floor":24,"key":"SMITH"},{"data":"Escape Plan","floor":29,"key":"SMITH"},{"data":"Deflect","floor":32,"key":"SMITH"},{"data":"Blur","floor":40,"key":"SMITH"},{"data":"Masterful Stab","floor":45,"key":"SMITH"},{"data":"Backflip","floor":47,"key":"SMITH"},{"data":"Blur","floor":49,"key":"SMITH"}],"neow_cost":"PERCENT_DAMAGE","seed_source_timestamp":0,"circlet_count":0,"master_deck":["Defend_G","Defend_G","Defend_G","Survivor","Neutralize","Backflip+1","Deflect+1","Noxious Fumes+1","Escape Plan","Slice+1","Slice","A Thousand Cuts+1","Noxious Fumes+1","Noxious Fumes+1","Footwork+1","Escape Plan","Master of Strategy+1","Acrobatics+1","Escape Plan+1","Deflect+1","After Image+1","Cloak And Dagger+1","Blur+1","Masterful Stab+1","Footwork+1","Parasite","Blur+1"],"special_seed":0,"relics":["Ring of the Snake","Golden Idol","Frozen Egg 2","Odd Mushroom","Old Coin","Smiling Mask","Coffee Dripper","Mummified Hand","Centennial Puzzle","Matryoshka","Sozu","Oddly Smooth Stone","Blood Vial","Art of War"],"potions_floor_usage":[37],"damage_taken":[{"damage":0.0,"enemies":"2 Louse","floor":1.0,"turns":4.0},{"damage":0.0,"enemies":"Jaw Worm","floor":2.0,"turns":5.0},{"damage":14.0,"enemies":"The Mushroom Lair","floor":7.0,"turns":5.0},{"damage":1.0,"enemies":"Small Slimes","floor":10.0,"turns":6.0},{"damage":0.0,"enemies":"Looter","floor":13.0,"turns":4.0},{"damage":12.0,"enemies":"The Guardian","floor":16.0,"turns":13.0},{"damage":2.0,"enemies":"3 Byrds","floor":18.0,"turns":4.0},{"damage":9.0,"enemies":"Shell Parasite","floor":19.0,"turns":6.0},{"damage":0.0,"enemies":"Centurion and Healer","floor":21.0,"turns":6.0},{"damage":16,"enemies":"Gremlin Leader","floor":23,"turns":6},{"damage":0,"enemies":"Shelled Parasite and Fungi","floor":31,"turns":4},{"damage":4,"enemies":"Automaton","floor":33,"turns":10},{"damage":0,"enemies":"Orb Walker","floor":35,"turns":4},{"damage":11,"enemies":"3 Darklings","floor":36,"turns":3},{"damage":0,"enemies":"Transient","floor":37,"turns":5},{"damage":0,"enemies":"Spire Growth","floor":42,"turns":5},{"damage":0,"enemies":"4 Shapes","floor":44,"turns":3},{"damage":0,"enemies":"Writhing Mass","floor":46,"turns":5},{"damage":0,"enemies":"Time Eater","floor":50,"turns":14}],"seed_played":"-9211612156035244127","potions_obtained":[{"floor":2.0,"key":"GhostInAJar"},{"floor":16.0,"key":"Strength Potion"},{"floor":18.0,"key":"Weak Potion"},{"floor":19.0,"key":"FearPotion"}],"is_trial":false,"path_per_floor":["M","M","?","$","?","R","?","R","T","M","T","R","M","?","R","B",null,"M","M","$","M","$","E","R","?","T","$","?","R","?","M","R","B",null,"M","M","M","?","?","R","$","M","T","M","R","M","R","$","R","B",null],"character_chosen":"THE_SILENT","items_purchased":["Noxious Fumes","Mummified Hand","Noxious Fumes+1","Footwork+1","Escape Plan","Master of Strategy","Oddly Smooth Stone","Blur"],"campfire_rested":1,"item_purchase_floors":[4,20,20,22,22,22,41,48],"current_hp_per_floor":[49,49,49,49,31,31,17,36,36,35,35,35,35,35,35,23,65,63,54,54,54,54,38,38,38,38,38,38,38,38,38,38,34,65,65,54,54,54,54,54,54,54,54,56,56,58,58,58,58,60],"gold":61,"neow_bonus":"TWO_FIFTY_GOLD","is_prod":false,"is_daily":false,"chose_seed":false,"campfire_upgraded":10,"win_rate":0,"timestamp":1560382657,"path_taken":["M","M","?","$","?","R","?","R","T","M","?","R","?","?","R","BOSS","M","M","$","M","$","E","R","?","T","?","?","R","?","M","R","BOSS","M","M","M","?","?","R","?","?","T","M","R","M","R","$","R","BOSS"],"build_version":"2019-01-23","purchased_purges":6,"victory":true,"max_hp_per_floor":[70,70,65,65,65,65,65,65,65,65,65,65,65,65,65,65,65,65,65,65,65,65,65,65,65,65,65,65,65,65,65,65,65,65,65,65,65,65,62,62,62,62,62,62,62,62,62,62,62,62],"card_choices":[{"not_picked":["Dagger Throw","Blade Dance"],"picked":"Backflip","floor":1.0},{"not_picked":["Dagger Spray","Flying Knee"],"picked":"Deflect","floor":2.0},{"not_picked":["Dodge and Roll","Endless Agony"],"picked":"Escape Plan","floor":7.0},{"not_picked":["Skewer","Dagger Throw"],"picked":"Slice","floor":10.0},{"not_picked":["Choke","Underhanded Strike"],"picked":"Slice","floor":13.0},{"not_picked":["Bullet Time","Doppelganger"],"picked":"A Thousand Cuts+1","floor":16.0},{"not_picked":["Terror","Infinite Blades+1","Dagger Throw"],"picked":"SKIP","floor":18.0},{"not_picked":["Poisoned Stab","Well Laid Plans+1"],"picked":"Noxious Fumes+1","floor":19.0},{"not_picked":["Dagger Throw","Tactician","Distraction+1"],"picked":"SKIP","floor":21.0},{"not_picked":["Dagger Spray","Prepared+1"],"picked":"Acrobatics+1","floor":23},{"not_picked":["Underhanded Strike","Endless Agony"],"picked":"Deflect","floor":31},{"not_picked":["Doppelganger","A Thousand Cuts+1"],"picked":"After Image+1","floor":33},{"not_picked":["Bane+1","Dagger Spray+1"],"picked":"Cloak And Dagger+1","floor":35},{"not_picked":["PiercingWail+1","Riddle With Holes","Bane"],"picked":"SKIP","floor":36},{"not_picked":["Expertise+1","Storm of Steel"],"picked":"Blur","floor":37},{"not_picked":["Well Laid Plans+1","Dodge and Roll"],"picked":"Masterful Stab","floor":42},{"not_picked":["Underhanded Strike","Blur"],"picked":"Footwork+1","floor":44},{"not_picked":["Calculated Gamble","Underhanded Strike+1","Dagger Spray"],"picked":"SKIP","floor":46}],"player_experience":84660,"relics_obtained":[{"floor":7.0,"key":"Odd Mushroom"},{"floor":9.0,"key":"Old Coin"},{"floor":11.0,"key":"Smiling Mask"},{"floor":23,"key":"Centennial Puzzle"},{"floor":26,"key":"Matryoshka"},{"floor":43,"key":"Blood Vial"},{"floor":43,"key":"Art of War"}],"event_choices":[{"damage_healed":0.0,"max_hp_gain":0.0,"max_hp_loss":5.0,"gold_gain":0.0,"event_name":"Golden Idol","player_choice":"Lose Max HP","floor":3.0,"gold_loss":0.0,"damage_taken":0.0,"relics_obtained":["Golden Idol"]},{"damage_healed":0.0,"max_hp_gain":0.0,"max_hp_loss":0.0,"gold_gain":0.0,"event_name":"Scrap Ooze","player_choice":"Success","floor":5.0,"gold_loss":0.0,"damage_taken":18.0,"relics_obtained":["Frozen Egg 2"]},{"damage_healed":0.0,"max_hp_gain":0.0,"max_hp_loss":0.0,"gold_gain":0.0,"event_name":"Mushrooms","player_choice":"Fought Mushrooms","floor":7.0,"gold_loss":0.0,"damage_taken":0.0},{"cards_removed":["Strike_G"],"damage_healed":0.0,"max_hp_gain":0.0,"max_hp_loss":0.0,"gold_gain":0.0,"event_name":"The Cleric","player_choice":"Card Removal","floor":14.0,"gold_loss":50.0,"damage_taken":0.0},{"damage_healed":0,"gold_gain":0,"player_choice":"1 cards matched","damage_taken":0,"max_hp_gain":0,"max_hp_loss":0,"event_name":"Match and Keep!","floor":25,"gold_loss":0,"cards_obtained":["Escape Plan"]},{"damage_healed":0,"gold_gain":0,"player_choice":"Ignored","damage_taken":0,"max_hp_gain":0,"max_hp_loss":0,"event_name":"Ghosts","floor":28,"gold_loss":0},{"damage_healed":0,"gold_gain":0,"player_choice":"Ignored","damage_taken":0,"max_hp_gain":0,"max_hp_loss":0,"event_name":"Vampires","floor":30,"gold_loss":0},{"damage_healed":0,"gold_gain":0,"player_choice":"Ignored","damage_taken":0,"max_hp_gain":0,"max_hp_loss":0,"event_name":"Mysterious Sphere","floor":38,"gold_loss":0},{"damage_healed":0,"gold_gain":0,"player_choice":"Max HP","damage_taken":0,"max_hp_gain":0,"max_hp_loss":3,"event_name":"Winding Halls","floor":39,"gold_loss":0}],"is_beta":false,"boss_relics":[{"not_picked":["Black Star","Tiny House"],"picked":"Coffee Dripper"},{"not_picked":["Cursed Key","Orrery"],"picked":"Sozu"}],"items_purged_floors":[4,20,22,27,41,48],"is_endless":false,"potions_floor_spawned":[2,16,18,19,21,31,36,42],"ascension_level":3}