{"gold_per_floor":[116,133,77,92,92,92,110,135,186,215,229,229,241,39,39,118,118,130,180,206,3,3,3,15,15,15,33,52,72,72,72,72,72],"floor_reached":33,"playtime":1087,"items_purged":[],"score":463,"play_id":"0d8ffcb6-8e9c-41b2-ac79-2d65232614e3","local_time":"20190407110418","is_ascension_mode":true,"campfire_choices":[{"floor":6,"key":"REST"},{"floor":12,"key":"REST"},{"data":"Catalyst","floor":15,"key":"SMITH"},{"data":"Noxious Fumes","floor":23,"key":"SMITH"},{"floor":32,"key":"REST"}],"neow_cost":"NONE","seed_source_timestamp":147738444281805,"circlet_count":0,"master_deck":["AscendersBane","Defend_G","Defend_G","Defend_G","Defend_G","Defend_G","Strike_G","Strike_G","Strike_G","Strike_G","Strike_G","Survivor","Neutralize","Adrenaline","Noxious Fumes+1","Catalyst+1","Deadly Poison+1","Crippling Poison+1","Dagger Spray","Backstab","Backflip","Noxious Fumes","Burst","Poisoned Stab+1","Bouncing Flask","Deflect+1","Decay"],"relics":["Ring of the Snake","Mummified Hand","Regal Pillow","War Paint","Juzu Bracelet","Lantern","Eternal Feather","Red Mask","Happy Flower","MutagenicStrength","Pen Nib"],"potions_floor_usage":[18,20,33],"damage_taken":[{"damage":0,"enemies":"Cultist","floor":1,"turns":4},{"damage":0,"enemies":"2 Louse","floor":2,"turns":3},{"damage":4,"enemies":"Small Slimes","floor":4,"turns":3},{"damage":0,"enemies":"3 Louse","floor":7,"turns":4},{"damage":15,"enemies":"Lagavulin","floor":8,"turns":5},{"damage":11,"enemies":"3 Sentries","floor":10,"turns":5},{"damage":3,"enemies":"Blue Slaver","floor":11,"turns":3},{"damage":0,"enemies":"Large Slime","floor":13,"turns":5},{"damage":26,"enemies":"Hexaghost","floor":16,"turns":8},{"damage":3,"enemies":"2 Thieves","floor":18,"turns":5},{"damage":3,"enemies":"Masked Bandits","floor":20,"turns":3},{"damage":0,"enemies":"Chosen","floor":24,"turns":3},{"damage":8,"enemies":"Snecko","floor":27,"turns":3},{"damage":4,"enemies":"Centurion and Healer","floor":28,"turns":5},{"damage":18,"enemies":"Snake Plant","floor":29,"turns":2},{"damage":75,"enemies":"Automaton","floor":33,"turns":6}],"seed_played":"1010536406446287725","potions_obtained":[{"floor":1,"key":"Explosive Potion"},{"floor":2,"key":"SpeedPotion"},{"floor":29,"key":"SteroidPotion"}],"is_trial":false,"path_per_floor":["M","M","$","M","?","R","M","E","T","E","M","R","M","$","R","B",null,"M","?","?","$","?","R","M","?","T","M","M","M","?","?","R","B"],"character_chosen":"THE_SILENT","items_purchased":["Deadly Poison","Lantern","Noxious Fumes","Bouncing Flask","Happy Flower"],"campfire_rested":3,"item_purchase_floors":[3,14,14,21,21],"current_hp_per_floor":[59,59,59,55,37,56,56,41,41,30,27,61,61,61,61,35,58,55,55,52,52,52,66,66,66,66,58,54,36,36,36,66,0],"gold":72,"neow_bonus":"ONE_RANDOM_RARE_CARD","is_prod":false,"is_daily":false,"chose_seed":false,"campfire_upgraded":2,"win_rate":0,"timestamp":1554649458,"path_taken":["M","M","$","?","?","R","M","E","T","E","M","R","M","$","R","BOSS","M","?","?","$","?","R","M","?","T","M","M","M","?","?","R","BOSS"],"build_version":"2019-01-23","purchased_purges":0,"victory":false,"max_hp_per_floor":[66,66,66,66,66,66,66,66,66,66,66,66,66,66,66,66,66,66,66,66,66,66,66,66,66,66,66,66,66,66,66,66,66],"card_choices":[{"not_picked":["Infinite Blades","Flechettes"],"picked":"Noxious Fumes","floor":1},{"not_picked":["Deflect","Bane"],"picked":"Catalyst","floor":2},{"not_picked":["Blade Dance","Flying Knee","Finisher"],"picked":"SKIP","floor":4},{"not_picked":["Sucker Punch","Deadly Poison"],"picked":"Crippling Poison","floor":7},{"not_picked":["Blade Dance","Slice"],"picked":"Dagger Spray","floor":8},{"not_picked":["Bane","Blade Dance"],"picked":"Backstab","floor":10},{"not_picked":["Storm of Steel","Flying Knee"],"picked":"Backflip","floor":11},{"not_picked":["Skewer","Heel Hook","Flying Knee"],"picked":"SKIP","floor":13},{"not_picked":["Grand Finale","A Thousand Cuts"],"picked":"Burst","floor":16},{"not_picked":["Acrobatics","Quick Slash","Expertise"],"picked":"SKIP","floor":18},{"not_picked":["Cloak And Dagger","Prepared+1"],"picked":"Poisoned Stab+1","floor":20},{"not_picked":["Distraction","Slice"],"picked":"Deflect+1","floor":24},{"not_picked":["Phantasmal Killer","Masterful Stab","Distraction"],"picked":"SKIP","floor":27},{"not_picked":["Blade Dance","Quick Slash","Slice+1"],"picked":"SKIP","floor":28},{"not_picked":["Heel Hook","Skewer","Dagger Throw"],"picked":"SKIP","floor":29}],"player_experience":532605,"relics_obtained":[{"floor":8,"key":"Regal Pillow"},{"floor":9,"key":"War Paint"},{"floor":10,"key":"Juzu Bracelet"},{"floor":20,"key":"Red Mask"},{"floor":26,"key":"Pen Nib"}],"event_choices":[{"damage_healed":0,"gold_gain":0,"player_choice":"Success","damage_taken":18,"relics_obtained":["Mummified Hand"],"max_hp_gain":0,"max_hp_loss":0,"event_name":"Scrap Ooze","floor":5,"gold_loss":0},{"damage_healed":0,"gold_gain":50,"player_choice":"Stole From Cult","damage_taken":0,"max_hp_gain":0,"max_hp_loss":0,"event_name":"Nest","floor":19,"gold_loss":0},{"damage_healed":0,"gold_gain":0,"player_choice":"Fought Bandits","damage_taken":0,"max_hp_gain":0,"max_hp_loss":0,"event_name":"Masked Bandits","floor":20,"gold_loss":0},{"damage_healed":0,"gold_gain":0,"player_choice":"Inject Mutagens","damage_taken":0,"relics_obtained":["MutagenicStrength"],"max_hp_gain":0,"max_hp_loss":0,"event_name":"Drug Dealer","floor":22,"gold_loss":0},{"damage_healed":0,"gold_gain":0,"player_choice":"Smashed Altar","damage_taken":0,"max_hp_gain":0,"max_hp_loss":0,"event_name":"Forgotten Altar","floor":25,"gold_loss":0,"cards_obtained":["Decay"]},{"damage_healed":0,"gold_gain":0,"player_choice":"Ignored","damage_taken":0,"max_hp_gain":0,"max_hp_loss":0,"event_name":"The Mausoleum","floor":30,"gold_loss":0},{"damage_healed":0,"gold_gain":0,"player_choice":"Ignored","damage_taken":0,"max_hp_gain":0,"max_hp_loss":0,"event_name":"Vampires","floor":31,"gold_loss":0}],"is_beta":false,"boss_relics":[{"not_picked":["Fusion Hammer","Black Star"],"picked":"Eternal Feather"}],"items_purged_floors":[],"is_endless":false,"potions_floor_spawned":[1,2,13,29],"killed_by":"Automaton","ascension_level":16}