{"gold_per_floor":[115,115,135,19,19,62,75,75,101,101,117,130,161,180,180,300,300,314,333,333,333,43,72,72,84,84,111,146,46,57,57,57,154,154,171,51,1,15,27,27,27,38,63,63,63,82,96,96,96,96],"floor_reached":51,"playtime":2720,"items_purged":["Injury","Strike_R","Strike_R","Defend_R"],"score":759,"play_id":"01af9731-7daa-4fc3-816d-1b176c057956","local_time":"20190202182214","is_ascension_mode":true,"campfire_choices":[{"data":"Armaments","floor":8,"key":"SMITH"},{"floor":15,"key":"REST"},{"floor":24,"key":"REST"},{"floor":32,"key":"REST"},{"data":"Twin Strike","floor":41,"key":"PURGE"},{"data":"Shame","floor":44,"key":"PURGE"},{"floor":49,"key":"REST"}],"neow_cost":"NONE","seed_source_timestamp":205426099652807,"circlet_count":0,"master_deck":["Strike_R+1","Strike_R+1","Defend_R+1","Defend_R+1","Defend_R+1","Bash+1","Armaments+1","True Grit+1","Whirlwind+1","Demon Form+1","Clash+1","Pommel Strike+1","Rampage+1","Seeing Red+1","Uppercut+1","Limit Break+1","Thunderclap+1","Inflame+1","RitualDagger+1","Apotheosis+1","Shrug It Off+1","Battle Trance+1","Clash+1","Battle Trance+1","Seeing Red+1","Demon Form+1","Inflame+1","Flex+1","Metallicize+1","Inflame+1"],"relics":["Burning Blood","NeowsBlessing","Bloody Idol","Strawberry","Potion Belt","Matryoshka","Peace Pipe","Fusion Hammer","Centennial Puzzle","Singing Bowl","Gambling Chip","The Courier","Dream Catcher","Bag of Preparation","Torii","Snecko Eye","Meat on the Bone","Art of War","Mark of the Bloom"],"potions_floor_usage":[16,23,23,28,33,40,47,50,50],"damage_taken":[{"damage":0,"enemies":"Small Slimes","floor":1,"turns":1},{"damage":0,"enemies":"2 Louse","floor":3,"turns":2},{"damage":0,"enemies":"3 Sentries","floor":6,"turns":2},{"damage":7,"enemies":"Jaw Worm","floor":7,"turns":4},{"damage":5,"enemies":"Looter","floor":11,"turns":3},{"damage":6,"enemies":"2 Fungi Beasts","floor":12,"turns":3},{"damage":34,"enemies":"Gremlin Nob","floor":13,"turns":5},{"damage":16,"enemies":"Red Slaver","floor":14,"turns":3},{"damage":12,"enemies":"Slime Boss","floor":16,"turns":5},{"damage":17,"enemies":"2 Thieves","floor":18,"turns":4},{"damage":5,"enemies":"3 Byrds","floor":19,"turns":7},{"damage":38,"enemies":"Book of Stabbing","floor":23,"turns":5},{"damage":11,"enemies":"Snecko","floor":25,"turns":3},{"damage":48,"enemies":"Slavers","floor":28,"turns":8},{"damage":4,"enemies":"3 Cultists","floor":30,"turns":4},{"damage":28,"enemies":"Champ","floor":33,"turns":8},{"damage":14,"enemies":"3 Shapes","floor":35,"turns":5},{"damage":7,"enemies":"3 Darklings","floor":38,"turns":4},{"damage":28,"enemies":"4 Shapes","floor":39,"turns":7},{"damage":0,"enemies":"Writhing Mass","floor":40,"turns":1},{"damage":34,"enemies":"Spire Growth","floor":42,"turns":4},{"damage":6,"enemies":"Jaw Worm Horde","floor":46,"turns":3},{"damage":21,"enemies":"Transient","floor":47,"turns":5},{"damage":44,"enemies":"Awakened One","floor":50,"turns":5}],"seed_played":"-7309269484786980067","potions_obtained":[{"floor":3,"key":"PowerPotion"},{"floor":6,"key":"Poison Potion"},{"floor":14,"key":"Poison Potion"},{"floor":18,"key":"Energy Potion"},{"floor":30,"key":"LiquidBronze"},{"floor":38,"key":"Strength Potion"},{"floor":39,"key":"SmokeBomb"},{"floor":42,"key":"SteroidPotion"},{"floor":47,"key":"Fire Potion"}],"is_trial":false,"path_per_floor":["M","?","M","$","?","E","M","R","T","?","M","M","E","M","R","B",null,"M","M","?","?","$","E","R","M","T","T","E","$","M","?","R","B",null,"M","$","?","M","M","M","R","M","T","R","?","M","M","?","R","B",null],"character_chosen":"IRONCLAD","items_purchased":["Whirlwind","Apotheosis"],"campfire_rested":4,"item_purchase_floors":[4,22],"current_hp_per_floor":[80,80,80,80,80,87,86,86,86,79,80,80,52,42,68,62,87,76,77,71,71,71,44,70,70,70,75,38,38,45,45,71,54,87,84,84,84,87,72,78,78,69,74,74,74,79,71,71,71,27],"gold":96,"neow_bonus":"THREE_ENEMY_KILL","is_prod":false,"is_daily":false,"chose_seed":false,"campfire_upgraded":1,"win_rate":0,"timestamp":1549149734,"path_taken":["M","?","M","$","?","E","M","R","T","?","M","M","E","M","R","BOSS","M","M","?","?","$","E","R","M","T","?","E","$","M","?","R","BOSS","M","$","?","?","M","M","R","M","T","R","?","M","M","?","R","BOSS"],"build_version":"2019-01-23","purchased_purges":4,"victory":true,"max_hp_per_floor":[80,80,80,80,80,87,87,87,87,87,87,87,87,87,87,87,87,87,87,87,87,87,87,87,87,87,87,87,87,87,87,87,87,87,87,87,87,87,89,89,89,91,91,91,91,91,93,93,93,93],"card_choices":[{"not_picked":["Flex","Havoc"],"picked":"Armaments","floor":1},{"not_picked":["Fire Breathing","Armaments"],"picked":"True Grit","floor":3},{"not_picked":["Havoc","Second Wind"],"picked":"Twin Strike","floor":6},{"not_picked":["Pommel Strike","Perfected Strike"],"picked":"Clash","floor":7},{"not_picked":["Iron Wave","Body Slam"],"picked":"Pommel Strike","floor":11},{"not_picked":["Heavy Blade","Reckless Charge"],"picked":"Rampage","floor":12},{"not_picked":["Headbutt","Brutality"],"picked":"Seeing Red","floor":13},{"not_picked":["Armaments","Intimidate"],"picked":"Uppercut","floor":14},{"not_picked":["Berserk","Barricade"],"picked":"Limit Break","floor":16},{"not_picked":["Reckless Charge","Rage"],"picked":"Thunderclap","floor":18},{"not_picked":["Havoc","Cleave"],"picked":"Inflame","floor":19},{"not_picked":["Pommel Strike","Carnage"],"picked":"Shrug It Off+1","floor":23},{"not_picked":["Warcry","Clash"],"picked":"Battle Trance","floor":25},{"not_picked":["Heavy Blade","True Grit"],"picked":"Clash+1","floor":28},{"not_picked":["True Grit","Headbutt+1"],"picked":"Battle Trance","floor":30},{"not_picked":["Shockwave","Havoc"],"picked":"Seeing Red","floor":32},{"not_picked":["Immolate","Offering"],"picked":"Demon Form","floor":33},{"not_picked":["Dual Wield","Thunderclap"],"picked":"Inflame","floor":35},{"not_picked":["Warcry+1","Second Wind"],"picked":"Flex+1","floor":38},{"not_picked":["Warcry+1","Body Slam+1","Twin Strike+1"],"picked":"Singing Bowl","floor":39},{"not_picked":["Pommel Strike","Searing Blow","Fire Breathing"],"picked":"Singing Bowl","floor":42},{"not_picked":["Dark Embrace","Headbutt+1"],"picked":"Metallicize+1","floor":46},{"not_picked":["Body Slam+1","Feel No Pain","Clothesline+1"],"picked":"Singing Bowl","floor":47},{"not_picked":["Dropkick","Perfected Strike+1"],"picked":"Inflame+1","floor":49}],"player_experience":132457,"relics_obtained":[{"floor":6,"key":"Strawberry"},{"floor":9,"key":"Potion Belt"},{"floor":13,"key":"Peace Pipe"},{"floor":23,"key":"Centennial Puzzle"},{"floor":26,"key":"Singing Bowl"},{"floor":26,"key":"Gambling Chip"},{"floor":27,"key":"The Courier"},{"floor":27,"key":"Dream Catcher"},{"floor":28,"key":"Bag of Preparation"},{"floor":43,"key":"Art of War"}],"event_choices":[{"damage_healed":0,"gold_gain":0,"player_choice":"Take Wound","damage_taken":0,"relics_obtained":["Golden Idol"],"max_hp_gain":0,"max_hp_loss":0,"event_name":"Golden Idol","floor":2,"gold_loss":0,"cards_obtained":["Injury"]},{"damage_healed":0,"gold_gain":0,"cards_transformed":["Strike_R"],"player_choice":"Change","damage_taken":0,"max_hp_gain":0,"max_hp_loss":0,"event_name":"Living Wall","floor":5,"gold_loss":0,"cards_obtained":["Demon Form"]},{"damage_healed":0,"gold_gain":0,"player_choice":"Success","damage_taken":7,"relics_obtained":["Matryoshka"],"max_hp_gain":0,"max_hp_loss":0,"event_name":"Scrap Ooze","floor":10,"gold_loss":0},{"damage_healed":0,"gold_gain":0,"player_choice":"Joined the Cult","damage_taken":6,"max_hp_gain":0,"max_hp_loss":0,"event_name":"Nest","floor":20,"gold_loss":0,"cards_obtained":["RitualDagger"]},{"damage_healed":0,"gold_gain":0,"player_choice":"Gave Idol","damage_taken":0,"relics_obtained":["Bloody Idol"],"max_hp_gain":0,"max_hp_loss":0,"event_name":"Forgotten Altar","floor":21,"relics_lost":["Golden Idol"],"gold_loss":0},{"damage_healed":0,"gold_gain":0,"player_choice":"Stole Relic","damage_taken":0,"relics_obtained":["Torii"],"max_hp_gain":0,"max_hp_loss":0,"event_name":"Addict","floor":31,"gold_loss":0,"cards_obtained":["Shame"]},{"damage_healed":0,"gold_gain":0,"player_choice":"Paid Gold","damage_taken":0,"relics_obtained":["Meat on the Bone"],"max_hp_gain":0,"max_hp_loss":0,"event_name":"WeMeetAgain","floor":37,"gold_loss":50},{"damage_healed":0,"gold_gain":0,"player_choice":"Ignored","damage_taken":0,"max_hp_gain":0,"max_hp_loss":0,"event_name":"Mysterious Sphere","floor":45,"gold_loss":0},{"damage_healed":0,"gold_gain":0,"player_choice":"Upgrade","damage_taken":0,"relics_obtained":["Mark of the Bloom"],"max_hp_gain":0,"max_hp_loss":0,"event_name":"MindBloom","floor":48,"gold_loss":0,"cards_upgraded":["Strike_R","Strike_R","Defend_R","Defend_R","Defend_R","Bash","True Grit","Whirlwind","Demon Form","Clash","Pommel Strike","Rampage","Seeing Red","Uppercut","Limit Break","Thunderclap","Inflame","RitualDagger","Apotheosis","Battle Trance","Battle Trance","Seeing Red","Demon Form","Inflame"]}],"is_beta":false,"boss_relics":[{"not_picked":["Tiny House","Runic Pyramid"],"picked":"Fusion Hammer"},{"not_picked":["Runic Cube","Calling Bell"],"picked":"Snecko Eye"}],"items_purged_floors":[4,22,29,36],"is_endless":false,"potions_floor_spawned":[3,6,14,18,30,38,39,42,47],"ascension_level":1}