{"gold_per_floor":[114,128,144,160,160,160,188,188,211,211,223,223,257,101,101,190,190,206,206,206,121,147,159,188,210,222,131,131,146,146,161,161,233,233,247,247,262,273,273],"floor_reached":39,"playtime":1235,"items_purged":["Parasite"],"score":747,"play_id":"fffc2f6b-e3b8-47cb-9f40-68a637edc339","local_time":"20190325155431","is_ascension_mode":true,"campfire_choices":[{"data":"Bash","floor":6,"key":"SMITH"},{"floor":8,"key":"REST"},{"data":"Armaments","floor":10,"key":"SMITH"},{"data":"Spot Weakness","floor":15,"key":"SMITH"},{"data":"Double Tap","floor":23,"key":"SMITH"},{"data":"Heavy Blade","floor":28,"key":"SMITH"},{"data":"Spot Weakness","floor":30,"key":"SMITH"},{"data":"Shrug It Off","floor":32,"key":"SMITH"}],"neow_cost":"NONE","seed_source_timestamp":425040594599314,"circlet_count":0,"master_deck":["AscendersBane","Strike_R","Strike_R","Strike_R","Defend_R","Defend_R","Defend_R","Defend_R","Bash+1","Spot Weakness+1","Shrug It Off+1","Cleave","Armaments+1","Twin Strike","Reaper","Feed","Double Tap+1","Heavy Blade+1","Spot Weakness+1","Pummel+1","Twin Strike+1","Body Slam+1","Dropkick+1","Bludgeon+1","Entrench+1","Pommel Strike+1","Disarm"],"relics":["Burning Blood","Pen Nib","Oddly Smooth Stone","Bloody Idol","Art of War","Cursed Key","MawBank","Molten Egg 2","Sozu"],"potions_floor_usage":[4,13,16,22,25,33,33],"damage_taken":[{"damage":9,"enemies":"Jaw Worm","floor":1,"turns":4},{"damage":7,"enemies":"Cultist","floor":2,"turns":4},{"damage":5,"enemies":"Small Slimes","floor":3,"turns":4},{"damage":8,"enemies":"Blue Slaver","floor":4,"turns":4},{"damage":57,"enemies":"Lagavulin","floor":7,"turns":9},{"damage":0,"enemies":"Exordium Wildlife","floor":11,"turns":5},{"damage":11,"enemies":"Gremlin Nob","floor":13,"turns":3},{"damage":48,"enemies":"The Guardian","floor":16,"turns":9},{"damage":0,"enemies":"Spheric Guardian","floor":18,"turns":3},{"damage":12,"enemies":"3 Byrds","floor":22,"turns":7},{"damage":36,"enemies":"Cultist and Chosen","floor":24,"turns":7},{"damage":0,"enemies":"Chosen and Byrds","floor":25,"turns":3},{"damage":37,"enemies":"Centurion and Healer","floor":29,"turns":3},{"damage":5,"enemies":"3 Cultists","floor":31,"turns":4},{"damage":72,"enemies":"Champ","floor":33,"turns":7},{"damage":5,"enemies":"3 Shapes","floor":35,"turns":4},{"damage":20,"enemies":"Orb Walker","floor":37,"turns":3},{"damage":64,"enemies":"Writhing Mass","floor":38,"turns":3},{"damage":33,"enemies":"3 Darklings","floor":39,"turns":2}],"seed_played":"7007498897267681585","potions_obtained":[{"floor":1,"key":"LiquidBronze"},{"floor":2,"key":"Fire Potion"},{"floor":7,"key":"Strength Potion"},{"floor":18,"key":"Fire Potion"},{"floor":24,"key":"Fire Potion"},{"floor":29,"key":"Poison Potion"},{"floor":31,"key":"BloodPotion"}],"is_trial":false,"path_per_floor":["M","M","M","M","?","R","E","R","T","R","M","?","E","$","R","B",null,"M","?","?","?","M","R","M","M","T","$","R","M","R","M","R","B",null,"M","?","M","M","M"],"character_chosen":"IRONCLAD","items_purchased":["Feed","Twin Strike+1"],"campfire_rested":1,"item_purchase_floors":[14,27],"current_hp_per_floor":[65,64,65,63,75,75,24,46,46,46,52,52,47,47,47,26,60,66,66,66,66,75,75,78,78,78,75,75,76,76,79,79,34,68,77,77,68,15,0],"gold":273,"neow_bonus":"REMOVE_CARD","is_prod":false,"is_daily":false,"chose_seed":false,"campfire_upgraded":7,"win_rate":0,"timestamp":1553543671,"path_taken":["M","M","M","M","?","R","E","R","T","R","?","?","E","$","R","BOSS","M","?","?","?","M","R","M","?","T","?","R","?","R","M","R","BOSS","M","?","M","?","M"],"build_version":"2019-01-23","purchased_purges":1,"victory":false,"max_hp_per_floor":[75,75,75,75,75,75,75,75,75,75,75,68,68,68,68,71,71,71,71,71,71,75,75,78,78,78,75,75,79,79,79,79,79,79,82,82,82,82,82],"card_choices":[{"not_picked":["Wild Strike","Dual Wield"],"picked":"Spot Weakness","floor":1},{"not_picked":["Anger","Evolve","Headbutt"],"picked":"SKIP","floor":2},{"not_picked":["Anger","Headbutt"],"picked":"Evolve","floor":2},{"not_picked":["Headbutt","Flex"],"picked":"Shrug It Off","floor":3},{"not_picked":["Combust","Shrug It Off"],"picked":"Cleave","floor":4},{"not_picked":["Power Through","Entrench"],"picked":"Armaments","floor":7},{"not_picked":["Intimidate","Iron Wave"],"picked":"Twin Strike","floor":11},{"not_picked":["Iron Wave","True Grit"],"picked":"Reaper","floor":13},{"not_picked":["Fiend Fire","Exhume"],"picked":"Double Tap","floor":16},{"not_picked":["Sentinel","Hemokinesis","Wild Strike"],"picked":"SKIP","floor":18},{"not_picked":["Thunderclap","Headbutt"],"picked":"Spot Weakness","floor":22},{"not_picked":["Cleave","Sever Soul"],"picked":"Pummel+1","floor":24},{"not_picked":["Sentinel","Headbutt","Cleave"],"picked":"SKIP","floor":25},{"not_picked":["Cleave+1","Wild Strike+1"],"picked":"Body Slam+1","floor":29},{"not_picked":["Sentinel","Burning Pact"],"picked":"Dropkick+1","floor":31},{"not_picked":["Juggernaut","Double Tap"],"picked":"Bludgeon+1","floor":33},{"not_picked":["Infernal Blade+1","Intimidate+1"],"picked":"Entrench+1","floor":35},{"not_picked":["Clash+1","Anger+1"],"picked":"Pommel Strike+1","floor":37},{"not_picked":["Sentinel","Feel No Pain","Disarm"],"picked":"SKIP","floor":38},{"not_picked":["Sentinel","Feel No Pain"],"picked":"Disarm","floor":38}],"player_experience":461622,"relics_obtained":[{"floor":7,"key":"Pen Nib"},{"floor":9,"key":"Oddly Smooth Stone"},{"floor":13,"key":"Art of War"},{"floor":26,"key":"Molten Egg 2"}],"event_choices":[{"cards_removed":["Evolve"],"damage_healed":12,"gold_gain":0,"player_choice":"Offered Uncommon","damage_taken":0,"max_hp_gain":0,"max_hp_loss":0,"event_name":"Bonfire Elementals","floor":5,"gold_loss":0},{"damage_healed":0,"gold_gain":0,"player_choice":"Lose Max HP","damage_taken":0,"relics_obtained":["Golden Idol"],"max_hp_gain":0,"max_hp_loss":7,"event_name":"Golden Idol","floor":12,"gold_loss":0},{"damage_healed":0,"gold_gain":0,"player_choice":"Read","damage_taken":0,"max_hp_gain":0,"max_hp_loss":0,"event_name":"The Library","floor":19,"gold_loss":0,"cards_obtained":["Heavy Blade"]},{"damage_healed":0,"gold_gain":0,"player_choice":"Gave Idol","damage_taken":0,"relics_obtained":["Bloody Idol"],"max_hp_gain":0,"max_hp_loss":0,"event_name":"Forgotten Altar","floor":20,"relics_lost":["Golden Idol"],"gold_loss":0},{"damage_healed":0,"gold_gain":0,"player_choice":"Obtained Relic","damage_taken":0,"relics_obtained":["MawBank"],"max_hp_gain":0,"max_hp_loss":0,"event_name":"Addict","floor":21,"gold_loss":85},{"cards_removed":["Strike_R"],"damage_healed":0,"gold_gain":0,"player_choice":"Purged","damage_taken":0,"max_hp_gain":0,"max_hp_loss":0,"event_name":"Purifier","floor":36,"gold_loss":0}],"is_beta":false,"boss_relics":[{"not_picked":["Runic Dome","Coffee Dripper"],"picked":"Cursed Key"},{"not_picked":["Empty Cage","Orrery"],"picked":"Sozu"}],"items_purged_floors":[27],"is_endless":false,"potions_floor_spawned":[1,2,7,11,18,24,29,31,35,37],"killed_by":"3 Darklings","ascension_level":18}