{"gold_per_floor":[116,116,41,57,57,57,88,98,122,122,24,55,205,205,205,205],"floor_reached":16,"playtime":350,"items_purged":[],"score":186,"play_id":"a1990c68-e085-422c-a459-8e9cbb6561c4","local_time":"20190503173249","is_ascension_mode":true,"campfire_choices":[{"data":"Rebound","floor":6,"key":"SMITH"},{"floor":10,"key":"REST"},{"floor":15,"key":"REST"}],"neow_cost":"NONE","seed_source_timestamp":595649924726004,"circlet_count":0,"master_deck":["AscendersBane","Strike_B","Strike_B+1","Strike_B+1","Defend_B","Defend_B","Defend_B","Defend_B","Zap","Dualcast","Streamline+1","Leap","Rebound+1","Hologram","FTL","Enlightenment","Doubt"],"relics":["Cracked Core","Calipers","Whetstone","Happy Flower","Smiling Mask","Golden Idol"],"potions_floor_usage":[12,16],"damage_taken":[{"damage":1,"enemies":"Small Slimes","floor":1,"turns":3},{"damage":0,"enemies":"2 Louse","floor":4,"turns":3},{"damage":31,"enemies":"Gremlin Nob","floor":7,"turns":4},{"damage":7,"enemies":"Jaw Worm","floor":8,"turns":2},{"damage":34,"enemies":"Lagavulin","floor":12,"turns":4},{"damage":33,"enemies":"Hexaghost","floor":16,"turns":7}],"seed_played":"5049061213139311103","potions_obtained":[{"floor":1,"key":"FearPotion"},{"floor":8,"key":"Poison Potion"},{"floor":12,"key":"AttackPotion"}],"is_trial":false,"path_per_floor":["M","?","?","M","T","R","E","M","T","R","$","E","?","?","R","B"],"character_chosen":"DEFECT","items_purchased":["Enlightenment"],"campfire_rested":2,"item_purchase_floors":[11],"current_hp_per_floor":[63,63,63,63,63,63,32,25,25,46,46,12,12,12,31,0],"gold":205,"neow_bonus":"THREE_CARDS","is_prod":false,"is_daily":false,"chose_seed":false,"campfire_upgraded":1,"win_rate":0,"timestamp":1556929969,"path_taken":["M","?","?","?","?","R","E","M","T","R","$","E","?","?","R","BOSS"],"build_version":"2019-01-23","purchased_purges":0,"victory":false,"max_hp_per_floor":[71,71,71,71,71,71,71,71,71,71,71,71,71,64,64,64],"card_choices":[{"not_picked":["Beam Cell","Steam Power"],"picked":"Streamline","floor":0},{"not_picked":["Genetic Algorithm","Cold Snap"],"picked":"Leap","floor":1},{"not_picked":["Streamline","Cold Snap"],"picked":"Rebound","floor":4},{"not_picked":["Turbo","Storm"],"picked":"Hologram","floor":7},{"not_picked":["Leap","Recycle"],"picked":"FTL","floor":8},{"not_picked":["Lockon","Stack","Consume"],"picked":"SKIP","floor":12}],"player_experience":895773,"relics_obtained":[{"floor":5,"key":"Calipers"},{"floor":7,"key":"Whetstone"},{"floor":9,"key":"Happy Flower"},{"floor":12,"key":"Smiling Mask"}],"event_choices":[{"damage_healed":0,"gold_gain":0,"player_choice":"Grow","damage_taken":0,"max_hp_gain":0,"max_hp_loss":0,"event_name":"Living Wall","floor":2,"gold_loss":0,"cards_upgraded":["Streamline"]},{"cards_removed":["Strike_B"],"damage_healed":0,"gold_gain":0,"player_choice":"Card Removal","damage_taken":0,"max_hp_gain":0,"max_hp_loss":0,"event_name":"The Cleric","floor":3,"gold_loss":75},{"damage_healed":0,"gold_gain":150,"player_choice":"AGREE","damage_taken":0,"max_hp_gain":0,"max_hp_loss":0,"event_name":"Liars Game","floor":13,"gold_loss":0,"cards_obtained":["Doubt"]},{"damage_healed":0,"gold_gain":0,"player_choice":"Lose Max HP","damage_taken":0,"relics_obtained":["Golden Idol"],"max_hp_gain":0,"max_hp_loss":7,"event_name":"Golden Idol","floor":14,"gold_loss":0}],"is_beta":false,"boss_relics":[],"items_purged_floors":[],"is_endless":false,"potions_floor_spawned":[1,8,12],"killed_by":"Hexaghost","ascension_level":15}