{"gold_per_floor":[111,21,21,21,39,39,70,70,70,70,88,88,98,58,58,133,133,144,164,89,0,17,17,27,27,27,41,41,53,67,101,101,101],"floor_reached":33,"playtime":1343,"items_purged":[],"score":584,"play_id":"0dcdc1b1-af47-43dc-addd-1bd98026f061","local_time":"20190606101253","is_ascension_mode":true,"campfire_choices":[{"data":"Defragment","floor":6,"key":"SMITH"},{"data":"Redo","floor":8,"key":"SMITH"},{"data":"Darkness","floor":12,"key":"SMITH"},{"data":"Sunder","floor":15,"key":"SMITH"},{"floor":23,"key":"REST"},{"floor":25,"key":"REST"},{"floor":32,"key":"REST"}],"neow_cost":"NONE","seed_source_timestamp":208419315678420,"circlet_count":0,"master_deck":["AscendersBane","Strike_B","Strike_B","Strike_B+1","Defend_B+1","Defend_B","Defend_B","Defend_B","Zap+1","Dualcast","Darkness+1","Defragment+1","Redo+1","Sunder+1","Conserve Battery","Leap","Core Surge","Conserve Battery+1","Glacier","Sunder+1","White Noise","Glacier"],"relics":["FrozenCore","NeowsBlessing","Happy Flower","Matryoshka","Pear","Nloth\u0027s Gift","Bottled Flame"],"potions_floor_usage":[16,16,31,33],"damage_taken":[{"damage":0,"enemies":"2 Louse","floor":1,"turns":1},{"damage":0,"enemies":"Jaw Worm","floor":5,"turns":1},{"damage":0,"enemies":"Gremlin Nob","floor":7,"turns":1},{"damage":0,"enemies":"Small Slimes","floor":11,"turns":2},{"damage":10,"enemies":"2 Fungi Beasts","floor":13,"turns":3},{"damage":2,"enemies":"The Guardian","floor":16,"turns":8},{"damage":33,"enemies":"3 Byrds","floor":18,"turns":6},{"damage":0,"enemies":"Spheric Guardian","floor":19,"turns":4},{"damage":9,"enemies":"Centurion and Healer","floor":22,"turns":6},{"damage":12,"enemies":"Snake Plant","floor":24,"turns":4},{"damage":12,"enemies":"Sentry and Sphere","floor":27,"turns":10},{"damage":5,"enemies":"Snecko","floor":29,"turns":6},{"damage":0,"enemies":"Centurion and Healer","floor":30,"turns":7},{"damage":16,"enemies":"Gremlin Leader","floor":31,"turns":7},{"damage":99,"enemies":"Automaton","floor":33,"turns":14}],"seed_played":"1744994512091772443","potions_obtained":[{"floor":1,"key":"AttackPotion"},{"floor":5,"key":"FocusPotion"},{"floor":19,"key":"FairyPotion"},{"floor":24,"key":"Block Potion"},{"floor":31,"key":"Fire Potion"}],"is_trial":false,"path_per_floor":["M","$","?","$","M","R","E","R","T","?","M","R","M","?","R","B",null,"M","M","?","?","M","R","M","R","T","M","?","M","M","E","R","B"],"character_chosen":"DEFECT","items_purchased":["Defragment"],"campfire_rested":3,"item_purchase_floors":[2],"current_hp_per_floor":[64,64,64,64,64,64,64,64,64,43,43,43,33,33,33,31,61,28,28,28,28,19,40,28,49,59,47,47,42,42,26,50,0],"gold":101,"neow_bonus":"THREE_ENEMY_KILL","is_prod":false,"is_daily":false,"chose_seed":false,"campfire_upgraded":4,"win_rate":0,"timestamp":1559830373,"path_taken":["M","$","?","$","M","R","E","R","T","?","M","R","?","?","R","BOSS","M","M","?","?","M","R","M","R","T","M","?","?","M","E","R","BOSS"],"build_version":"2019-01-23","purchased_purges":0,"victory":false,"max_hp_per_floor":[71,71,71,71,71,71,71,71,71,71,71,71,71,71,71,71,71,71,71,71,71,71,71,71,71,81,81,81,81,81,81,81,81],"card_choices":[{"not_picked":["Static Discharge","Beam Cell"],"picked":"Darkness","floor":1},{"not_picked":["Auto Shields","Doom and Gloom"],"picked":"Redo","floor":5},{"not_picked":["Fusion","Compile Driver"],"picked":"Sunder","floor":7},{"not_picked":["Rebound","Steam"],"picked":"Conserve Battery","floor":11},{"not_picked":["Go for the Eyes","Stack"],"picked":"Leap","floor":13},{"not_picked":["Machine Learning","Multi-Cast"],"picked":"Core Surge","floor":16},{"not_picked":["Compile Driver","Steam+1","FTL+1"],"picked":"SKIP","floor":18},{"not_picked":["Streamline","Turbo","Stack"],"picked":"SKIP","floor":19},{"not_picked":["Streamline","Coolheaded"],"picked":"Conserve Battery+1","floor":22},{"not_picked":["Aggregate","Steam"],"picked":"Glacier","floor":24},{"not_picked":["Skim","Undo+1"],"picked":"Sunder+1","floor":27},{"not_picked":["Melter","Go for the Eyes","Rebound"],"picked":"SKIP","floor":29},{"not_picked":["Fission","Sunder"],"picked":"White Noise","floor":30},{"not_picked":["Rainbow","Stack"],"picked":"Glacier","floor":31}],"player_experience":844079,"relics_obtained":[{"floor":7,"key":"Happy Flower"},{"floor":9,"key":"Matryoshka"},{"floor":26,"key":"Bottled Lightning"},{"floor":26,"key":"Pear"},{"floor":31,"key":"Bottled Flame"}],"event_choices":[{"damage_healed":0,"gold_gain":0,"player_choice":"Grow","damage_taken":0,"max_hp_gain":0,"max_hp_loss":0,"event_name":"Living Wall","floor":3,"gold_loss":0,"cards_upgraded":["Zap"]},{"damage_healed":0,"gold_gain":0,"player_choice":"Entered Light","damage_taken":21,"max_hp_gain":0,"max_hp_loss":0,"event_name":"Shining Light","floor":10,"gold_loss":0,"cards_upgraded":["Defend_B","Strike_B"]},{"damage_healed":0,"gold_gain":0,"player_choice":"Left Gold","damage_taken":0,"max_hp_gain":0,"max_hp_loss":0,"event_name":"World of Goop","floor":14,"gold_loss":40},{"cards_removed":["Strike_B"],"damage_healed":0,"gold_gain":0,"player_choice":"Gave Gold","damage_taken":0,"max_hp_gain":0,"max_hp_loss":0,"event_name":"Beggar","floor":20,"gold_loss":75},{"damage_healed":0,"gold_gain":0,"player_choice":"Paid Fearfully","damage_taken":0,"max_hp_gain":0,"max_hp_loss":0,"event_name":"Masked Bandits","floor":21,"gold_loss":89},{"damage_healed":0,"gold_gain":0,"player_choice":"Traded Relic","damage_taken":0,"relics_obtained":["Nloth\u0027s Gift"],"max_hp_gain":0,"max_hp_loss":0,"event_name":"N\u0027loth","floor":28,"relics_lost":["Bottled Lightning"],"gold_loss":0}],"is_beta":false,"boss_relics":[{"not_picked":["Runic Pyramid","Black Star"],"picked":"FrozenCore"}],"items_purged_floors":[],"is_endless":false,"potions_floor_spawned":[1,5,19,24,30,31],"killed_by":"Automaton","ascension_level":20}