{"gold_per_floor":[125,152,183,209,221,277,289,320,384,411,448,66,84,120,120,120],"floor_reached":16,"playtime":874,"items_purged":["Strike_R"],"score":141,"play_id":"96d69548-4cef-43e9-a381-790474bc383f","local_time":"20190428160641","is_ascension_mode":false,"campfire_choices":[{"floor":15,"key":"REST"}],"neow_cost":"NONE","seed_source_timestamp":24089946507419,"circlet_count":0,"master_deck":["Strike_R","Strike_R","Strike_R","Strike_R","Defend_R","Defend_R","Defend_R","Defend_R","Bash","Perfected Strike","Twin Strike","Twin Strike","Uppercut","Rampage","Combust","Perfected Strike","Twin Strike","Twin Strike","Twin Strike"],"relics":["Burning Blood","MawBank","Golden Idol","Darkstone Periapt","Smiling Mask","Blood Vial","DollysMirror","Gremlin Horn"],"potions_floor_usage":[4,16],"damage_taken":[{"damage":5,"enemies":"Cultist","floor":1,"turns":4},{"damage":0,"enemies":"2 Louse","floor":2,"turns":2},{"damage":6,"enemies":"Jaw Worm","floor":3,"turns":3},{"damage":9,"enemies":"2 Fungi Beasts","floor":4,"turns":3},{"damage":25,"enemies":"Gremlin Nob","floor":6,"turns":4},{"damage":0,"enemies":"Large Slime","floor":8,"turns":4},{"damage":10,"enemies":"Looter","floor":10,"turns":2},{"damage":7,"enemies":"Blue Slaver","floor":11,"turns":2},{"damage":8,"enemies":"2 Fungi Beasts","floor":13,"turns":3},{"damage":22,"enemies":"3 Sentries","floor":14,"turns":6},{"damage":68,"enemies":"The Guardian","floor":16,"turns":9}],"seed_played":"5162339734378653827","potions_obtained":[{"floor":1,"key":"Block Potion"},{"floor":2,"key":"PowerPotion"},{"floor":8,"key":"EssenceOfSteel"},{"floor":13,"key":"Energy Potion"}],"is_trial":false,"path_per_floor":["M","M","M","M","?","E","?","M","T","M","M","$","M","E","R","B"],"character_chosen":"IRONCLAD","items_purchased":["Blood Vial","DollysMirror"],"campfire_rested":1,"item_purchase_floors":[12,12],"current_hp_per_floor":[80,80,80,77,74,55,55,61,61,57,56,56,56,42,64,0],"gold":120,"neow_bonus":"RANDOM_COMMON_RELIC","is_prod":false,"is_daily":false,"chose_seed":false,"campfire_upgraded":0,"win_rate":0.0,"timestamp":1556492801,"path_taken":["M","M","?","M","?","E","?","M","T","?","M","$","M","E","R","BOSS"],"build_version":"2019-01-23","purchased_purges":1,"victory":false,"max_hp_per_floor":[80,80,80,80,74,74,74,74,74,74,74,74,74,74,74,74],"card_choices":[{"not_picked":["Whirlwind","Heavy Blade"],"picked":"Perfected Strike","floor":1},{"not_picked":["Perfected Strike","Headbutt"],"picked":"Twin Strike","floor":2},{"not_picked":["Warcry","Anger"],"picked":"Twin Strike","floor":3},{"not_picked":["Sever Soul","Armaments"],"picked":"Uppercut","floor":4},{"not_picked":["Uppercut","Dropkick"],"picked":"Rampage","floor":6},{"not_picked":["Warcry","Clothesline"],"picked":"Combust","floor":8},{"not_picked":["Heavy Blade","Juggernaut"],"picked":"Perfected Strike","floor":10},{"not_picked":["Havoc","Thunderclap"],"picked":"Twin Strike","floor":11},{"not_picked":["Iron Wave","Dropkick"],"picked":"Twin Strike","floor":13},{"not_picked":["Cleave","Inflame","Thunderclap"],"picked":"SKIP","floor":14}],"player_experience":42118,"relics_obtained":[{"floor":6,"key":"Darkstone Periapt"},{"floor":9,"key":"Smiling Mask"},{"floor":14,"key":"Gremlin Horn"}],"event_choices":[{"damage_healed":0,"gold_gain":0,"player_choice":"Lose Max HP","damage_taken":0,"relics_obtained":["Golden Idol"],"max_hp_gain":0,"max_hp_loss":6,"event_name":"Golden Idol","floor":5,"gold_loss":0},{"damage_healed":0,"gold_gain":0,"player_choice":"Ignored","damage_taken":0,"max_hp_gain":0,"max_hp_loss":0,"event_name":"Liars Game","floor":7,"gold_loss":0}],"is_beta":false,"boss_relics":[],"items_purged_floors":[12],"is_endless":false,"potions_floor_spawned":[1,2,8,13,14],"killed_by":"The Guardian","ascension_level":0}