{"gold_per_floor":[363,35,35,45,10,10,26,26,49,68,68,84,84,104,104,104],"floor_reached":16,"playtime":729,"items_purged":[],"score":175,"play_id":"56b38d7a-9801-42eb-985a-225c7850a125","local_time":"20190617222054","is_ascension_mode":true,"campfire_choices":[{"data":"Neutralize","floor":6,"key":"SMITH"},{"data":"Dash","floor":11,"key":"SMITH"},{"data":"Deflect","floor":13,"key":"SMITH"},{"data":"Dagger Throw","floor":15,"key":"SMITH"}],"neow_cost":"CURSE","seed_source_timestamp":429858845350443,"circlet_count":0,"master_deck":["AscendersBane","Defend_G","Defend_G","Defend_G","Defend_G","Defend_G","Strike_G","Strike_G","Strike_G","Strike_G","Strike_G","Survivor","Neutralize+1","Dash+1","Dash+1","Deflect+1","Dagger Throw","Deflect","Dagger Throw+1"],"relics":["Ring of the Snake","FossilizedHelix","Snake Skull"],"potions_floor_usage":[12,16],"damage_taken":[{"damage":4,"enemies":"2 Louse","floor":1,"turns":3},{"damage":0,"enemies":"Cultist","floor":4,"turns":4},{"damage":0,"enemies":"Jaw Worm","floor":7,"turns":4},{"damage":0,"enemies":"Looter","floor":10,"turns":4},{"damage":1,"enemies":"Gremlin Gang","floor":12,"turns":5},{"damage":0,"enemies":"Blue Slaver","floor":14,"turns":4},{"damage":59,"enemies":"Slime Boss","floor":16,"turns":18}],"seed_played":"-9170117756960500830","potions_obtained":[{"floor":1,"key":"Dexterity Potion"},{"floor":7,"key":"Dexterity Potion"}],"is_trial":false,"path_per_floor":["M","$","?","M","?","R","M","?","T","M","R","M","R","M","R","B"],"character_chosen":"THE_SILENT","items_purchased":["FossilizedHelix"],"campfire_rested":0,"item_purchase_floors":[2],"current_hp_per_floor":[55,55,55,55,66,66,66,59,59,59,59,58,58,58,58,0],"gold":104,"neow_bonus":"TWO_FIFTY_GOLD","is_prod":false,"is_daily":false,"chose_seed":false,"campfire_upgraded":4,"win_rate":0,"timestamp":1560835254,"path_taken":["M","$","?","?","?","R","M","?","T","M","R","M","R","M","R","BOSS"],"build_version":"2019-01-23","purchased_purges":0,"victory":false,"max_hp_per_floor":[66,66,66,66,66,66,66,66,66,66,66,66,66,66,66,66],"card_choices":[{"not_picked":["Blade Dance","Slice"],"picked":"Dash","floor":1},{"not_picked":["Sucker Punch","Heel Hook"],"picked":"Dash","floor":4},{"not_picked":["Outmaneuver","Concentrate"],"picked":"Deflect","floor":7},{"not_picked":["Heel Hook","Tactician"],"picked":"Dagger Throw","floor":10},{"not_picked":["Underhanded Strike","Choke"],"picked":"Deflect","floor":12},{"not_picked":["Underhanded Strike","Backflip"],"picked":"Dagger Throw","floor":14}],"player_experience":1030887,"relics_obtained":[{"floor":9,"key":"Snake Skull"}],"event_choices":[{"damage_healed":0,"gold_gain":0,"player_choice":"Forge","damage_taken":0,"max_hp_gain":0,"max_hp_loss":0,"event_name":"Accursed Blacksmith","floor":3,"gold_loss":0,"cards_upgraded":["Dash"]},{"damage_healed":16,"gold_gain":0,"player_choice":"Healed","damage_taken":0,"max_hp_gain":0,"max_hp_loss":0,"event_name":"The Cleric","floor":5,"gold_loss":35},{"cards_removed":["Regret"],"damage_healed":0,"gold_gain":0,"player_choice":"Card Removal","damage_taken":7,"max_hp_gain":0,"max_hp_loss":0,"event_name":"Golden Wing","floor":8,"gold_loss":0}],"is_beta":false,"boss_relics":[],"items_purged_floors":[],"is_endless":false,"potions_floor_spawned":[1,7],"killed_by":"Slime Boss","ascension_level":18}