{"gold_per_floor":[214,389,16,16,34,34,45,80,80,155,169,189,207,157,157,234,234,246,161,175,189,38,38,64,64,64,81,81,92,107,119,119,193,193,205,205,224,224,240,240,240],"floor_reached":41,"playtime":4898,"items_purged":["Doubt"],"score":801,"play_id":"14c0f79d-e57d-4e57-a7b4-4eb289edda75","local_time":"20181122205329","is_ascension_mode":true,"campfire_choices":[{"data":"Carnage","floor":6,"key":"SMITH"},{"data":"Anger","floor":15,"key":"SMITH"},{"floor":23,"key":"REST"},{"floor":32,"key":"REST"},{"floor":40,"key":"REST"}],"neow_cost":"NONE","seed_source_timestamp":37798654126480,"circlet_count":0,"master_deck":["AscendersBane","Strike_R+1","Strike_R+1","Strike_R+1","Strike_R+1","Defend_R+1","Defend_R+1","Defend_R+1","Defend_R+1","Bash","Battle Trance","Carnage+1","Warcry+1","Shockwave+1","Havoc+1","Shrug It Off+1","Anger+1","Spot Weakness+1","Power Through+1","Shrug It Off+1","Fiend Fire","Anger","Heavy Blade","Corruption","Clothesline","Battle Trance+1","Flex+1","Evolve","Entrench+1","Power Through+1","Body Slam","Flame Barrier+1","Barricade","Anger+1","Heavy Blade+1","Carnage","Berserk","Shrug It Off+1","Shrug It Off+1"],"relics":["Burning Blood","Toxic Egg 2","Prayer Wheel","Nunchaku","Kunai","Fusion Hammer","Omamori","Bag of Preparation","Red Skull","Bronze Scales","White Beast Statue"],"potions_floor_usage":[8,16,16,21,33,37],"damage_taken":[{"damage":7,"enemies":"Small Slimes","floor":1,"turns":3},{"damage":12,"enemies":"2 Louse","floor":5,"turns":3},{"damage":1,"enemies":"Cultist","floor":7,"turns":4},{"damage":0,"enemies":"Lagavulin","floor":8,"turns":4},{"damage":11,"enemies":"Looter","floor":11,"turns":2},{"damage":3,"enemies":"2 Fungi Beasts","floor":12,"turns":4},{"damage":0,"enemies":"3 Louse","floor":13,"turns":4},{"damage":5,"enemies":"Slime Boss","floor":16,"turns":12},{"damage":0,"enemies":"3 Byrds","floor":18,"turns":6},{"damage":25,"enemies":"2 Thieves","floor":20,"turns":3},{"damage":0,"enemies":"Snake Plant","floor":21,"turns":2},{"damage":25,"enemies":"Slavers","floor":24,"turns":4},{"damage":18,"enemies":"Shelled Parasite and Fungi","floor":27,"turns":3},{"damage":0,"enemies":"Chosen and Byrds","floor":29,"turns":3},{"damage":22,"enemies":"Sentry and Sphere","floor":30,"turns":4},{"damage":0,"enemies":"Cultist and Chosen","floor":31,"turns":4},{"damage":41,"enemies":"Champ","floor":33,"turns":11},{"damage":0,"enemies":"Orb Walker","floor":35,"turns":3},{"damage":40,"enemies":"3 Darklings","floor":37,"turns":6},{"damage":15,"enemies":"Sphere and 2 Shapes","floor":39,"turns":4},{"damage":77,"enemies":"Giant Head","floor":41,"turns":7}],"seed_played":"4144416699088163518","potions_obtained":[{"floor":1,"key":"Block Potion"},{"floor":5,"key":"Block Potion"},{"floor":7,"key":"LiquidBronze"},{"floor":12,"key":"FearPotion"},{"floor":16,"key":"GamblersBrew"},{"floor":20,"key":"SteroidPotion"},{"floor":24,"key":"FairyPotion"},{"floor":29,"key":"Energy Potion"},{"floor":35,"key":"AttackPotion"},{"floor":37,"key":"Weak Potion"},{"floor":39,"key":"Strength Potion"}],"is_trial":false,"path_per_floor":["M","?","$","?","M","R","M","E","T","?","M","M","M","?","R","B",null,"M","?","M","M","$","R","E","?","T","M","?","M","M","M","R","B",null,"M","?","M","?","M","R","E"],"character_chosen":"IRONCLAD","items_purchased":["Toxic Egg 2","Carnage","Bag of Preparation"],"campfire_rested":3,"item_purchase_floors":[3,3,22],"current_hp_per_floor":[67,67,67,67,61,61,66,72,72,61,56,59,65,65,65,66,73,75,75,56,62,62,75,56,56,56,44,44,50,34,40,62,27,63,69,69,35,35,26,48,0],"gold":240,"neow_bonus":"HUNDRED_GOLD","is_prod":false,"is_daily":false,"chose_seed":false,"campfire_upgraded":2,"win_rate":0,"timestamp":1542948809,"path_taken":["M","?","$","?","?","R","M","E","T","?","M","M","M","?","R","BOSS","M","?","M","M","?","R","E","?","T","M","?","?","M","M","R","BOSS","M","?","M","?","M","R","E"],"build_version":"2018-11-15","purchased_purges":1,"victory":false,"max_hp_per_floor":[75,75,75,75,75,75,75,75,75,75,75,75,75,75,75,75,75,75,75,75,75,75,75,75,75,75,75,75,75,75,75,75,75,75,75,75,75,75,75,75,75],"card_choices":[{"not_picked":["Intimidate","Flex"],"picked":"Battle Trance","floor":1},{"not_picked":["Cleave","Disarm+1"],"picked":"Warcry+1","floor":5},{"not_picked":["Iron Wave","Pommel Strike"],"picked":"Sentinel+1","floor":5},{"not_picked":["Clothesline","Clash"],"picked":"Shockwave+1","floor":7},{"not_picked":["Evolve","Heavy Blade"],"picked":"Havoc+1","floor":7},{"not_picked":["Exhume+1","Clash"],"picked":"Shrug It Off+1","floor":8},{"not_picked":["Dropkick","Heavy Blade"],"picked":"Anger","floor":11},{"not_picked":["Iron Wave","Twin Strike"],"picked":"Spot Weakness+1","floor":11},{"not_picked":["Sword Boomerang","Flex+1"],"picked":"Power Through+1","floor":12},{"not_picked":["Armaments+1","Searing Blow","Shockwave+1"],"picked":"SKIP","floor":12},{"not_picked":["Twin Strike","Warcry+1"],"picked":"Shrug It Off+1","floor":13},{"not_picked":["Armaments+1","Headbutt","Feel No Pain"],"picked":"SKIP","floor":13},{"not_picked":["Brutality","Bludgeon"],"picked":"Fiend Fire","floor":16},{"not_picked":["Pommel Strike","Dropkick"],"picked":"Anger","floor":18},{"not_picked":["Dual Wield+1","Clash"],"picked":"Heavy Blade","floor":18},{"not_picked":["Infernal Blade+1","Perfected Strike"],"picked":"Corruption","floor":20},{"not_picked":["Pommel Strike","Iron Wave+1","Sword Boomerang"],"picked":"SKIP","floor":20},{"not_picked":["Rampage","Reckless Charge"],"picked":"Clothesline","floor":21},{"not_picked":["Havoc+1","Heavy Blade"],"picked":"Battle Trance+1","floor":21},{"not_picked":["Dropkick","Thunderclap"],"picked":"Flex+1","floor":24},{"not_picked":["Pummel","Flex+1"],"picked":"Evolve","floor":27},{"not_picked":["Berserk","Anger","Wild Strike"],"picked":"SKIP","floor":27},{"not_picked":["Evolve","Corruption+1"],"picked":"Entrench+1","floor":29},{"not_picked":["Havoc+1","Heavy Blade+1","Headbutt"],"picked":"SKIP","floor":29},{"not_picked":["Combust","Infernal Blade+1"],"picked":"Power Through+1","floor":30},{"not_picked":["Shrug It Off+1","True Grit+1"],"picked":"Body Slam","floor":30},{"not_picked":["Carnage","Impervious+1"],"picked":"Flame Barrier+1","floor":31},{"not_picked":["Clothesline","Shockwave+1","Thunderclap"],"picked":"SKIP","floor":31},{"not_picked":["Bludgeon","Dark Embrace"],"picked":"Barricade","floor":33},{"not_picked":["Shockwave+1","Havoc+1"],"picked":"Anger+1","floor":35},{"not_picked":["Intimidate+1","Twin Strike"],"picked":"Heavy Blade+1","floor":35},{"not_picked":["Perfected Strike","Body Slam"],"picked":"Carnage","floor":37},{"not_picked":["Armaments+1","Sword Boomerang+1","Heavy Blade+1"],"picked":"SKIP","floor":37},{"not_picked":["Iron Wave","Feed"],"picked":"Shrug It Off+1","floor":39},{"not_picked":["Rupture","Armaments+1"],"picked":"Shrug It Off+1","floor":39}],"player_experience":818532,"relics_obtained":[{"floor":8,"key":"Nunchaku"},{"floor":9,"key":"Kunai"},{"floor":24,"key":"Red Skull"},{"floor":26,"key":"Bronze Scales"}],"event_choices":[{"damage_healed":0,"gold_gain":175,"player_choice":"AGREE","damage_taken":0,"max_hp_gain":0,"max_hp_loss":0,"event_name":"Liars Game","floor":2,"gold_loss":0,"cards_obtained":["Doubt"]},{"damage_healed":0,"gold_gain":0,"player_choice":"Gave Potion","damage_taken":0,"relics_obtained":["Prayer Wheel"],"max_hp_gain":0,"max_hp_loss":0,"event_name":"WeMeetAgain","floor":4,"gold_loss":0},{"damage_healed":0,"gold_gain":75,"player_choice":"Gather Gold","damage_taken":11,"max_hp_gain":0,"max_hp_loss":0,"event_name":"World of Goop","floor":10,"gold_loss":0},{"cards_removed":["Strike_R"],"damage_healed":0,"gold_gain":0,"player_choice":"Card Removal","damage_taken":0,"max_hp_gain":0,"max_hp_loss":0,"event_name":"The Cleric","floor":14,"gold_loss":50},{"damage_healed":0,"gold_gain":0,"player_choice":"Obtained Relic","damage_taken":0,"relics_obtained":["Omamori"],"max_hp_gain":0,"max_hp_loss":0,"event_name":"Addict","floor":19,"gold_loss":85},{"damage_healed":0,"gold_gain":0,"player_choice":"Simplicity","damage_taken":0,"max_hp_gain":0,"max_hp_loss":0,"event_name":"Back to Basics","floor":25,"gold_loss":0,"cards_upgraded":["Strike_R","Strike_R","Strike_R","Strike_R","Defend_R","Defend_R","Defend_R","Defend_R"]},{"damage_healed":0,"gold_gain":0,"player_choice":"Smashed Altar","damage_taken":0,"max_hp_gain":0,"max_hp_loss":0,"event_name":"Forgotten Altar","floor":28,"gold_loss":0,"cards_obtained":["Decay"]},{"damage_healed":0,"gold_gain":0,"player_choice":"Ignored","damage_taken":0,"max_hp_gain":0,"max_hp_loss":0,"event_name":"Tomb of Lord Red Mask","floor":36,"gold_loss":0},{"damage_healed":0,"gold_gain":0,"cards_transformed":["Sentinel"],"player_choice":"Transformed","damage_taken":0,"max_hp_gain":0,"max_hp_loss":0,"event_name":"Transmorgrifier","floor":38,"gold_loss":0,"cards_obtained":["Berserk"]}],"is_beta":false,"boss_relics":[{"not_picked":["Tiny House","Black Star"],"picked":"Fusion Hammer"},{"not_picked":["Runic Pyramid","Calling Bell"],"picked":"White Beast Statue"}],"items_purged_floors":[3],"is_endless":false,"potions_floor_spawned":[1,5,7,12,16,20,24,29,31,35,37,39],"killed_by":"Giant Head","ascension_level":14}