{"gold_per_floor":[116,129,79,79,90,122,197,197,197,212,224,242,242,242,242,341,341,352,372,165,180,130,130,148,63,63,175,206,90,90,101,101,101],"floor_reached":33,"playtime":963,"items_purged":["Strike_R","Strike_R","Strike_R","Decay"],"score":274,"play_id":"3a8fc7c6-049e-4383-8fd8-5e50aca7c8f3","local_time":"20190504133352","is_ascension_mode":false,"campfire_choices":[{"data":"Spot Weakness","floor":8,"key":"SMITH"},{"data":"Cleave","floor":13,"key":"SMITH"},{"data":"Shrug It Off","floor":15,"key":"SMITH"},{"data":"Limit Break","floor":23,"key":"SMITH"},{"data":"Strike_R","floor":30,"key":"PURGE"},{"floor":32,"key":"REST"}],"neow_cost":"NONE","seed_source_timestamp":495156467459620,"circlet_count":0,"master_deck":["Strike_R+1","Defend_R+1","Defend_R","Defend_R","Defend_R","Bash+1","Spot Weakness+1","Shrug It Off+1","Cleave+1","Ghostly Armor","Feed","Heavy Blade+1","Sword Boomerang","Limit Break+1","Inflame","True Grit+1","Heavy Blade+1","Clothesline+1","Flame Barrier"],"relics":["Burning Blood","Smiling Mask","Blue Candle","Bag of Marbles","Cursed Key","Dodecahedron","MawBank","Peace Pipe","Molten Egg 2"],"potions_floor_usage":[16,16,16,27,27,33],"damage_taken":[{"damage":4,"enemies":"Cultist","floor":1,"turns":4},{"damage":2,"enemies":"Small Slimes","floor":2,"turns":4},{"damage":5,"enemies":"2 Louse","floor":5,"turns":3},{"damage":32,"enemies":"Gremlin Nob","floor":6,"turns":4},{"damage":0,"enemies":"Large Slime","floor":10,"turns":4},{"damage":0,"enemies":"3 Louse","floor":11,"turns":1},{"damage":1,"enemies":"Exordium Wildlife","floor":12,"turns":3},{"damage":24,"enemies":"Slime Boss","floor":16,"turns":7},{"damage":2,"enemies":"Chosen","floor":18,"turns":4},{"damage":1,"enemies":"Shell Parasite","floor":19,"turns":5},{"damage":26,"enemies":"Snake Plant","floor":21,"turns":4},{"damage":7,"enemies":"Centurion and Healer","floor":24,"turns":4},{"damage":27,"enemies":"Colosseum Slavers","floor":27,"turns":5},{"damage":9,"enemies":"Colosseum Nobs","floor":27,"turns":3},{"damage":22,"enemies":"Cultist and Chosen","floor":28,"turns":5},{"damage":16,"enemies":"Snecko","floor":31,"turns":4},{"damage":59,"enemies":"Champ","floor":33,"turns":6}],"seed_played":"-797714176122834033","potions_obtained":[{"floor":1,"key":"SkillPotion"},{"floor":6,"key":"Swift Potion"},{"floor":12,"key":"Poison Potion"},{"floor":16,"key":"Regen Potion"},{"floor":21,"key":"SpeedPotion"},{"floor":27,"key":"SpeedPotion"}],"is_trial":false,"path_per_floor":["M","M","$","?","M","E","?","R","T","M","M","M","R","?","R","B",null,"M","M","$","M","$","R","M","?","T","?","M","$","R","M","R","B"],"character_chosen":"IRONCLAD","items_purchased":["Limit Break","Inflame","Flame Barrier"],"campfire_rested":1,"item_purchase_floors":[20,20,29],"current_hp_per_floor":[80,80,80,80,80,54,43,43,43,49,55,60,60,44,44,26,80,83,83,83,63,63,63,65,65,65,53,37,37,37,27,53,0],"gold":101,"neow_bonus":"RANDOM_COMMON_RELIC","is_prod":false,"is_daily":false,"chose_seed":false,"campfire_upgraded":4,"win_rate":0,"timestamp":1556991232,"path_taken":["M","M","$","?","M","E","?","R","T","M","M","M","R","?","R","BOSS","M","M","$","M","$","R","M","?","T","?","M","?","R","?","R","BOSS"],"build_version":"2019-01-23","purchased_purges":4,"victory":false,"max_hp_per_floor":[80,80,80,80,80,80,80,80,80,80,80,80,80,80,80,80,80,83,83,83,83,83,83,86,86,86,89,89,89,89,89,89,89],"card_choices":[{"not_picked":["Dual Wield","Body Slam"],"picked":"Spot Weakness","floor":1},{"not_picked":["True Grit","Clothesline"],"picked":"Shrug It Off","floor":2},{"not_picked":["Spot Weakness","Perfected Strike","Dual Wield"],"picked":"SKIP","floor":5},{"not_picked":["Thunderclap","Shrug It Off"],"picked":"Cleave","floor":6},{"not_picked":["Iron Wave","True Grit","Rupture"],"picked":"SKIP","floor":10},{"not_picked":["Reckless Charge","Havoc"],"picked":"Ghostly Armor","floor":11},{"not_picked":["Cleave","Iron Wave","Warcry"],"picked":"SKIP","floor":12},{"not_picked":["Double Tap","Limit Break"],"picked":"Feed","floor":16},{"not_picked":["Wild Strike","Burning Pact"],"picked":"Heavy Blade+1","floor":18},{"not_picked":["Clash","True Grit"],"picked":"Sword Boomerang","floor":19},{"not_picked":["Infernal Blade+1","Corruption","Fiend Fire"],"picked":"SKIP","floor":21},{"not_picked":["Dropkick+1","Combust"],"picked":"True Grit+1","floor":24},{"not_picked":["True Grit","Body Slam"],"picked":"Heavy Blade+1","floor":27},{"not_picked":["Clash+1","Feel No Pain"],"picked":"Clothesline+1","floor":28},{"not_picked":["Clothesline+1","Body Slam+1","Power Through+1"],"picked":"SKIP","floor":31}],"player_experience":657052,"relics_obtained":[{"floor":6,"key":"Blue Candle"},{"floor":9,"key":"Bag of Marbles"},{"floor":26,"key":"MawBank"},{"floor":27,"key":"Peace Pipe"},{"floor":27,"key":"Molten Egg 2"}],"event_choices":[{"damage_healed":0,"gold_gain":0,"player_choice":"Grow","damage_taken":0,"max_hp_gain":0,"max_hp_loss":0,"event_name":"Living Wall","floor":4,"gold_loss":0,"cards_upgraded":["Bash"]},{"damage_healed":0,"gold_gain":75,"player_choice":"Gather Gold","damage_taken":11,"max_hp_gain":0,"max_hp_loss":0,"event_name":"World of Goop","floor":7,"gold_loss":0},{"damage_healed":0,"gold_gain":0,"player_choice":"Entered Light","damage_taken":16,"max_hp_gain":0,"max_hp_loss":0,"event_name":"Shining Light","floor":14,"gold_loss":0,"cards_upgraded":["Defend_R","Strike_R"]},{"damage_healed":0,"gold_gain":0,"player_choice":"Obtained Relic","damage_taken":0,"relics_obtained":["Dodecahedron"],"max_hp_gain":0,"max_hp_loss":0,"event_name":"Addict","floor":25,"gold_loss":85},{"damage_healed":0,"gold_gain":0,"player_choice":"Fight","damage_taken":0,"max_hp_gain":0,"max_hp_loss":0,"event_name":"Colosseum","floor":27,"gold_loss":0},{"damage_healed":0,"gold_gain":0,"player_choice":"Fought Nobs","damage_taken":0,"max_hp_gain":0,"max_hp_loss":0,"event_name":"Colosseum","floor":27,"gold_loss":0}],"is_beta":false,"boss_relics":[{"not_picked":["Pandora\u0027s Box","Black Star"],"picked":"Cursed Key"}],"items_purged_floors":[3,20,22,29],"is_endless":false,"potions_floor_spawned":[1,6,12,16,21,27,27],"killed_by":"Champ","ascension_level":0}