{"gold_per_floor":[109,121,121,27,27,58,58,90,90,121,121,121,132,132,132,228,228,246,345,34,34,34,34,7,7,32,32,32],"floor_reached":28,"playtime":634,"items_purged":["Strike_G"],"score":266,"play_id":"81c91f04-dd3e-4be0-b8ed-063754aff062","local_time":"20190629103015","is_ascension_mode":true,"campfire_choices":[{"floor":7,"key":"DIG"},{"data":"Noxious Fumes","floor":11,"key":"SMITH"},{"data":"Terror","floor":15,"key":"SMITH"},{"data":"Poisoned Stab","floor":23,"key":"SMITH"},{"data":"Well Laid Plans","floor":27,"key":"SMITH"}],"neow_cost":"NONE","seed_source_timestamp":1076012202367815,"circlet_count":0,"master_deck":["Defend_G","Defend_G","Defend_G","Defend_G","Defend_G","Strike_G","Strike_G","Survivor","Neutralize","Cloak And Dagger","Blade Dance","Noxious Fumes+1","Deadly Poison","Terror+1","Endless Agony","Noxious Fumes+1","Distraction+1","Burst","Bane","Poisoned Stab+1","Well Laid Plans+1","Shame"],"relics":["Ring of the Snake","NeowsBlessing","Shovel","The Courier","Bottled Tornado","Bottled Flame","Juzu Bracelet","Empty Cage","The Specimen","Boot","Bronze Scales"],"potions_floor_usage":[8,8,10,28],"damage_taken":[{"damage":0,"enemies":"2 Louse","floor":1,"turns":1},{"damage":0,"enemies":"Cultist","floor":2,"turns":1},{"damage":0,"enemies":"3 Sentries","floor":6,"turns":1},{"damage":19,"enemies":"Lagavulin","floor":8,"turns":7},{"damage":15,"enemies":"Gremlin Nob","floor":10,"turns":4},{"damage":0,"enemies":"Jaw Worm","floor":13,"turns":3},{"damage":10,"enemies":"The Guardian","floor":16,"turns":8},{"damage":13,"enemies":"3 Byrds","floor":18,"turns":5},{"damage":49,"enemies":"Slavers","floor":28,"turns":3}],"seed_played":"-4552099198938229203","potions_obtained":[{"floor":3,"key":"Block Potion"},{"floor":3,"key":"FearPotion"},{"floor":3,"key":"FearPotion"},{"floor":6,"key":"Strength Potion"},{"floor":8,"key":"Poison Potion"}],"is_trial":false,"path_per_floor":["M","M","?","$","T","E","R","E","T","E","R","?","M","?","R","B",null,"M","?","$","?","?","R","$","?","T","R","E"],"character_chosen":"THE_SILENT","items_purchased":["Noxious Fumes","Deadly Poison","The Specimen","Well Laid Plans"],"campfire_rested":0,"item_purchase_floors":[4,4,20,24],"current_hp_per_floor":[70,70,70,70,70,70,70,51,51,36,36,36,36,36,36,26,70,57,57,57,57,44,44,44,44,44,44,0],"gold":32,"neow_bonus":"THREE_ENEMY_KILL","is_prod":false,"is_daily":false,"chose_seed":false,"campfire_upgraded":4,"win_rate":0,"timestamp":1561829415,"path_taken":["M","M","?","$","?","E","R","E","T","E","R","?","M","?","R","BOSS","M","?","$","?","?","R","$","?","T","R","E"],"build_version":"2019-01-23","purchased_purges":1,"victory":false,"max_hp_per_floor":[70,70,70,70,70,70,70,70,70,70,70,70,70,70,70,70,70,70,70,70,70,75,75,75,75,75,75,75],"card_choices":[{"not_picked":["Dodge and Roll","Dagger Throw"],"picked":"Cloak And Dagger","floor":1},{"not_picked":["Bouncing Flask","All Out Attack"],"picked":"Blade Dance","floor":2},{"not_picked":["Slice","Quick Slash"],"picked":"Terror","floor":6},{"not_picked":["Calculated Gamble","Dagger Spray"],"picked":"Endless Agony","floor":8},{"not_picked":["Crippling Poison","Catalyst"],"picked":"Noxious Fumes","floor":10},{"not_picked":["Bouncing Flask","Dodge and Roll"],"picked":"Distraction","floor":13},{"not_picked":["Night Terror","Unload"],"picked":"Burst","floor":16},{"not_picked":["Acrobatics","Sucker Punch"],"picked":"Bane","floor":18}],"player_experience":45778,"relics_obtained":[{"floor":6,"key":"Shovel"},{"floor":7,"key":"The Courier"},{"floor":8,"key":"Bottled Tornado"},{"floor":9,"key":"Bottled Flame"},{"floor":10,"key":"Juzu Bracelet"},{"floor":26,"key":"Bronze Scales"}],"event_choices":[{"damage_healed":0,"gold_gain":0,"player_choice":"Got Potions","damage_taken":0,"max_hp_gain":0,"max_hp_loss":0,"event_name":"Lab","floor":3,"gold_loss":0},{"damage_healed":0,"gold_gain":0,"player_choice":"Forge","damage_taken":0,"max_hp_gain":0,"max_hp_loss":0,"event_name":"Accursed Blacksmith","floor":12,"gold_loss":0,"cards_upgraded":["Noxious Fumes"]},{"damage_healed":0,"gold_gain":0,"player_choice":"Grow","damage_taken":0,"max_hp_gain":0,"max_hp_loss":0,"event_name":"Living Wall","floor":14,"gold_loss":0,"cards_upgraded":["Distraction"]},{"damage_healed":0,"gold_gain":99,"player_choice":"Stole From Cult","damage_taken":0,"max_hp_gain":0,"max_hp_loss":0,"event_name":"Nest","floor":19,"gold_loss":0},{"damage_healed":0,"gold_gain":0,"player_choice":"Read","damage_taken":0,"max_hp_gain":0,"max_hp_loss":0,"event_name":"The Library","floor":21,"gold_loss":0,"cards_obtained":["Poisoned Stab"]},{"damage_healed":0,"gold_gain":0,"player_choice":"Shed Blood","damage_taken":18,"max_hp_gain":5,"max_hp_loss":0,"event_name":"Forgotten Altar","floor":22,"gold_loss":0},{"damage_healed":0,"gold_gain":0,"player_choice":"Stole Relic","damage_taken":0,"relics_obtained":["Boot"],"max_hp_gain":0,"max_hp_loss":0,"event_name":"Addict","floor":25,"gold_loss":0,"cards_obtained":["Shame"]}],"is_beta":false,"boss_relics":[{"not_picked":["Velvet Choker","Orrery"],"picked":"Empty Cage"}],"items_purged_floors":[20],"is_endless":false,"potions_floor_spawned":[6,8],"killed_by":"Slavers","ascension_level":1}