{"gold_per_floor":[119,133,133,133,144,144,170,187,232,232,266,266],"floor_reached":12,"playtime":445,"items_purged":[],"score":176,"play_id":"4234d2db-02c5-4ff2-9c33-adf69f206d08","local_time":"20190615075324","is_ascension_mode":true,"campfire_choices":[{"floor":6,"key":"REST"},{"floor":10,"key":"REST"}],"neow_cost":"NONE","seed_source_timestamp":114655811956461,"circlet_count":0,"master_deck":["AscendersBane","Defend_G","Defend_G","Defend_G","Defend_G","Defend_G","Strike_G","Strike_G","Strike_G","Strike_G","Strike_G","Survivor","Neutralize","Deadly Poison","Predator","Dagger Spray","Backstab","Terror"],"relics":["Ring of the Snake","Smiling Mask","Blue Candle","Omamori","Regal Pillow","Bottled Flame"],"potions_floor_usage":[7,11],"damage_taken":[{"damage":4,"enemies":"Small Slimes","floor":1,"turns":6},{"damage":0,"enemies":"Jaw Worm","floor":2,"turns":4},{"damage":0,"enemies":"Cultist","floor":5,"turns":4},{"damage":22,"enemies":"3 Sentries","floor":7,"turns":11},{"damage":8,"enemies":"Red Slaver","floor":8,"turns":4},{"damage":50,"enemies":"Gremlin Nob","floor":11,"turns":5},{"damage":7,"enemies":"Exordium Wildlife","floor":12,"turns":3}],"seed_played":"5226039033375409264","potions_obtained":[{"floor":1,"key":"SkillPotion"},{"floor":8,"key":"Weak Potion"}],"is_trial":false,"path_per_floor":["M","M","?","$","M","R","E","M","T","R","E","M"],"character_chosen":"THE_SILENT","items_purchased":[],"campfire_rested":2,"item_purchase_floors":[],"current_hp_per_floor":[55,55,29,29,29,48,26,18,18,52,2,0],"gold":266,"neow_bonus":"RANDOM_COMMON_RELIC","is_prod":false,"is_daily":false,"chose_seed":false,"campfire_upgraded":0,"win_rate":0,"timestamp":1560599604,"path_taken":["M","M","?","?","M","R","E","?","T","R","E","M"],"build_version":"2019-01-23","purchased_purges":0,"victory":false,"max_hp_per_floor":[66,66,66,66,66,66,66,66,66,66,66,66],"card_choices":[{"not_picked":["Expertise","Outmaneuver"],"picked":"Deadly Poison","floor":1},{"not_picked":["Deflect","Deadly Poison"],"picked":"Predator","floor":2},{"not_picked":["Sucker Punch","Acrobatics"],"picked":"Dagger Spray","floor":5},{"not_picked":["Expertise","PiercingWail","Caltrops"],"picked":"SKIP","floor":7},{"not_picked":["Setup","Quick Slash"],"picked":"Backstab","floor":8},{"not_picked":["Slice","Crippling Poison"],"picked":"Terror","floor":11}],"player_experience":904294,"relics_obtained":[{"floor":7,"key":"Omamori"},{"floor":9,"key":"Regal Pillow"},{"floor":11,"key":"Bottled Flame"}],"event_choices":[{"damage_healed":0,"gold_gain":0,"player_choice":"Success","damage_taken":26,"relics_obtained":["Blue Candle"],"max_hp_gain":0,"max_hp_loss":0,"event_name":"Scrap Ooze","floor":3,"gold_loss":0}],"is_beta":false,"boss_relics":[],"items_purged_floors":[],"is_endless":false,"potions_floor_spawned":[1,8],"killed_by":"Exordium Wildlife","ascension_level":20}