{"gold_per_floor":[116,116,128,148,148,148,166,166,234,234,270,270,270,314,314,437,437,450,410,435,5,20,20,63,63,63,63,63,63,94,109,109,109],"floor_reached":33,"playtime":1189,"items_purged":[],"score":451,"play_id":"ba0125e4-37c1-4019-84ce-aa1746857fa0","local_time":"20190312212611","is_ascension_mode":true,"campfire_choices":[{"data":"Armaments","floor":6,"key":"SMITH"},{"data":"Bash","floor":8,"key":"SMITH"},{"data":"Limit Break","floor":13,"key":"SMITH"},{"floor":15,"key":"REST"},{"floor":23,"key":"REST"},{"data":"Inflame","floor":25,"key":"SMITH"},{"floor":29,"key":"REST"},{"data":"J.A.X.","floor":32,"key":"SMITH"}],"neow_cost":"NONE","seed_source_timestamp":0,"circlet_count":0,"master_deck":["AscendersBane","Strike_R","Strike_R+1","Strike_R+1","Strike_R+1","Defend_R","Defend_R","Defend_R","Defend_R","Bash+1","Armaments+1","Iron Wave+1","Limit Break+1","Heavy Blade+1","Feed+1","Inflame+1","Clash+1","Carnage+1","Thunderclap+1","Body Slam+1","J.A.X.+1","Inflame+1","Power Through","Metallicize+1"],"special_seed":0,"relics":["Burning Blood","Whetstone","Golden Idol","Molten Egg 2","Red Skull","Omamori","Boot","Sozu","Frozen Egg 2","Lantern","Darkstone Periapt","Meat on the Bone","Orichalcum"],"potions_floor_usage":[11,14,16,18],"damage_taken":[{"damage":5,"enemies":"2 Louse","floor":1,"turns":3},{"damage":1,"enemies":"Cultist","floor":3,"turns":3},{"damage":2,"enemies":"Small Slimes","floor":4,"turns":4},{"damage":8,"enemies":"Blue Slaver","floor":7,"turns":4},{"damage":25,"enemies":"Lagavulin","floor":11,"turns":5},{"damage":27,"enemies":"Gremlin Nob","floor":14,"turns":4},{"damage":30,"enemies":"Slime Boss","floor":16,"turns":10},{"damage":12,"enemies":"Chosen","floor":18,"turns":5},{"damage":27,"enemies":"2 Thieves","floor":20,"turns":4},{"damage":19,"enemies":"Snake Plant","floor":22,"turns":2},{"damage":37,"enemies":"Slavers","floor":24,"turns":4},{"damage":31,"enemies":"Book of Stabbing","floor":30,"turns":3},{"damage":3,"enemies":"Centurion and Healer","floor":31,"turns":4},{"damage":73,"enemies":"Champ","floor":33,"turns":5}],"seed_played":"2098578561767195831","potions_obtained":[{"floor":1,"key":"SteroidPotion"},{"floor":11,"key":"GamblersBrew"},{"floor":14,"key":"Block Potion"},{"floor":16,"key":"Ancient Potion"}],"is_trial":false,"path_per_floor":["M","?","M","M","?","R","M","R","T","?","E","T","R","E","R","B",null,"M","?","M","$","M","R","E","R","T","?","?","R","E","M","R","B"],"character_chosen":"IRONCLAD","items_purchased":["Frozen Egg 2","Lantern","Carnage+1"],"campfire_rested":3,"item_purchase_floors":[21,21,21],"current_hp_per_floor":[73,73,78,80,80,80,78,78,78,71,52,52,52,31,55,31,68,62,62,45,45,32,57,30,30,30,30,30,56,47,62,62,0],"gold":109,"neow_bonus":"RANDOM_COMMON_RELIC","is_prod":false,"is_daily":false,"chose_seed":false,"campfire_upgraded":5,"win_rate":0,"timestamp":1552440371,"path_taken":["M","?","M","?","?","R","M","R","T","?","E","?","R","E","R","BOSS","M","?","M","$","?","R","E","R","T","?","?","R","E","M","R","BOSS"],"build_version":"2019-01-23","purchased_purges":0,"victory":false,"max_hp_per_floor":[80,80,80,80,80,80,80,80,80,80,80,80,80,80,80,80,80,80,80,84,84,84,84,88,88,88,88,88,88,92,92,92,92],"card_choices":[{"not_picked":["Wild Strike","Body Slam"],"picked":"Armaments","floor":1},{"not_picked":["Body Slam","Blood for Blood"],"picked":"Iron Wave","floor":3},{"not_picked":["Havoc","Perfected Strike","Anger"],"picked":"SKIP","floor":4},{"not_picked":["Twin Strike","Burning Pact","Reckless Charge"],"picked":"SKIP","floor":7},{"not_picked":["Iron Wave+1","Wild Strike+1"],"picked":"Limit Break","floor":11},{"not_picked":["Clothesline+1","Iron Wave+1"],"picked":"Heavy Blade+1","floor":14},{"not_picked":["Barricade","Dark Embrace"],"picked":"Feed+1","floor":16},{"not_picked":["Flex","Body Slam+1"],"picked":"Inflame","floor":18},{"not_picked":["Anger+1","Sever Soul+1"],"picked":"Clash+1","floor":20},{"not_picked":["Pommel Strike+1","Sword Boomerang+1"],"picked":"Thunderclap+1","floor":22},{"not_picked":["Pommel Strike+1","Iron Wave+1"],"picked":"Body Slam+1","floor":24},{"not_picked":["Armaments","Disarm+1"],"picked":"Power Through","floor":30},{"not_picked":["Dropkick+1","Wild Strike+1"],"picked":"Metallicize+1","floor":31}],"player_experience":365147,"relics_obtained":[{"floor":9,"key":"Molten Egg 2"},{"floor":11,"key":"Red Skull"},{"floor":12,"key":"Omamori"},{"floor":14,"key":"Boot"},{"floor":24,"key":"Darkstone Periapt"},{"floor":26,"key":"Meat on the Bone"},{"floor":30,"key":"Orichalcum"}],"event_choices":[{"cards_removed":["Strike_R"],"damage_healed":0,"gold_gain":0,"player_choice":"Purged","damage_taken":0,"max_hp_gain":0,"max_hp_loss":0,"event_name":"Purifier","floor":2,"gold_loss":0},{"damage_healed":0,"gold_gain":0,"player_choice":"Take Wound","damage_taken":0,"relics_obtained":["Golden Idol"],"max_hp_gain":0,"max_hp_loss":0,"event_name":"Golden Idol","floor":5,"gold_loss":0,"cards_obtained":["Injury"]},{"cards_removed":["Injury"],"damage_healed":0,"gold_gain":0,"player_choice":"Card Removal","damage_taken":7,"max_hp_gain":0,"max_hp_loss":0,"event_name":"Golden Wing","floor":10,"gold_loss":0},{"damage_healed":0,"gold_gain":0,"player_choice":"Upgraded Two","damage_taken":0,"max_hp_gain":0,"max_hp_loss":0,"event_name":"Designer","floor":19,"gold_loss":40,"cards_upgraded":["Iron Wave","Strike_R"]},{"damage_healed":0,"gold_gain":0,"player_choice":"Obtain J.A.X.","damage_taken":0,"max_hp_gain":0,"max_hp_loss":0,"event_name":"Drug Dealer","floor":27,"gold_loss":0,"cards_obtained":["J.A.X."]},{"damage_healed":0,"gold_gain":0,"player_choice":"Read","damage_taken":0,"max_hp_gain":0,"max_hp_loss":0,"event_name":"The Library","floor":28,"gold_loss":0,"cards_obtained":["Inflame"]}],"is_beta":false,"boss_relics":[{"not_picked":["Ectoplasm","Black Blood"],"picked":"Sozu"}],"items_purged_floors":[],"is_endless":false,"potions_floor_spawned":[1,11,14,16,20,24],"killed_by":"Champ","ascension_level":11}