{"gold_per_floor":[114,130,142,142,156,156,185,185,185,210,210,175,25,35,35,112,112,128,128,128,138,138],"floor_reached":22,"playtime":470,"items_purged":["Strike_R"],"score":388,"play_id":"7083f012-388f-4fe6-8f86-276c77ad6e89","local_time":"20190517223447","is_ascension_mode":true,"campfire_choices":[{"data":"Bash","floor":6,"key":"SMITH"},{"data":"Demon Form","floor":8,"key":"SMITH"},{"data":"Twin Strike","floor":11,"key":"SMITH"},{"data":"Pummel","floor":15,"key":"SMITH"}],"neow_cost":"NONE","seed_source_timestamp":19374162237393,"circlet_count":0,"master_deck":["AscendersBane","Strike_R","Strike_R","Strike_R","Strike_R","Defend_R","Defend_R","Defend_R","Defend_R","Bash+1","Iron Wave","Demon Form+1","Twin Strike+1","Pummel+1","Shrug It Off","Immolate"],"relics":["Burning Blood","NeowsBlessing","Dodecahedron","Nunchaku","Shovel","Sozu","GremlinMask"],"potions_floor_usage":[7,10],"damage_taken":[{"damage":0,"enemies":"Cultist","floor":1,"turns":1},{"damage":0,"enemies":"Small Slimes","floor":2,"turns":1},{"damage":0,"enemies":"Jaw Worm","floor":3,"turns":1},{"damage":13,"enemies":"Blue Slaver","floor":5,"turns":4},{"damage":39,"enemies":"Gremlin Nob","floor":7,"turns":5},{"damage":40,"enemies":"3 Sentries","floor":10,"turns":6},{"damage":7,"enemies":"Large Slime","floor":14,"turns":4},{"damage":16,"enemies":"Hexaghost","floor":16,"turns":7},{"damage":27,"enemies":"Spheric Guardian","floor":18,"turns":5},{"damage":29,"enemies":"2 Thieves","floor":21,"turns":4},{"damage":18,"enemies":"Sentry and Sphere","floor":22,"turns":3}],"seed_played":"7701328607916964352","potions_obtained":[{"floor":1,"key":"Regen Potion"},{"floor":2,"key":"Block Potion"},{"floor":16,"key":"Dexterity Potion"}],"is_trial":false,"path_per_floor":["M","M","M","?","M","R","E","R","T","E","R","?","$","M","R","B",null,"M","?","?","M","M"],"character_chosen":"IRONCLAD","items_purchased":["Pummel"],"campfire_rested":0,"item_purchase_floors":[13],"current_hp_per_floor":[74,75,75,75,68,68,35,35,35,16,16,34,34,33,33,23,62,41,41,41,18,0],"gold":138,"neow_bonus":"THREE_ENEMY_KILL","is_prod":false,"is_daily":false,"chose_seed":false,"campfire_upgraded":4,"win_rate":0,"timestamp":1558146887,"path_taken":["M","?","M","?","M","R","E","R","T","E","R","?","$","M","R","BOSS","M","?","?","M","M"],"build_version":"2019-01-23","purchased_purges":1,"victory":false,"max_hp_per_floor":[75,75,75,75,75,75,75,75,75,75,75,75,75,75,75,75,75,75,75,75,75,75],"card_choices":[{"not_picked":["Reckless Charge","Warcry"],"picked":"Iron Wave","floor":1},{"not_picked":["Shrug It Off","Havoc"],"picked":"Demon Form","floor":2},{"not_picked":["Iron Wave","True Grit"],"picked":"Twin Strike","floor":3},{"not_picked":["Second Wind","Rupture","Corruption"],"picked":"SKIP","floor":5},{"not_picked":["Iron Wave","Body Slam","Inflame"],"picked":"SKIP","floor":7},{"not_picked":["Searing Blow","Power Through","Fire Breathing"],"picked":"SKIP","floor":10},{"not_picked":["Cleave","Combust"],"picked":"Shrug It Off","floor":14},{"not_picked":["Double Tap","Exhume"],"picked":"Immolate","floor":16},{"not_picked":["Anger","Searing Blow","Power Through"],"picked":"SKIP","floor":18},{"not_picked":["Cleave","Bloodletting","Anger"],"picked":"SKIP","floor":21}],"player_experience":724921,"relics_obtained":[{"floor":7,"key":"Dodecahedron"},{"floor":9,"key":"Nunchaku"},{"floor":10,"key":"Shovel"}],"event_choices":[{"damage_healed":0,"gold_gain":0,"player_choice":"Ignored","damage_taken":0,"max_hp_gain":0,"max_hp_loss":0,"event_name":"Liars Game","floor":4,"gold_loss":0},{"damage_healed":18,"gold_gain":0,"player_choice":"Healed","damage_taken":0,"max_hp_gain":0,"max_hp_loss":0,"event_name":"The Cleric","floor":12,"gold_loss":35},{"damage_healed":0,"gold_gain":0,"player_choice":"Ignored","damage_taken":0,"max_hp_gain":0,"max_hp_loss":0,"event_name":"Vampires","floor":19,"gold_loss":0},{"damage_healed":0,"gold_gain":0,"player_choice":"Trade","damage_taken":0,"relics_obtained":["GremlinMask"],"max_hp_gain":0,"max_hp_loss":0,"event_name":"FaceTrader","floor":20,"gold_loss":0}],"is_beta":false,"boss_relics":[{"not_picked":["Tiny House","Ectoplasm"],"picked":"Sozu"}],"items_purged_floors":[13],"is_endless":false,"potions_floor_spawned":[1,2,16,21],"killed_by":"Sentry and Sphere","ascension_level":20}