{"gold_per_floor":[119,135,148,100,100,127,127,127,153,169,200,216,233,261,261,339,339,350,365,38,38,38,38,0,0,0,0,14,14,14,33,33,107,107,121,136,149,149,149],"floor_reached":39,"playtime":1838,"items_purged":[],"score":703,"play_id":"fc5412be-4e10-43be-8ef9-908ea3b3682e","local_time":"20190430170337","is_ascension_mode":true,"campfire_choices":[{"data":"Defragment","floor":8,"key":"SMITH"},{"floor":15,"key":"REST"},{"floor":23,"key":"REST"},{"data":"Glacier","floor":25,"key":"SMITH"},{"data":"Biased Cognition","floor":27,"key":"SMITH"},{"floor":32,"key":"REST"}],"neow_cost":"NONE","seed_source_timestamp":333202263487231,"circlet_count":0,"master_deck":["AscendersBane","Strike_B","Strike_B","Defend_B","Defend_B","Defend_B","Zap","Dualcast+1","Tempest","Hologram+1","Defragment+1","Cold Snap","Conserve Battery","Parasite","Biased Cognition+1","Ball Lightning","Conserve Battery","Turbo","Rainbow","Glacier+1","Capacitor","Compile Driver+1","Seek","Fission","Barrage"],"relics":["Cracked Core","NeowsBlessing","Bronze Scales","DataDisk","Pen Nib","Ginger","Empty Cage","Bottled Lightning","Busted Crown"],"potions_floor_usage":[6,11,14,14,33,37,37],"damage_taken":[{"damage":0,"enemies":"Cultist","floor":1,"turns":1},{"damage":0,"enemies":"Jaw Worm","floor":2,"turns":1},{"damage":0,"enemies":"Small Slimes","floor":3,"turns":1},{"damage":8,"enemies":"Gremlin Nob","floor":6,"turns":3},{"damage":0,"enemies":"2 Fungi Beasts","floor":10,"turns":4},{"damage":18,"enemies":"Lagavulin","floor":11,"turns":7},{"damage":11,"enemies":"Looter","floor":12,"turns":2},{"damage":17,"enemies":"Lots of Slimes","floor":13,"turns":3},{"damage":0,"enemies":"Gremlin Nob","floor":14,"turns":3},{"damage":22,"enemies":"The Guardian","floor":16,"turns":10},{"damage":7,"enemies":"Shell Parasite","floor":18,"turns":5},{"damage":14,"enemies":"Chosen","floor":19,"turns":4},{"damage":15,"enemies":"Centurion and Healer","floor":28,"turns":11},{"damage":3,"enemies":"Chosen and Byrds","floor":31,"turns":5},{"damage":40,"enemies":"Champ","floor":33,"turns":15},{"damage":0,"enemies":"Orb Walker","floor":35,"turns":4},{"damage":33,"enemies":"3 Darklings","floor":36,"turns":6},{"damage":25,"enemies":"Transient","floor":37,"turns":5},{"damage":19,"enemies":"Sphere and 2 Shapes","floor":39,"turns":5}],"seed_played":"4458710172780676455","potions_obtained":[{"floor":1,"key":"AttackPotion"},{"floor":2,"key":"SpeedPotion"},{"floor":6,"key":"AttackPotion"},{"floor":13,"key":"Swift Potion"},{"floor":18,"key":"Fire Potion"},{"floor":33,"key":"Poison Potion"},{"floor":36,"key":"Regen Potion"}],"is_trial":false,"path_per_floor":["M","M","M","$","?","E","?","R","T","M","E","M","M","E","R","B",null,"M","M","$","?","?","R","?","R","T","R","M","?","$","M","R","B",null,"M","M","M","?","M"],"character_chosen":"DEFECT","items_purchased":["Cold Snap","Bottled Lightning","Capacitor"],"campfire_rested":3,"item_purchase_floors":[4,20,20],"current_hp_per_floor":[68,68,68,68,53,45,63,63,63,63,45,34,17,17,39,17,61,54,40,40,40,40,62,62,62,62,62,47,47,47,44,66,26,63,63,30,17,17,0],"gold":149,"neow_bonus":"THREE_ENEMY_KILL","is_prod":false,"is_daily":false,"chose_seed":false,"campfire_upgraded":3,"win_rate":0,"timestamp":1556669017,"path_taken":["M","M","?","$","?","E","?","R","T","M","E","M","M","E","R","BOSS","M","M","$","?","?","R","?","R","T","R","M","?","$","?","R","BOSS","M","M","M","?","M"],"build_version":"2019-01-23","purchased_purges":0,"victory":false,"max_hp_per_floor":[75,75,75,75,75,75,75,75,75,75,75,75,75,75,75,75,75,75,75,75,75,75,75,75,75,75,75,75,75,75,75,75,75,75,75,75,75,75,75],"card_choices":[{"not_picked":["Doom and Gloom","Double Energy"],"picked":"Tempest","floor":1},{"not_picked":["Cold Snap","Beam Cell"],"picked":"Hologram","floor":2},{"not_picked":["Compile Driver","Chaos"],"picked":"Defragment","floor":3},{"not_picked":["Beam Cell","Redo"],"picked":"Conserve Battery","floor":6},{"not_picked":["Sweeping Beam","Hologram"],"picked":"Biased Cognition","floor":10},{"not_picked":["Coolheaded","Steam Power"],"picked":"Ball Lightning","floor":11},{"not_picked":["Stack","Compile Driver"],"picked":"Conserve Battery","floor":12},{"not_picked":["Barrage","Chaos"],"picked":"Turbo","floor":13},{"not_picked":["Hello World","Rip and Tear","Heatsinks"],"picked":"SKIP","floor":14},{"not_picked":["Machine Learning","All For One"],"picked":"Rainbow","floor":16},{"not_picked":["Barrage","Redo+1","Beam Cell+1"],"picked":"SKIP","floor":18},{"not_picked":["Conserve Battery","Steam"],"picked":"Glacier","floor":19},{"not_picked":["Loop","Blizzard"],"picked":"Compile Driver+1","floor":28},{"not_picked":["Heatsinks","Go for the Eyes","Sweeping Beam"],"picked":"SKIP","floor":31},{"not_picked":["Meteor Strike","Rainbow"],"picked":"Fission","floor":33},{"not_picked":["Redo"],"picked":"SKIP","floor":35},{"not_picked":[],"picked":"Barrage","floor":36},{"not_picked":["Cold Snap"],"picked":"SKIP","floor":37}],"player_experience":845986,"relics_obtained":[{"floor":6,"key":"Bronze Scales"},{"floor":9,"key":"DataDisk"},{"floor":11,"key":"Pen Nib"},{"floor":14,"key":"Ginger"}],"event_choices":[{"damage_healed":0,"gold_gain":0,"player_choice":"Entered Light","damage_taken":15,"max_hp_gain":0,"max_hp_loss":0,"event_name":"Shining Light","floor":5,"gold_loss":0,"cards_upgraded":["Dualcast","Hologram"]},{"damage_healed":18,"gold_gain":0,"player_choice":"Healed and dodged fight","damage_taken":0,"max_hp_gain":0,"max_hp_loss":0,"event_name":"Mushrooms","floor":7,"gold_loss":0,"cards_obtained":["Parasite"]},{"damage_healed":0,"gold_gain":0,"player_choice":"Ignored","damage_taken":0,"max_hp_gain":0,"max_hp_loss":0,"event_name":"Beggar","floor":21,"gold_loss":0},{"damage_healed":0,"gold_gain":0,"player_choice":"Ignored","damage_taken":0,"max_hp_gain":0,"max_hp_loss":0,"event_name":"Ghosts","floor":22,"gold_loss":0},{"damage_healed":0,"gold_gain":0,"player_choice":"Paid Fearfully","damage_taken":0,"max_hp_gain":0,"max_hp_loss":0,"event_name":"Masked Bandits","floor":24,"gold_loss":38},{"damage_healed":0,"gold_gain":0,"cards_transformed":["Strike_B"],"player_choice":"Transformed","damage_taken":0,"max_hp_gain":0,"max_hp_loss":0,"event_name":"Transmorgrifier","floor":29,"gold_loss":0,"cards_obtained":["Seek"]},{"damage_healed":0,"gold_gain":0,"player_choice":"Bought 0 Potions","damage_taken":0,"max_hp_gain":0,"max_hp_loss":0,"event_name":"The Woman in Blue","floor":38,"gold_loss":0}],"is_beta":false,"boss_relics":[{"not_picked":["Ectoplasm","Runic Dome"],"picked":"Empty Cage"},{"not_picked":["Fusion Hammer","Calling Bell"],"picked":"Busted Crown"}],"items_purged_floors":[],"is_endless":false,"potions_floor_spawned":[1,2,6,13,18,33,36],"killed_by":"Sphere and 2 Shapes","ascension_level":13}