{"gold_per_floor":[360,8,27,27,42,42,72,72,72,88,88,98,98,26,26,103,103,122,122,139,150,150,150,163,13,13,13,39,39],"floor_reached":29,"playtime":1101,"items_purged":["Shame"],"score":426,"play_id":"2f68364d-d0ca-4981-9888-d5aabc1304db","local_time":"20181116162029","is_ascension_mode":true,"campfire_choices":[{"data":"Skewer","floor":6,"key":"SMITH"},{"floor":11,"key":"REST"},{"floor":13,"key":"REST"},{"data":"Noxious Fumes","floor":15,"key":"SMITH"},{"floor":23,"key":"REST"}],"neow_cost":"CURSE","seed_source_timestamp":2484526982112,"circlet_count":0,"master_deck":["AscendersBane","Defend_G","Defend_G","Defend_G","Defend_G","Defend_G","Survivor","Neutralize","Flying Knee","Caltrops","Prepared","Decay","Skewer+1","Dagger Spray","Predator","Backflip","Noxious Fumes+1","Malaise","PiercingWail","Sucker Punch","Blur","Bite","Bite","Bite","Bite","Bite","Dash+1","Glass Knife","Noxious Fumes+1","Deflect"],"relics":["Ring of the Snake","TwistedFunnel","Bottled Flame","Mercury Hourglass","Kunai","Philosopher\u0027s Stone","StoneCalendar","Tough Bandages"],"potions_floor_usage":[7,21,24,28],"damage_taken":[{"damage":1,"enemies":"Jaw Worm","floor":1,"turns":5},{"damage":1,"enemies":"Cultist","floor":3,"turns":4},{"damage":7,"enemies":"Small Slimes","floor":5,"turns":4},{"damage":32,"enemies":"3 Sentries","floor":7,"turns":7},{"damage":8,"enemies":"Looter","floor":10,"turns":3},{"damage":11,"enemies":"2 Fungi Beasts","floor":12,"turns":2},{"damage":25,"enemies":"The Guardian","floor":16,"turns":11},{"damage":14,"enemies":"2 Thieves","floor":18,"turns":3},{"damage":0,"enemies":"Chosen","floor":20,"turns":6},{"damage":38,"enemies":"Snake Plant","floor":21,"turns":4},{"damage":22,"enemies":"Centurion and Healer","floor":24,"turns":7},{"damage":24,"enemies":"Gremlin Leader","floor":28,"turns":7},{"damage":24,"enemies":"Shelled Parasite and Fungi","floor":29,"turns":2}],"seed_played":"-5297800972260799367","potions_obtained":[{"floor":3,"key":"Strength Potion"},{"floor":16,"key":"Regen Potion"},{"floor":19,"key":"Energy Potion"},{"floor":24,"key":"Poison Potion"}],"is_trial":false,"path_per_floor":["M","$","M","?","M","R","E","T","T","M","R","M","R","$","R","B",null,"M","?","M","M","?","R","M","$","T","?","E","M"],"character_chosen":"THE_SILENT","items_purchased":["TwistedFunnel","Caltrops","Noxious Fumes","Glass Knife"],"campfire_rested":3,"item_purchase_floors":[2,2,14,25],"current_hp_per_floor":[62,62,61,61,54,54,22,22,22,14,35,24,45,45,45,20,58,44,44,44,6,6,20,27,27,27,27,17,0],"gold":39,"neow_bonus":"TWO_FIFTY_GOLD","is_prod":false,"is_daily":false,"chose_seed":false,"campfire_upgraded":2,"win_rate":0,"timestamp":1542414029,"path_taken":["M","$","M","?","?","R","E","?","T","M","R","M","R","$","R","BOSS","M","?","?","M","?","R","M","$","T","?","E","M"],"build_version":"2018-11-15","purchased_purges":1,"victory":false,"max_hp_per_floor":[70,70,70,70,70,70,70,70,70,70,70,70,70,70,70,70,70,70,70,70,70,49,49,49,49,49,49,49,49],"card_choices":[{"not_picked":["Sucker Punch","Bane"],"picked":"Flying Knee","floor":1},{"not_picked":["Flechettes","Underhanded Strike"],"picked":"Prepared","floor":3},{"not_picked":["Blade Dance","Calculated Gamble"],"picked":"Skewer","floor":5},{"not_picked":["PiercingWail","Blade Dance"],"picked":"Dagger Spray","floor":7},{"not_picked":["Accuracy","Deflect"],"picked":"Predator","floor":10},{"not_picked":["Flying Knee","Outmaneuver"],"picked":"Backflip","floor":12},{"not_picked":["Wraith Form v2","Doppelganger"],"picked":"Malaise","floor":16},{"not_picked":["Dagger Throw","Caltrops"],"picked":"PiercingWail","floor":18},{"not_picked":["Dodge and Roll","Deadly Poison"],"picked":"Sucker Punch","floor":20},{"not_picked":["Choke","Backflip"],"picked":"Blur","floor":21},{"not_picked":["Cloak And Dagger","Deadly Poison"],"picked":"Dash+1","floor":24},{"not_picked":["Backflip","Quick Slash"],"picked":"Deflect","floor":28}],"player_experience":742507,"relics_obtained":[{"floor":7,"key":"Bottled Flame"},{"floor":8,"key":"Mercury Hourglass"},{"floor":9,"key":"Kunai"},{"floor":26,"key":"StoneCalendar"},{"floor":28,"key":"Tough Bandages"}],"event_choices":[{"damage_healed":0,"gold_gain":0,"player_choice":"Cursed","damage_taken":0,"max_hp_gain":0,"max_hp_loss":0,"event_name":"Wheel of Change","floor":4,"gold_loss":0,"cards_obtained":["Decay"]},{"damage_healed":0,"gold_gain":0,"player_choice":"Got Potions","damage_taken":0,"max_hp_gain":0,"max_hp_loss":0,"event_name":"Lab","floor":19,"gold_loss":0},{"damage_healed":0,"gold_gain":0,"player_choice":"Became a vampire","damage_taken":0,"max_hp_gain":0,"max_hp_loss":21,"event_name":"Vampires","floor":22,"gold_loss":0,"cards_obtained":["Bite","Bite","Bite","Bite","Bite"]},{"damage_healed":0,"gold_gain":0,"player_choice":"Copied","damage_taken":0,"max_hp_gain":0,"max_hp_loss":0,"event_name":"Duplicator","floor":27,"gold_loss":0,"cards_obtained":["Noxious Fumes"]}],"is_beta":false,"boss_relics":[{"not_picked":["Black Star","Velvet Choker"],"picked":"Philosopher\u0027s Stone"}],"items_purged_floors":[2],"is_endless":false,"potions_floor_spawned":[3,16,20,24],"killed_by":"Shelled Parasite and Fungi","ascension_level":13}