{"gold_per_floor":[12,23,23,39,39,73,38,48,71,103,118,118,118,133,133,133],"floor_reached":16,"playtime":827,"items_purged":[],"score":112,"play_id":"b10b9be4-b19f-4463-8486-53d161487364","local_time":"20190429025302","is_ascension_mode":false,"campfire_choices":[{"floor":12,"key":"REST"},{"floor":15,"key":"REST"}],"neow_cost":"NO_GOLD","seed_source_timestamp":62922484468865,"circlet_count":0,"master_deck":["Strike_R","Strike_R","Strike_R","Defend_R","Defend_R+1","Defend_R","Defend_R+1","Bash","Body Slam","Wild Strike","Cleave","Entrench","Wild Strike","Armaments","Rage","Armaments"],"relics":["Burning Blood","Bag of Preparation","Boot","War Paint","Golden Idol"],"potions_floor_usage":[6,10,14,16],"damage_taken":[{"damage":5,"enemies":"Small Slimes","floor":1,"turns":4},{"damage":0,"enemies":"2 Louse","floor":2,"turns":2},{"damage":6,"enemies":"Cultist","floor":4,"turns":4},{"damage":62,"enemies":"Lagavulin","floor":6,"turns":9},{"damage":2,"enemies":"2 Fungi Beasts","floor":8,"turns":3},{"damage":30,"enemies":"3 Sentries","floor":10,"turns":6},{"damage":0,"enemies":"Looter","floor":11,"turns":3},{"damage":22,"enemies":"Large Slime","floor":14,"turns":6},{"damage":71,"enemies":"Hexaghost","floor":16,"turns":14}],"seed_played":"6370336295218100638","potions_obtained":[{"floor":4,"key":"Weak Potion"},{"floor":6,"key":"Fire Potion"},{"floor":8,"key":"Dexterity Potion"},{"floor":11,"key":"Explosive Potion"}],"is_trial":false,"path_per_floor":["M","M","?","M","?","E","?","M","T","E","M","R","?","M","R","B"],"character_chosen":"IRONCLAD","items_purchased":[],"campfire_rested":2,"item_purchase_floors":[],"current_hp_per_floor":[80,80,80,80,85,29,50,54,54,30,36,61,61,45,68,0],"gold":133,"neow_bonus":"REMOVE_TWO","is_prod":false,"is_daily":false,"chose_seed":false,"campfire_upgraded":0,"win_rate":0.0,"timestamp":1556531582,"path_taken":["M","M","?","M","?","E","?","M","T","E","M","R","?","M","R","BOSS"],"build_version":"2019-01-23","purchased_purges":0,"victory":false,"max_hp_per_floor":[80,80,80,80,85,85,85,85,85,85,85,85,79,79,79,79],"card_choices":[{"not_picked":["Sentinel","Bloodletting"],"picked":"Body Slam","floor":1},{"not_picked":["Spot Weakness","Havoc"],"picked":"Wild Strike","floor":2},{"not_picked":["Wild Strike","Sword Boomerang"],"picked":"Cleave","floor":4},{"not_picked":["Searing Blow","Perfected Strike"],"picked":"Entrench","floor":6},{"not_picked":["Heavy Blade","Double Tap"],"picked":"Wild Strike","floor":8},{"not_picked":["Clothesline","Pommel Strike"],"picked":"Armaments","floor":10},{"not_picked":["Bloodletting","Wild Strike"],"picked":"Rage","floor":11},{"not_picked":["Whirlwind","Thunderclap"],"picked":"Armaments","floor":14}],"player_experience":54648,"relics_obtained":[{"floor":6,"key":"Bag of Preparation"},{"floor":9,"key":"Boot"},{"floor":10,"key":"War Paint"}],"event_choices":[{"damage_healed":0,"gold_gain":0,"player_choice":"Ignored","damage_taken":0,"max_hp_gain":0,"max_hp_loss":0,"event_name":"Liars Game","floor":3,"gold_loss":0},{"damage_healed":0,"gold_gain":0,"player_choice":"Donut","damage_taken":0,"max_hp_gain":5,"max_hp_loss":0,"event_name":"Big Fish","floor":5,"gold_loss":0},{"damage_healed":21,"gold_gain":0,"player_choice":"Healed","damage_taken":0,"max_hp_gain":0,"max_hp_loss":0,"event_name":"The Cleric","floor":7,"gold_loss":35},{"damage_healed":0,"gold_gain":0,"player_choice":"Lose Max HP","damage_taken":0,"relics_obtained":["Golden Idol"],"max_hp_gain":0,"max_hp_loss":6,"event_name":"Golden Idol","floor":13,"gold_loss":0}],"is_beta":false,"boss_relics":[],"items_purged_floors":[],"is_endless":false,"potions_floor_spawned":[4,6,8,11],"killed_by":"Hexaghost","ascension_level":0}