{"gold_per_floor":[118,118,136,136,136,136,162,112,166,17,17,28,48,73,73,150,150,165,165,165,182,35,35,49,49,49,49],"floor_reached":27,"playtime":847,"items_purged":[],"score":361,"play_id":"c75f0f03-25d5-4f27-8cee-0b124d8bf5b4","local_time":"20190315191210","is_ascension_mode":true,"campfire_choices":[{"data":"Havoc","floor":6,"key":"SMITH"},{"data":"Armaments","floor":15,"key":"SMITH"},{"data":"Double Tap","floor":23,"key":"SMITH"},{"data":"Searing Blow+1","floor":25,"key":"SMITH"}],"neow_cost":"NONE","seed_source_timestamp":2415199697826219,"circlet_count":0,"master_deck":["AscendersBane","Strike_R","Strike_R","Strike_R","Defend_R","Defend_R","Defend_R","Defend_R","Bash","Cleave","Havoc+1","Body Slam","Searing Blow+2","Rampage","Armaments+1","Double Tap+1","Shrug It Off+1","Armaments+1","Cleave+1","Ghostly Armor"],"relics":["Burning Blood","Bag of Preparation","Torii","Mercury Hourglass","Omamori","Lantern","Bag of Marbles","Black Star","War Paint","Meat on the Bone"],"potions_floor_usage":[27,27],"damage_taken":[{"damage":0,"enemies":"2 Louse","floor":1,"turns":3},{"damage":6,"enemies":"Cultist","floor":3,"turns":4},{"damage":25,"enemies":"Gremlin Nob","floor":7,"turns":4},{"damage":7,"enemies":"Jaw Worm","floor":12,"turns":2},{"damage":1,"enemies":"Large Slime","floor":13,"turns":4},{"damage":11,"enemies":"3 Sentries","floor":14,"turns":5},{"damage":16,"enemies":"The Guardian","floor":16,"turns":13},{"damage":13,"enemies":"2 Thieves","floor":18,"turns":4},{"damage":7,"enemies":"Chosen","floor":21,"turns":3},{"damage":11,"enemies":"Snecko","floor":24,"turns":4},{"damage":70,"enemies":"Book of Stabbing","floor":27,"turns":5}],"seed_played":"7971186949556175812","potions_obtained":[{"floor":12,"key":"Weak Potion"},{"floor":13,"key":"Regen Potion"},{"floor":18,"key":"FearPotion"}],"is_trial":false,"path_per_floor":["M","?","M","$","T","R","E","?","T","$","?","M","M","E","R","B",null,"M","?","?","M","$","R","M","R","T","E"],"character_chosen":"IRONCLAD","items_purchased":["Lantern","War Paint"],"campfire_rested":0,"item_purchase_floors":[10,22],"current_hp_per_floor":[78,78,78,78,78,78,59,59,59,59,59,58,63,58,58,48,72,65,65,65,64,64,64,59,59,59,0],"gold":49,"neow_bonus":"RANDOM_COMMON_RELIC","is_prod":false,"is_daily":false,"chose_seed":false,"campfire_upgraded":4,"win_rate":0,"timestamp":1552691530,"path_taken":["M","?","M","$","?","R","E","?","T","?","?","M","M","E","R","BOSS","M","?","?","M","$","R","M","R","T","E"],"build_version":"2019-01-23","purchased_purges":0,"victory":false,"max_hp_per_floor":[80,80,80,80,80,80,80,80,80,80,80,80,80,80,80,80,80,80,80,80,80,80,80,80,80,80,80],"card_choices":[{"not_picked":["Wild Strike","Shrug It Off"],"picked":"Cleave","floor":1},{"not_picked":["Heavy Blade","Havoc"],"picked":"Body Slam","floor":3},{"not_picked":["Anger","Barricade"],"picked":"Searing Blow","floor":7},{"not_picked":["Perfected Strike","Entrench"],"picked":"Rampage","floor":12},{"not_picked":["Blood for Blood","Spot Weakness"],"picked":"Armaments","floor":13},{"not_picked":["Battle Trance","Iron Wave","Body Slam"],"picked":"SKIP","floor":14},{"not_picked":["Demon Form","Dark Embrace"],"picked":"Double Tap","floor":16},{"not_picked":["Clash","Heavy Blade"],"picked":"Shrug It Off","floor":18},{"not_picked":["Body Slam","Pommel Strike"],"picked":"Cleave+1","floor":21},{"not_picked":["Clash","Reckless Charge"],"picked":"Ghostly Armor","floor":24}],"player_experience":393294,"relics_obtained":[{"floor":5,"key":"Torii"},{"floor":7,"key":"Mercury Hourglass"},{"floor":9,"key":"Omamori"},{"floor":14,"key":"Bag of Marbles"},{"floor":26,"key":"Meat on the Bone"}],"event_choices":[{"damage_healed":0,"gold_gain":0,"cards_transformed":["Strike_R"],"player_choice":"Transformed","damage_taken":0,"max_hp_gain":0,"max_hp_loss":0,"event_name":"Transmorgrifier","floor":2,"gold_loss":0,"cards_obtained":["Havoc"]},{"cards_removed":["Strike_R"],"damage_healed":0,"gold_gain":0,"player_choice":"Card Removal","damage_taken":0,"max_hp_gain":0,"max_hp_loss":0,"event_name":"The Cleric","floor":8,"gold_loss":50},{"damage_healed":0,"gold_gain":0,"player_choice":"Grow","damage_taken":0,"max_hp_gain":0,"max_hp_loss":0,"event_name":"Living Wall","floor":11,"gold_loss":0,"cards_upgraded":["Searing Blow"]},{"damage_healed":0,"gold_gain":0,"player_choice":"Ignored","damage_taken":0,"max_hp_gain":0,"max_hp_loss":0,"event_name":"Ghosts","floor":19,"gold_loss":0},{"damage_healed":0,"gold_gain":0,"player_choice":"Read","damage_taken":0,"max_hp_gain":0,"max_hp_loss":0,"event_name":"The Library","floor":20,"gold_loss":0,"cards_obtained":["Armaments"]}],"is_beta":false,"boss_relics":[{"not_picked":["Runic Dome","Runic Pyramid"],"picked":"Black Star"}],"items_purged_floors":[],"is_endless":false,"potions_floor_spawned":[12,13,18,24],"killed_by":"Book of Stabbing","ascension_level":13}