{"gold_per_floor":[113,124,124,44,56,88,88,105,156,176,193,193,207,222,222,320,320,340,359,359,29,48,77,95,95,119,129,147,147,2,28,28,28],"floor_reached":33,"playtime":2213,"items_purged":["Whirlwind"],"score":318,"play_id":"0dded871-a2bb-4aaf-ba54-2dee2821652b","local_time":"20190505175050","is_ascension_mode":false,"campfire_choices":[{"data":"Rage","floor":7,"key":"SMITH"},{"floor":15,"key":"REST"},{"data":"Seeing Red","floor":25,"key":"SMITH"},{"floor":29,"key":"REST"},{"floor":32,"key":"REST"}],"neow_cost":"NONE","seed_source_timestamp":633806801719321,"circlet_count":0,"master_deck":["Strike_R+1","Strike_R+1","Strike_R+1","Strike_R+1","Defend_R+1","Defend_R+1","Defend_R+1","Bash","Cleave","Rage+1","Seeing Red+1","Cleave","Sever Soul","Shrug It Off","Rampage","Clash","Headbutt","Immolate+1","Sword Boomerang+1","Headbutt","Dual Wield","Thunderclap+1"],"relics":["Burning Blood","Frozen Egg 2","Anchor","Busted Crown","Question Card","Pen Nib","Bag of Preparation","Whetstone"],"potions_floor_usage":[6,14,16,23,24,24,31,31,33,33],"damage_taken":[{"damage":0,"enemies":"2 Louse","floor":1,"turns":3},{"damage":6,"enemies":"Cultist","floor":2,"turns":3},{"damage":0,"enemies":"Small Slimes","floor":5,"turns":2},{"damage":14,"enemies":"Gremlin Nob","floor":6,"turns":3},{"damage":22,"enemies":"Exordium Thugs","floor":8,"turns":4},{"damage":0,"enemies":"Gremlin Gang","floor":10,"turns":3},{"damage":7,"enemies":"Exordium Wildlife","floor":11,"turns":3},{"damage":0,"enemies":"Looter","floor":13,"turns":3},{"damage":6,"enemies":"Large Slime","floor":14,"turns":5},{"damage":75,"enemies":"The Guardian","floor":16,"turns":13},{"damage":10,"enemies":"2 Thieves","floor":18,"turns":4},{"damage":0,"enemies":"Spheric Guardian","floor":19,"turns":3},{"damage":1,"enemies":"3 Cultists","floor":22,"turns":4},{"damage":0,"enemies":"Gremlin Leader","floor":23,"turns":5},{"damage":9,"enemies":"Snake Plant","floor":24,"turns":4},{"damage":14,"enemies":"Centurion and Healer","floor":27,"turns":3},{"damage":44,"enemies":"Sentry and Sphere","floor":28,"turns":6},{"damage":1,"enemies":"Slavers","floor":31,"turns":3},{"damage":81,"enemies":"Champ","floor":33,"turns":8}],"seed_played":"-3053091119489742302","potions_obtained":[{"floor":5,"key":"Strength Potion"},{"floor":11,"key":"PowerPotion"},{"floor":14,"key":"Block Potion"},{"floor":16,"key":"FearPotion"},{"floor":19,"key":"SpeedPotion"},{"floor":22,"key":"Block Potion"},{"floor":28,"key":"EntropicBrew"}],"is_trial":false,"path_per_floor":["M","M","?","$","M","E","R","M","T","M","M","?","M","M","R","B",null,"M","M","?","$","M","E","M","R","T","M","M","R","$","E","R","B"],"character_chosen":"IRONCLAD","items_purchased":["Seeing Red","Question Card","Bag of Preparation"],"campfire_rested":3,"item_purchase_floors":[4,21,30],"current_hp_per_floor":[80,80,64,64,70,62,62,46,46,52,51,51,57,57,80,11,80,76,80,80,80,80,80,77,77,77,69,31,55,55,60,80,0],"gold":28,"neow_bonus":"REMOVE_CARD","is_prod":false,"is_daily":false,"chose_seed":false,"campfire_upgraded":2,"win_rate":0,"timestamp":1557103850,"path_taken":["M","M","?","$","M","E","R","M","T","M","M","?","M","?","R","BOSS","M","M","?","?","M","E","M","R","T","M","M","R","$","E","R","BOSS"],"build_version":"2019-01-23","purchased_purges":1,"victory":false,"max_hp_per_floor":[80,80,80,80,80,80,80,80,80,80,80,80,80,80,80,80,80,80,80,80,80,80,80,80,80,80,80,80,80,80,80,80,80],"card_choices":[{"not_picked":["Heavy Blade","Thunderclap"],"picked":"Cleave","floor":1},{"not_picked":["Flex","Sword Boomerang"],"picked":"Rage","floor":2},{"not_picked":["True Grit","Iron Wave"],"picked":"Cleave","floor":5},{"not_picked":["Dropkick","Clash"],"picked":"Sever Soul","floor":6},{"not_picked":["Dropkick","Evolve+1"],"picked":"Shrug It Off","floor":8},{"not_picked":["Warcry","Blood for Blood"],"picked":"Whirlwind","floor":10},{"not_picked":["Double Tap","Wild Strike"],"picked":"Rampage","floor":11},{"not_picked":["True Grit","Flex"],"picked":"Clash","floor":13},{"not_picked":["True Grit","Warcry"],"picked":"Headbutt","floor":14},{"not_picked":["Demon Form+1","Fiend Fire"],"picked":"Immolate","floor":16},{"not_picked":["Burning Pact+1"],"picked":"SKIP","floor":18},{"not_picked":["Warcry"],"picked":"SKIP","floor":19},{"not_picked":["Seeing Red"],"picked":"Sword Boomerang+1","floor":22},{"not_picked":["Whirlwind+1"],"picked":"Headbutt","floor":23},{"not_picked":["Iron Wave"],"picked":"Dual Wield","floor":24},{"not_picked":["Perfected Strike"],"picked":"Thunderclap","floor":27},{"not_picked":["Dark Embrace+1","Armaments"],"picked":"SKIP","floor":28},{"not_picked":["Iron Wave","Dual Wield"],"picked":"SKIP","floor":31}],"player_experience":110276,"relics_obtained":[{"floor":6,"key":"Frozen Egg 2"},{"floor":9,"key":"Anchor"},{"floor":23,"key":"Pen Nib"},{"floor":31,"key":"Whetstone"}],"event_choices":[{"damage_healed":0,"gold_gain":0,"player_choice":"Entered Light","damage_taken":16,"max_hp_gain":0,"max_hp_loss":0,"event_name":"Shining Light","floor":3,"gold_loss":0,"cards_upgraded":["Strike_R","Strike_R"]},{"cards_removed":["Strike_R"],"damage_healed":0,"gold_gain":0,"player_choice":"Card Removal","damage_taken":0,"max_hp_gain":0,"max_hp_loss":0,"event_name":"Wheel of Change","floor":12,"gold_loss":0},{"damage_healed":0,"gold_gain":0,"player_choice":"Simplicity","damage_taken":0,"max_hp_gain":0,"max_hp_loss":0,"event_name":"Back to Basics","floor":20,"gold_loss":0,"cards_upgraded":["Strike_R","Strike_R","Defend_R","Defend_R","Defend_R"]}],"is_beta":false,"boss_relics":[{"not_picked":["Eternal Feather","Coffee Dripper"],"picked":"Busted Crown"}],"items_purged_floors":[21],"is_endless":false,"potions_floor_spawned":[5,11,14,16,19,22,28],"killed_by":"Champ","ascension_level":0}