{"gold_per_floor":[114,114,128,142,142,142,142,170,170,188,215,215,81,81,81,81],"floor_reached":16,"playtime":268,"items_purged":[],"score":216,"play_id":"c3ad592a-fec3-4936-b73b-b4d913ed5265","local_time":"20190608102109","is_ascension_mode":true,"campfire_choices":[{"data":"Lockon","floor":6,"key":"SMITH"},{"data":"Beam Cell","floor":15,"key":"SMITH"}],"neow_cost":"NONE","seed_source_timestamp":382804152147756,"circlet_count":0,"master_deck":["AscendersBane","Strike_B","Strike_B","Defend_B","Defend_B","Defend_B","Defend_B","Zap","Dualcast","Lockon+1","Steam Power","Tempest","Beam Cell+1","Tempest","Consume","Sunder","Streamline"],"relics":["Cracked Core","NeowsBlessing","Dodecahedron","Ginger","Singing Bowl","Incense Burner","Lantern"],"potions_floor_usage":[],"damage_taken":[{"damage":0,"enemies":"Small Slimes","floor":1,"turns":1},{"damage":0,"enemies":"Cultist","floor":3,"turns":1},{"damage":0,"enemies":"2 Louse","floor":4,"turns":1},{"damage":11,"enemies":"Gremlin Nob","floor":8,"turns":3},{"damage":6,"enemies":"Blue Slaver","floor":10,"turns":3},{"damage":20,"enemies":"Lagavulin","floor":11,"turns":4},{"damage":22,"enemies":"Hexaghost","floor":16,"turns":4}],"seed_played":"-4411576280017479998","potions_obtained":[{"floor":1,"key":"LiquidBronze"}],"is_trial":false,"path_per_floor":["M","?","M","M","?","R","?","E","T","M","E","?","$","?","R","B"],"character_chosen":"DEFECT","items_purchased":["Sunder","Streamline"],"campfire_rested":0,"item_purchase_floors":[13,13],"current_hp_per_floor":[64,64,64,64,64,64,64,53,53,47,29,18,18,18,18,0],"gold":81,"neow_bonus":"THREE_ENEMY_KILL","is_prod":false,"is_daily":false,"chose_seed":false,"campfire_upgraded":2,"win_rate":0,"timestamp":1560003669,"path_taken":["M","?","M","?","?","R","?","E","T","?","E","?","$","?","R","BOSS"],"build_version":"2019-01-23","purchased_purges":0,"victory":false,"max_hp_per_floor":[71,71,71,71,71,71,71,71,71,71,73,73,73,73,73,73],"card_choices":[{"not_picked":["Leap","Turbo"],"picked":"Lockon","floor":1},{"not_picked":["Leap","Barrage"],"picked":"Tempest","floor":3},{"not_picked":["Streamline","Reprogram"],"picked":"Beam Cell","floor":4},{"not_picked":["Coolheaded","Sweeping Beam"],"picked":"Tempest","floor":8},{"not_picked":["Conserve Battery","Barrage"],"picked":"Consume","floor":10},{"not_picked":["Fusion","Consume","Amplify"],"picked":"Singing Bowl","floor":11}],"player_experience":866945,"relics_obtained":[{"floor":8,"key":"Ginger"},{"floor":9,"key":"Singing Bowl"},{"floor":11,"key":"Incense Burner"}],"event_choices":[{"damage_healed":0,"gold_gain":0,"cards_transformed":["Strike_B"],"player_choice":"Transformed","damage_taken":0,"max_hp_gain":0,"max_hp_loss":0,"event_name":"Transmorgrifier","floor":2,"gold_loss":0,"cards_obtained":["Steam Power"]},{"damage_healed":0,"gold_gain":0,"player_choice":"Ignored","damage_taken":0,"max_hp_gain":0,"max_hp_loss":0,"event_name":"Liars Game","floor":5,"gold_loss":0},{"damage_healed":0,"gold_gain":0,"player_choice":"Gave Potion","damage_taken":0,"relics_obtained":["Dodecahedron"],"max_hp_gain":0,"max_hp_loss":0,"event_name":"WeMeetAgain","floor":7,"gold_loss":0},{"damage_healed":0,"gold_gain":0,"player_choice":"Success","damage_taken":11,"relics_obtained":["Lantern"],"max_hp_gain":0,"max_hp_loss":0,"event_name":"Scrap Ooze","floor":12,"gold_loss":0},{"cards_removed":["Strike_B"],"damage_healed":0,"gold_gain":0,"player_choice":"Purged","damage_taken":0,"max_hp_gain":0,"max_hp_loss":0,"event_name":"Purifier","floor":14,"gold_loss":0}],"is_beta":false,"boss_relics":[],"items_purged_floors":[],"is_endless":false,"potions_floor_spawned":[1],"killed_by":"Hexaghost","ascension_level":20}