{"gold_per_floor":[114,114,39,58,35,35,65,77,126,144,144,144,155,182,182,182],"floor_reached":16,"playtime":947,"items_purged":["Strike_G"],"score":150,"play_id":"372d9e9b-400a-4ca6-88d8-74a4ae297909","local_time":"20190626185813","is_ascension_mode":true,"campfire_choices":[{"data":"Cloak And Dagger","floor":6,"key":"SMITH"},{"floor":11,"key":"REST"},{"floor":15,"key":"REST"}],"neow_cost":"NONE","seed_source_timestamp":6201638350113233,"circlet_count":0,"master_deck":["AscendersBane","Defend_G","Defend_G","Defend_G","Defend_G","Defend_G","Strike_G","Strike_G","Strike_G","Survivor","Neutralize","Backflip","Blade Dance","Cloak And Dagger+1","Deflect","All Out Attack","Acrobatics","Prepared","Adrenaline","Escape Plan"],"relics":["Ring of the Snake","Dream Catcher","Lantern","Anchor"],"potions_floor_usage":[7,10,16],"damage_taken":[{"damage":4,"enemies":"Jaw Worm","floor":1,"turns":7},{"damage":0,"enemies":"Cultist","floor":4,"turns":5},{"damage":59,"enemies":"Lagavulin","floor":7,"turns":15},{"damage":0,"enemies":"2 Louse","floor":8,"turns":3},{"damage":0,"enemies":"Exordium Wildlife","floor":10,"turns":7},{"damage":3,"enemies":"Blue Slaver","floor":13,"turns":4},{"damage":53,"enemies":"The Guardian","floor":16,"turns":14}],"seed_played":"-7596094485002193325","potions_obtained":[{"floor":4,"key":"PowerPotion"},{"floor":7,"key":"PowerPotion"},{"floor":10,"key":"Explosive Potion"}],"is_trial":false,"path_per_floor":["M","?","$","M","$","R","E","M","T","M","R","?","M","T","R","B"],"character_chosen":"THE_SILENT","items_purchased":["Deflect"],"campfire_rested":2,"item_purchase_floors":[5],"current_hp_per_floor":[66,66,66,66,66,66,7,7,7,7,30,30,27,27,50,0],"gold":182,"neow_bonus":"TEN_PERCENT_HP_BONUS","is_prod":false,"is_daily":false,"chose_seed":false,"campfire_upgraded":1,"win_rate":0,"timestamp":1561593493,"path_taken":["M","?","$","M","?","R","E","?","T","M","R","?","M","?","R","BOSS"],"build_version":"2019-01-23","purchased_purges":1,"victory":false,"max_hp_per_floor":[77,77,77,77,77,77,77,77,77,77,77,77,77,77,77,77],"card_choices":[{"not_picked":["Prepared","Quick Slash"],"picked":"Backflip","floor":1},{"not_picked":["Leg Sweep","Deadly Poison"],"picked":"Cloak And Dagger","floor":4},{"not_picked":["Dagger Throw","Expertise"],"picked":"All Out Attack","floor":7},{"not_picked":["Poisoned Stab","Bane"],"picked":"Acrobatics","floor":8},{"not_picked":["Acrobatics","Endless Agony","PiercingWail"],"picked":"SKIP","floor":10},{"not_picked":["Dagger Throw","Leg Sweep"],"picked":"Prepared","floor":11},{"not_picked":["Dagger Spray","Tactician"],"picked":"Adrenaline","floor":13},{"not_picked":["Deflect","Distraction"],"picked":"Escape Plan","floor":15}],"player_experience":196592,"relics_obtained":[{"floor":7,"key":"Dream Catcher"},{"floor":9,"key":"Lantern"},{"floor":14,"key":"Anchor"}],"event_choices":[{"damage_healed":0,"gold_gain":0,"player_choice":"1 cards matched","damage_taken":0,"max_hp_gain":0,"max_hp_loss":0,"event_name":"Match and Keep!","floor":2,"gold_loss":0,"cards_obtained":["Blade Dance"]},{"cards_removed":["Strike_G"],"damage_healed":0,"gold_gain":0,"player_choice":"Forget","damage_taken":0,"max_hp_gain":0,"max_hp_loss":0,"event_name":"Living Wall","floor":12,"gold_loss":0}],"is_beta":false,"boss_relics":[],"items_purged_floors":[3],"is_endless":false,"potions_floor_spawned":[4,7,10],"killed_by":"The Guardian","ascension_level":10}