{"gold_per_floor":[214,214,234,35,82,82,117,132,157,186,204,222,222,238,238,338,338,352,370,370,4,4,4,36,36,60,70,89,0,18,28,28,132,132,152,168,24,424,424,424,452,45,45,45,64,64,76,94,94,94],"floor_reached":51,"playtime":3393,"items_purged":["Strike_G","Strike_G"],"score":759,"play_id":"36e43bcd-82ad-46af-afa4-8db1b3baf0cf","local_time":"20190615110206","is_ascension_mode":false,"campfire_choices":[{"data":"Deadly Poison","floor":6,"key":"SMITH"},{"data":"Acrobatics","floor":13,"key":"SMITH"},{"data":"Tactician","floor":15,"key":"SMITH"},{"data":"Burst","floor":23,"key":"SMITH"},{"data":"Finisher","floor":25,"key":"SMITH"},{"data":"Prepared","floor":32,"key":"SMITH"},{"data":"Expertise","floor":40,"key":"SMITH"},{"floor":49,"key":"REST"}],"neow_cost":"NONE","seed_source_timestamp":643104296367040,"circlet_count":0,"master_deck":["Defend_G+1","Defend_G","Defend_G","Defend_G","Strike_G","Strike_G+1","Survivor+1","Neutralize","Dagger Spray+1","Deadly Poison+1","Dagger Throw+1","Dagger Throw","Acrobatics+1","Underhanded Strike","Tactician+1","Burst+1","All Out Attack","Underhanded Strike","Poisoned Stab","Finisher+1","Calculated Gamble+1","Prepared+1","Caltrops+1","Expertise+1","Slice+1","Outmaneuver","Terror+1","Deflect+1"],"relics":["Ring of the Snake","PreservedInsect","Tough Bandages","Happy Flower","Orichalcum","Runic Pyramid","Medical Kit","Whetstone","War Paint","Busted Crown","Blood Vial","Old Coin","Oddly Smooth Stone","Strawberry","Bottled Lightning","Kunai"],"potions_floor_usage":[7,7,10,11,16,19,24,27,33,33,36,47,47,48],"damage_taken":[{"damage":0,"enemies":"Jaw Worm","floor":1,"turns":3},{"damage":0,"enemies":"Cultist","floor":3,"turns":3},{"damage":5,"enemies":"3 Sentries","floor":7,"turns":7},{"damage":0,"enemies":"Small Slimes","floor":8,"turns":2},{"damage":8,"enemies":"Lagavulin","floor":10,"turns":4},{"damage":0,"enemies":"Red Slaver","floor":11,"turns":2},{"damage":0,"enemies":"2 Fungi Beasts","floor":12,"turns":2},{"damage":0,"enemies":"Looter","floor":14,"turns":2},{"damage":13,"enemies":"Hexaghost","floor":16,"turns":8},{"damage":0,"enemies":"Chosen","floor":18,"turns":4},{"damage":4,"enemies":"Shell Parasite","floor":19,"turns":4},{"damage":0,"enemies":"Slavers","floor":24,"turns":4},{"damage":12,"enemies":"Shelled Parasite and Fungi","floor":27,"turns":4},{"damage":0,"enemies":"Centurion and Healer","floor":28,"turns":4},{"damage":0,"enemies":"Snake Plant","floor":30,"turns":3},{"damage":0,"enemies":"Cultist and Chosen","floor":31,"turns":4},{"damage":53,"enemies":"Champ","floor":33,"turns":10},{"damage":15,"enemies":"3 Darklings","floor":35,"turns":5},{"damage":0,"enemies":"3 Shapes","floor":36,"turns":3},{"damage":0,"enemies":"Mind Bloom Boss Battle","floor":38,"turns":7},{"damage":0,"enemies":"Nemesis","floor":41,"turns":3},{"damage":7,"enemies":"Writhing Mass","floor":45,"turns":4},{"damage":0,"enemies":"4 Shapes","floor":47,"turns":3},{"damage":20,"enemies":"Jaw Worm Horde","floor":48,"turns":5},{"damage":18,"enemies":"Awakened One","floor":50,"turns":14}],"seed_played":"-2924255713670547191","potions_obtained":[{"floor":1,"key":"Strength Potion"},{"floor":3,"key":"GhostInAJar"},{"floor":10,"key":"GamblersBrew"},{"floor":12,"key":"Dexterity Potion"},{"floor":14,"key":"Weak Potion"},{"floor":18,"key":"Regen Potion"},{"floor":28,"key":"EssenceOfSteel"},{"floor":30,"key":"Poison Potion"},{"floor":35,"key":"Fire Potion"},{"floor":41,"key":"SpeedPotion"},{"floor":48,"key":"Block Potion"}],"is_trial":false,"path_per_floor":["M","?","M","$","T","R","E","M","T","E","M","M","R","M","R","B",null,"M","M","?","$","?","R","E","R","T","M","M","?","M","M","R","B",null,"M","M","$","?","?","R","E","$","T","T","M","?","M","M","R","B",null],"character_chosen":"THE_SILENT","items_purchased":["PreservedInsect","PowerPotion","Underhanded Strike","Medical Kit","PowerPotion","Blood Vial","Strawberry","Poison Potion","FearPotion","Outmaneuver"],"campfire_rested":1,"item_purchase_floors":[4,4,21,21,21,37,42,42,42,42],"current_hp_per_floor":[70,70,70,70,70,70,65,65,65,57,57,57,57,57,57,44,70,70,66,66,66,66,66,66,66,66,59,59,59,59,59,59,6,70,55,55,55,57,57,57,59,66,66,66,61,61,63,45,68,52],"gold":94,"neow_bonus":"HUNDRED_GOLD","is_prod":false,"is_daily":false,"chose_seed":false,"campfire_upgraded":7,"win_rate":0,"timestamp":1560621726,"path_taken":["M","?","M","$","?","R","E","?","T","E","M","M","R","M","R","BOSS","M","M","?","?","?","R","E","R","T","?","M","?","M","M","R","BOSS","M","M","$","?","?","R","E","$","T","?","M","?","M","?","R","BOSS"],"build_version":"2019-01-23","purchased_purges":2,"victory":true,"max_hp_per_floor":[70,70,70,70,70,70,70,70,70,70,70,70,70,70,70,70,70,70,70,70,70,70,70,70,70,70,70,70,70,70,70,70,70,70,70,70,70,70,70,70,70,77,77,77,77,77,77,77,77,77],"card_choices":[{"not_picked":["Riddle With Holes","Quick Slash"],"picked":"Dagger Spray","floor":1},{"not_picked":["Expertise","Distraction"],"picked":"Deadly Poison","floor":3},{"not_picked":["Infinite Blades","Endless Agony"],"picked":"Dagger Throw","floor":7},{"not_picked":["Flying Knee","Blade Dance"],"picked":"Dagger Throw","floor":8},{"not_picked":["Crippling Poison","A Thousand Cuts"],"picked":"Acrobatics","floor":10},{"not_picked":["Dagger Throw","Blade Dance"],"picked":"Underhanded Strike","floor":11},{"not_picked":["Setup","Blade Dance","Heel Hook"],"picked":"SKIP","floor":12},{"not_picked":["Outmaneuver","PiercingWail"],"picked":"Tactician","floor":14},{"not_picked":["Adrenaline","Doppelganger"],"picked":"Burst","floor":16},{"not_picked":["Sucker Punch+1","Cloak And Dagger"],"picked":"All Out Attack","floor":18},{"not_picked":["Endless Agony","Blade Dance","Reflex+1"],"picked":"SKIP","floor":19},{"not_picked":["Masterful Stab","Flying Knee"],"picked":"Finisher","floor":24},{"not_picked":["Leg Sweep","Endless Agony"],"picked":"Calculated Gamble+1","floor":27},{"not_picked":["Sucker Punch","Underhanded Strike","Heel Hook+1"],"picked":"SKIP","floor":28},{"not_picked":["Quick Slash","Outmaneuver"],"picked":"Prepared","floor":30},{"not_picked":["Underhanded Strike","Bouncing Flask"],"picked":"Caltrops+1","floor":31},{"not_picked":["Crippling Poison+1"],"picked":"SKIP","floor":35},{"not_picked":["PiercingWail"],"picked":"SKIP","floor":36},{"not_picked":[],"picked":"Expertise","floor":38},{"not_picked":[],"picked":"Slice+1","floor":41},{"not_picked":[],"picked":"Terror+1","floor":45},{"not_picked":["Deflect"],"picked":"SKIP","floor":47},{"not_picked":[],"picked":"Deflect+1","floor":48}],"player_experience":383030,"relics_obtained":[{"floor":7,"key":"Tough Bandages"},{"floor":9,"key":"Happy Flower"},{"floor":10,"key":"Orichalcum"},{"floor":24,"key":"Whetstone"},{"floor":26,"key":"War Paint"},{"floor":38,"key":"Old Coin"},{"floor":41,"key":"Oddly Smooth Stone"},{"floor":43,"key":"Bottled Lightning"},{"floor":44,"key":"Kunai"}],"event_choices":[{"damage_healed":0,"gold_gain":0,"player_choice":"Forge","damage_taken":0,"max_hp_gain":0,"max_hp_loss":0,"event_name":"Accursed Blacksmith","floor":2,"gold_loss":0,"cards_upgraded":["Dagger Spray"]},{"damage_healed":0,"gold_gain":0,"player_choice":"Ignored","damage_taken":0,"max_hp_gain":0,"max_hp_loss":0,"event_name":"N\u0027loth","floor":20,"gold_loss":0},{"damage_healed":0,"gold_gain":0,"cards_transformed":["Strike_G"],"player_choice":"Transformed","damage_taken":0,"max_hp_gain":0,"max_hp_loss":0,"event_name":"Transmorgrifier","floor":22,"gold_loss":0,"cards_obtained":["Poisoned Stab"]},{"damage_healed":0,"gold_gain":0,"player_choice":"Paid Fearfully","damage_taken":0,"max_hp_gain":0,"max_hp_loss":0,"event_name":"Masked Bandits","floor":29,"gold_loss":89},{"damage_healed":0,"gold_gain":0,"player_choice":"Fight","damage_taken":0,"max_hp_gain":0,"max_hp_loss":0,"event_name":"MindBloom","floor":38,"gold_loss":0},{"damage_healed":0,"gold_gain":0,"player_choice":"Ignored","damage_taken":0,"max_hp_gain":0,"max_hp_loss":0,"event_name":"Mysterious Sphere","floor":39,"gold_loss":0},{"cards_removed":["Defend_G"],"damage_healed":0,"gold_gain":0,"player_choice":"Offered Basic","damage_taken":0,"max_hp_gain":0,"max_hp_loss":0,"event_name":"Bonfire Elementals","floor":46,"gold_loss":0}],"is_beta":false,"boss_relics":[{"not_picked":["Pandora\u0027s Box","Black Star"],"picked":"Runic Pyramid"},{"not_picked":["Fusion Hammer","Astrolabe"],"picked":"Busted Crown"}],"items_purged_floors":[21,42],"is_endless":false,"potions_floor_spawned":[1,3,10,12,14,18,28,30,35,41,48],"ascension_level":0}