{"gold_per_floor":[117,135,151,170,190,190,202,202,227,152,186,186,217,118,118,195,195,209,209,209,225,225,225,225],"floor_reached":24,"playtime":821,"items_purged":["Pain"],"score":391,"play_id":"6d5a2cbe-4e21-49f8-bc2e-34c3ce17205c","local_time":"20190406190535","is_ascension_mode":true,"campfire_choices":[{"data":"Sweeping Beam","floor":6,"key":"SMITH"},{"floor":12,"key":"REST"},{"floor":15,"key":"REST"},{"data":"Self Repair","floor":23,"key":"SMITH"}],"neow_cost":"NONE","seed_source_timestamp":90480342634300,"circlet_count":0,"master_deck":["AscendersBane","Zap","Dualcast","Sweeping Beam","Sweeping Beam+1","Leap","Ball Lightning","Conserve Battery","Capacitor","Self Repair+1","Conserve Battery","Self Repair","Ball Lightning","Core Surge","Beam Cell","Seek","Coolheaded","Rip and Tear","Core Surge","Rebound","Thunder Strike"],"relics":["Cracked Core","Bag of Marbles","Juzu Bracelet","Dream Catcher","Omamori","Pandora\u0027s Box","Anchor"],"potions_floor_usage":[5,11,13,16],"damage_taken":[{"damage":4,"enemies":"2 Louse","floor":1,"turns":2},{"damage":0,"enemies":"Cultist","floor":2,"turns":3},{"damage":2,"enemies":"Jaw Worm","floor":3,"turns":3},{"damage":9,"enemies":"Blue Slaver","floor":4,"turns":4},{"damage":0,"enemies":"Looter","floor":5,"turns":2},{"damage":0,"enemies":"Large Slime","floor":7,"turns":4},{"damage":21,"enemies":"3 Sentries","floor":11,"turns":6},{"damage":24,"enemies":"Lagavulin","floor":13,"turns":5},{"damage":22,"enemies":"The Guardian","floor":16,"turns":15},{"damage":22,"enemies":"Shell Parasite","floor":18,"turns":4},{"damage":5,"enemies":"Chosen","floor":21,"turns":3},{"damage":43,"enemies":"Shelled Parasite and Fungi","floor":24,"turns":3}],"seed_played":"2978794534293602916","potions_obtained":[{"floor":3,"key":"Block Potion"},{"floor":4,"key":"SkillPotion"},{"floor":5,"key":"EssenceOfSteel"},{"floor":7,"key":"FearPotion"},{"floor":11,"key":"Explosive Potion"}],"is_trial":false,"path_per_floor":["M","M","M","M","M","R","M","?","T","$","E","R","E","$","R","B",null,"M","?","?","M","?","R","M"],"character_chosen":"DEFECT","items_purchased":["Conserve Battery","Self Repair"],"campfire_rested":2,"item_purchase_floors":[14,14],"current_hp_per_floor":[60,60,58,49,49,49,49,49,49,49,28,49,25,25,46,38,63,41,41,41,43,43,43,0],"gold":225,"neow_bonus":"RANDOM_COMMON_RELIC","is_prod":false,"is_daily":false,"chose_seed":false,"campfire_upgraded":2,"win_rate":0,"timestamp":1554591935,"path_taken":["M","M","M","M","M","R","M","?","T","$","E","R","E","?","R","BOSS","M","?","?","M","?","R","M"],"build_version":"2019-01-23","purchased_purges":1,"victory":false,"max_hp_per_floor":[71,71,71,71,71,71,71,71,71,71,71,71,71,71,71,71,71,71,71,71,71,71,71,71],"card_choices":[{"not_picked":["Streamline","Steam"],"picked":"Sweeping Beam","floor":1},{"not_picked":["Genetic Algorithm","Gash"],"picked":"Sweeping Beam","floor":2},{"not_picked":["Double Energy","Reinforced Body","Heatsinks"],"picked":"SKIP","floor":3},{"not_picked":["Turbo","Blizzard"],"picked":"Leap","floor":4},{"not_picked":["Heatsinks","Conserve Battery"],"picked":"Ball Lightning","floor":5},{"not_picked":["Blizzard","Stack","Ball Lightning"],"picked":"SKIP","floor":7},{"not_picked":["Hologram","Beam Cell"],"picked":"Conserve Battery","floor":11},{"not_picked":["Ball Lightning","Go for the Eyes"],"picked":"Capacitor","floor":12},{"not_picked":["Hyperbeam","Compile Driver"],"picked":"Self Repair","floor":13},{"not_picked":["Force Field","Beam Cell"],"picked":"Ball Lightning","floor":15},{"not_picked":["All For One","Rainbow"],"picked":"Core Surge","floor":16},{"not_picked":["Double Energy","Compile Driver+1","Barrage"],"picked":"SKIP","floor":18},{"not_picked":["Rip and Tear","Streamline","Gash+1"],"picked":"SKIP","floor":21}],"player_experience":529390,"relics_obtained":[{"floor":9,"key":"Juzu Bracelet"},{"floor":11,"key":"Dream Catcher"},{"floor":13,"key":"Omamori"}],"event_choices":[{"damage_healed":0,"gold_gain":0,"player_choice":"1 cards matched","damage_taken":0,"max_hp_gain":0,"max_hp_loss":0,"event_name":"Match and Keep!","floor":8,"gold_loss":0,"cards_obtained":["Pain"]},{"cards_removed":["Recycle"],"damage_healed":0,"gold_gain":0,"player_choice":"Elegance","damage_taken":0,"max_hp_gain":0,"max_hp_loss":0,"event_name":"Back to Basics","floor":19,"gold_loss":0},{"damage_healed":0,"gold_gain":0,"player_choice":"Opened","damage_taken":0,"relics_obtained":["Anchor"],"max_hp_gain":0,"max_hp_loss":0,"event_name":"The Mausoleum","floor":20,"gold_loss":0,"cards_obtained":["Writhe"]},{"damage_healed":0,"gold_gain":0,"player_choice":"Ignored","damage_taken":0,"max_hp_gain":0,"max_hp_loss":0,"event_name":"Vampires","floor":22,"gold_loss":0}],"is_beta":false,"boss_relics":[{"not_picked":["Inserter","Orrery"],"picked":"Pandora\u0027s Box"}],"items_purged_floors":[10],"is_endless":false,"potions_floor_spawned":[3,4,5,7,11],"killed_by":"Shelled Parasite and Fungi","ascension_level":18}