{"gold_per_floor":[111,36,36,50,60,60,80,80,80,113,113,143,0,17,17,122,122,140,140,122,135,149,149,181,192,192,211,4,4,4,38,38,38],"floor_reached":33,"playtime":1429,"items_purged":["Strike_R"],"score":368,"play_id":"6f3364f5-e1ac-4407-8df2-0b804474aa50","local_time":"20190630120142","is_ascension_mode":true,"campfire_choices":[{"data":"Armaments","floor":6,"key":"SMITH"},{"data":"Armaments","floor":8,"key":"SMITH"},{"data":"Blood for Blood","floor":15,"key":"SMITH"},{"data":"Body Slam","floor":23,"key":"SMITH"},{"data":"Body Slam","floor":29,"key":"SMITH"},{"data":"Flame Barrier","floor":32,"key":"SMITH"}],"neow_cost":"NONE","seed_source_timestamp":1167092171862493,"circlet_count":0,"master_deck":["Strike_R","Strike_R","Strike_R","Strike_R","Defend_R","Defend_R","Defend_R","Defend_R","Bash","Blood for Blood+1","Armaments+1","Armaments+1","Flame Barrier+1","Shrug It Off","Shockwave","Flex","Berserk","Pommel Strike+1","Shrug It Off","Body Slam+1","Seeing Red+1","Metallicize+1","Body Slam+1","Metallicize+1"],"relics":["Burning Blood","Singing Bowl","Mummified Hand","Pear","Coffee Dripper","Nloth\u0027s Gift","Lantern","Paper Frog","Red Skull","Ancient Tea Set"],"potions_floor_usage":[16,16,20,22,25,27,33],"damage_taken":[{"damage":0,"enemies":"Small Slimes","floor":1,"turns":3},{"damage":7,"enemies":"Jaw Worm","floor":4,"turns":3},{"damage":7,"enemies":"2 Louse","floor":5,"turns":4},{"damage":9,"enemies":"Lots of Slimes","floor":7,"turns":5},{"damage":31,"enemies":"Lagavulin","floor":10,"turns":14},{"damage":10,"enemies":"2 Fungi Beasts","floor":14,"turns":5},{"damage":33,"enemies":"Hexaghost","floor":16,"turns":9},{"damage":43,"enemies":"Spheric Guardian","floor":18,"turns":6},{"damage":7,"enemies":"2 Thieves","floor":20,"turns":4},{"damage":5,"enemies":"Chosen and Byrds","floor":21,"turns":4},{"damage":9,"enemies":"Snake Plant","floor":22,"turns":6},{"damage":14,"enemies":"Book of Stabbing","floor":24,"turns":7},{"damage":38,"enemies":"Centurion and Healer","floor":25,"turns":6},{"damage":15,"enemies":"3 Cultists","floor":27,"turns":7},{"damage":0,"enemies":"Gremlin Leader","floor":31,"turns":7},{"damage":34,"enemies":"Champ","floor":33,"turns":8}],"seed_played":"1823219485697671884","potions_obtained":[{"floor":1,"key":"GamblersBrew"},{"floor":14,"key":"Regen Potion"},{"floor":18,"key":"Swift Potion"},{"floor":21,"key":"Ancient Potion"},{"floor":24,"key":"Fire Potion"},{"floor":25,"key":"Block Potion"},{"floor":31,"key":"Ancient Potion"}],"is_trial":false,"path_per_floor":["M","$","?","M","M","R","M","R","T","E","?","?","$","M","R","B",null,"M","?","M","M","M","R","E","M","T","M","$","R","?","E","R","B"],"character_chosen":"IRONCLAD","items_purchased":["Bronze Scales","Red Skull","Body Slam"],"campfire_rested":0,"item_purchase_floors":[13,28,28],"current_hp_per_floor":[80,80,85,84,83,83,80,80,80,55,55,65,65,61,61,49,95,58,58,59,60,57,57,51,19,19,10,10,10,10,18,18,0],"gold":38,"neow_bonus":"THREE_CARDS","is_prod":false,"is_daily":false,"chose_seed":false,"campfire_upgraded":6,"win_rate":0,"timestamp":1561921302,"path_taken":["M","$","?","M","M","R","M","R","T","E","?","?","?","M","R","BOSS","M","?","M","M","M","R","E","M","T","?","$","R","?","E","R","BOSS"],"build_version":"2019-01-23","purchased_purges":1,"victory":false,"max_hp_per_floor":[80,80,85,85,85,85,85,85,85,85,85,95,95,95,95,95,95,95,95,97,97,97,97,99,99,99,99,99,99,99,101,101,101],"card_choices":[{"not_picked":["Pummel","Warcry"],"picked":"Blood for Blood","floor":0},{"not_picked":["Headbutt","Pommel Strike"],"picked":"Armaments","floor":1},{"not_picked":["Flex","Pummel"],"picked":"Armaments","floor":4},{"not_picked":["Havoc","Body Slam"],"picked":"Flame Barrier","floor":5},{"not_picked":["Twin Strike","Rampage"],"picked":"Shrug It Off","floor":7},{"not_picked":["Power Through","Thunderclap"],"picked":"Shockwave","floor":10},{"not_picked":["Cleave","Fiend Fire"],"picked":"Flex","floor":14},{"not_picked":["Juggernaut","Feed"],"picked":"Berserk","floor":16},{"not_picked":["Dual Wield","Second Wind"],"picked":"Pommel Strike+1","floor":18},{"not_picked":["Twin Strike+1","Shrug It Off","Armaments"],"picked":"Singing Bowl","floor":20},{"not_picked":["Disarm+1","Fiend Fire"],"picked":"Shrug It Off","floor":21},{"not_picked":["Armaments","Thunderclap"],"picked":"Body Slam","floor":22},{"not_picked":["Iron Wave","Brutality","Sword Boomerang"],"picked":"Singing Bowl","floor":24},{"not_picked":["Power Through","Thunderclap"],"picked":"Seeing Red+1","floor":25},{"not_picked":["Havoc","Combust"],"picked":"Metallicize+1","floor":27},{"not_picked":["Impervious","Iron Wave","Warcry"],"picked":"Singing Bowl","floor":31}],"player_experience":53640,"relics_obtained":[{"floor":9,"key":"Singing Bowl"},{"floor":10,"key":"Mummified Hand"},{"floor":24,"key":"Lantern"},{"floor":26,"key":"Paper Frog"},{"floor":31,"key":"Ancient Tea Set"}],"event_choices":[{"damage_healed":0,"gold_gain":0,"player_choice":"Donut","damage_taken":0,"max_hp_gain":5,"max_hp_loss":0,"event_name":"Big Fish","floor":3,"gold_loss":0},{"damage_healed":0,"gold_gain":0,"player_choice":"Ignored","damage_taken":0,"max_hp_gain":0,"max_hp_loss":0,"event_name":"Liars Game","floor":11,"gold_loss":0},{"damage_healed":0,"gold_gain":30,"player_choice":"Searched \u00272\u0027 times","damage_taken":0,"relics_obtained":["Pear"],"max_hp_gain":0,"max_hp_loss":0,"event_name":"Dead Adventurer","floor":12,"gold_loss":0},{"damage_healed":0,"gold_gain":0,"player_choice":"Traded Relic","damage_taken":0,"relics_obtained":["Nloth\u0027s Gift"],"max_hp_gain":0,"max_hp_loss":0,"event_name":"N\u0027loth","floor":19,"relics_lost":["Bronze Scales"],"gold_loss":0},{"damage_healed":0,"gold_gain":0,"player_choice":"Copied","damage_taken":0,"max_hp_gain":0,"max_hp_loss":0,"event_name":"Duplicator","floor":30,"gold_loss":0,"cards_obtained":["Metallicize"]}],"is_beta":false,"boss_relics":[{"not_picked":["Empty Cage","Ectoplasm"],"picked":"Coffee Dripper"}],"items_purged_floors":[2],"is_endless":false,"potions_floor_spawned":[1,14,18,21,24,25,31],"killed_by":"Champ","ascension_level":2}