{"gold_per_floor":[116,128,143,162,162,162,191,204,204,204,219,290,290,309,309,387,387,400,417,436,436,455,455,466,486,486,586,586],"floor_reached":28,"playtime":1076,"items_purged":[],"score":489,"play_id":"2ed07de6-162f-444f-bba5-0cf13baf68b8","local_time":"20190630223822","is_ascension_mode":true,"campfire_choices":[{"data":"Seeing Red","floor":6,"key":"SMITH"},{"data":"Demon Form","floor":10,"key":"SMITH"},{"data":"Disarm","floor":15,"key":"SMITH"},{"data":"Demon Form","floor":23,"key":"SMITH"}],"neow_cost":"TEN_PERCENT_HP_LOSS","seed_source_timestamp":1553750630521576,"circlet_count":0,"master_deck":["AscendersBane","Strike_R","Strike_R","Strike_R","Strike_R","Strike_R","Defend_R","Defend_R","Defend_R","Defend_R","Bash","Bludgeon","Cleave","Disarm","Flame Barrier","Disarm+1","Seeing Red+1","Demon Form+1","Seeing Red+1","Battle Trance","Heavy Blade","Demon Form+1","Immolate","Feel No Pain+1","Writhe","Immolate","Decay"],"relics":["Burning Blood","FossilizedHelix","Gremlin Horn","Cursed Key","Dodecahedron","Magic Flower","Champion Belt","Blue Candle"],"potions_floor_usage":[11,20,22,24,27],"damage_taken":[{"damage":6,"enemies":"Small Slimes","floor":1,"turns":2},{"damage":6,"enemies":"Cultist","floor":2,"turns":3},{"damage":8,"enemies":"2 Louse","floor":3,"turns":4},{"damage":13,"enemies":"Blue Slaver","floor":4,"turns":6},{"damage":15,"enemies":"Lagavulin","floor":7,"turns":7},{"damage":2,"enemies":"Red Slaver","floor":8,"turns":5},{"damage":0,"enemies":"Gremlin Gang","floor":11,"turns":3},{"damage":10,"enemies":"Large Slime","floor":14,"turns":5},{"damage":1,"enemies":"The Guardian","floor":16,"turns":9},{"damage":8,"enemies":"2 Thieves","floor":18,"turns":3},{"damage":19,"enemies":"Spheric Guardian","floor":19,"turns":4},{"damage":8,"enemies":"Cultist and Chosen","floor":20,"turns":8},{"damage":18,"enemies":"Centurion and Healer","floor":22,"turns":6},{"damage":0,"enemies":"3 Cultists","floor":24,"turns":3},{"damage":2,"enemies":"Chosen and Byrds","floor":25,"turns":7},{"damage":10,"enemies":"Colosseum Slavers","floor":27,"turns":3},{"damage":52,"enemies":"Colosseum Nobs","floor":27,"turns":6},{"damage":18,"enemies":"Shelled Parasite and Fungi","floor":28,"turns":3}],"seed_played":"-4976957267193388972","potions_obtained":[{"floor":2,"key":"FearPotion"},{"floor":8,"key":"Dexterity Potion"},{"floor":11,"key":"Regen Potion"},{"floor":20,"key":"AttackPotion"},{"floor":25,"key":"Weak Potion"}],"is_trial":false,"path_per_floor":["M","M","M","M","?","R","E","M","T","R","M","?","?","M","R","B",null,"M","M","M","?","M","R","M","M","T","?","M"],"character_chosen":"IRONCLAD","items_purchased":[],"campfire_rested":0,"item_purchase_floors":[],"current_hp_per_floor":[68,68,66,59,59,59,50,54,54,54,60,60,60,56,56,61,66,64,51,64,64,52,52,58,62,62,18,0],"gold":586,"neow_bonus":"THREE_RARE_CARDS","is_prod":false,"is_daily":false,"chose_seed":false,"campfire_upgraded":4,"win_rate":0,"timestamp":1561959502,"path_taken":["M","M","M","M","?","R","E","M","T","R","?","?","?","?","R","BOSS","M","M","?","?","M","R","M","M","T","?","M"],"build_version":"2019-01-23","purchased_purges":0,"victory":false,"max_hp_per_floor":[68,68,68,68,68,68,68,68,68,68,68,68,68,68,68,68,68,68,68,68,68,68,68,68,68,68,68,68],"card_choices":[{"not_picked":["Reaper","Limit Break"],"picked":"Bludgeon","floor":0},{"not_picked":["Iron Wave","Perfected Strike"],"picked":"Cleave","floor":1},{"not_picked":["Second Wind","Rampage"],"picked":"Disarm","floor":2},{"not_picked":["Dual Wield","Armaments"],"picked":"Flame Barrier","floor":3},{"not_picked":["Havoc","Headbutt"],"picked":"Disarm","floor":4},{"not_picked":["Havoc","Sever Soul"],"picked":"Seeing Red","floor":7},{"not_picked":["True Grit","Wild Strike"],"picked":"Battle Trance","floor":8},{"not_picked":["Fire Breathing","Clash"],"picked":"Heavy Blade","floor":11},{"not_picked":["Perfected Strike","Pommel Strike"],"picked":"Demon Form","floor":14},{"not_picked":["Brutality","Fiend Fire"],"picked":"Immolate","floor":16},{"not_picked":["Hemokinesis+1","Flex+1","Iron Wave"],"picked":"SKIP","floor":18},{"not_picked":["Heavy Blade","Searing Blow"],"picked":"Feel No Pain+1","floor":19},{"not_picked":["True Grit","Pummel","Feel No Pain"],"picked":"SKIP","floor":20},{"not_picked":["Combust","Twin Strike"],"picked":"Immolate","floor":22},{"not_picked":["Cleave","Clothesline","Sword Boomerang+1"],"picked":"SKIP","floor":24},{"not_picked":["Clash","Heavy Blade","Twin Strike"],"picked":"SKIP","floor":25}],"player_experience":1106696,"relics_obtained":[{"floor":7,"key":"FossilizedHelix"},{"floor":9,"key":"Gremlin Horn"},{"floor":26,"key":"Magic Flower"},{"floor":27,"key":"Champion Belt"},{"floor":27,"key":"Blue Candle"}],"event_choices":[{"damage_healed":0,"gold_gain":0,"player_choice":"2 cards matched","damage_taken":0,"max_hp_gain":0,"max_hp_loss":0,"event_name":"Match and Keep!","floor":5,"gold_loss":0,"cards_obtained":["Seeing Red","Demon Form"]},{"damage_healed":0,"gold_gain":71,"player_choice":"Gained Gold","damage_taken":0,"max_hp_gain":0,"max_hp_loss":0,"event_name":"Golden Wing","floor":12,"gold_loss":0},{"damage_healed":0,"gold_gain":0,"player_choice":"Upgraded","damage_taken":0,"max_hp_gain":0,"max_hp_loss":0,"event_name":"Upgrade Shrine","floor":13,"gold_loss":0,"cards_upgraded":["Seeing Red"]},{"damage_healed":0,"gold_gain":0,"player_choice":"Opened","damage_taken":0,"relics_obtained":["Dodecahedron"],"max_hp_gain":0,"max_hp_loss":0,"event_name":"The Mausoleum","floor":21,"gold_loss":0,"cards_obtained":["Writhe"]},{"damage_healed":0,"gold_gain":0,"player_choice":"Fight","damage_taken":0,"max_hp_gain":0,"max_hp_loss":0,"event_name":"Colosseum","floor":27,"gold_loss":0},{"damage_healed":0,"gold_gain":0,"player_choice":"Fought Nobs","damage_taken":0,"max_hp_gain":0,"max_hp_loss":0,"event_name":"Colosseum","floor":27,"gold_loss":0}],"is_beta":false,"boss_relics":[{"not_picked":["Tiny House","Philosopher\u0027s Stone"],"picked":"Cursed Key"}],"items_purged_floors":[],"is_endless":false,"potions_floor_spawned":[2,8,11,16,20,25],"killed_by":"Shelled Parasite and Fungi","ascension_level":19}