{"gold_per_floor":[117,132,152,152,164,164,89,102,102,102,30,40,70,80,80,80],"floor_reached":16,"playtime":928,"items_purged":["Strike_G"],"score":166,"play_id":"1412f7f9-d6ce-444f-94fc-6dc50c17726a","local_time":"20180825201054","is_ascension_mode":true,"campfire_choices":[{"data":"Riddle With Holes","floor":6,"key":"SMITH"},{"data":"PiercingWail","floor":10,"key":"SMITH"},{"floor":15,"key":"REST"}],"neow_cost":"NONE","seed_source_timestamp":790077001834271,"circlet_count":0,"master_deck":["Defend_G","Defend_G","Defend_G","Defend_G","Defend_G","Strike_G","Strike_G","Strike_G","Strike_G","Survivor","Neutralize","AscendersBane","Poisoned Stab+1","Underhanded Strike","PiercingWail+1","Riddle With Holes+1","Noxious Fumes"],"relics":["Ring of the Snake","Lantern","Singing Bowl","Smiling Mask"],"potions_floor_usage":[13,14],"damage_taken":[{"damage":7,"enemies":"Small Slimes","floor":1,"turns":4},{"damage":0,"enemies":"Jaw Worm","floor":2,"turns":4},{"damage":0,"enemies":"Cultist","floor":3,"turns":4},{"damage":2,"enemies":"2 Fungi Beasts","floor":5,"turns":4},{"damage":3,"enemies":"Blue Slaver","floor":8,"turns":5},{"damage":5,"enemies":"Red Slaver","floor":12,"turns":5},{"damage":32,"enemies":"3 Sentries","floor":13,"turns":7},{"damage":10,"enemies":"Lots of Slimes","floor":14,"turns":5},{"damage":33,"enemies":"The Guardian","floor":16,"turns":10}],"seed_played":"-7960634986462602131","potions_obtained":[{"floor":1,"key":"Weak Potion"},{"floor":12,"key":"Poison Potion"}],"is_trial":false,"path_per_floor":["M","M","M","?","M","R","$","M","T","R","$","M","E","M","R"],"character_chosen":"THE_SILENT","items_purchased":["Noxious Fumes"],"campfire_rested":1,"item_purchase_floors":[11],"current_hp_per_floor":[56,56,56,56,54,54,54,51,51,51,51,48,18,10,32,0],"gold":80,"neow_bonus":"RANDOM_COMMON_RELIC","is_prod":false,"is_daily":false,"chose_seed":false,"campfire_upgraded":2,"win_rate":0,"timestamp":1535253054,"path_taken":["M","M","M","?","M","R","$","M","T","R","$","?","E","M","R","BOSS"],"build_version":"2018-08-23v2","purchased_purges":1,"victory":false,"max_hp_per_floor":[70,70,70,70,70,70,70,70,70,70,70,72,74,76,76,76],"card_choices":[{"not_picked":["Terror","PiercingWail"],"picked":"Poisoned Stab","floor":1},{"not_picked":["Deflect","Tactician"],"picked":"Underhanded Strike","floor":2},{"not_picked":["Expertise","Bane"],"picked":"PiercingWail","floor":3},{"not_picked":["Reflex","Blade Dance"],"picked":"Riddle With Holes","floor":5},{"not_picked":["Deadly Poison","Bane","Accuracy"],"picked":"SKIP","floor":8},{"not_picked":["Prepared","Flechettes","Reflex"],"picked":"Singing Bowl","floor":12},{"not_picked":["Grand Finale","Flechettes","Blade Dance"],"picked":"Singing Bowl","floor":13},{"not_picked":["Dagger Spray","Deadly Poison","Cloak And Dagger"],"picked":"Singing Bowl","floor":14}],"player_experience":721835,"relics_obtained":[{"floor":9,"key":"Singing Bowl"},{"floor":13,"key":"Smiling Mask"}],"event_choices":[{"event_name":"Living Wall","player_choice":"Grow","floor":4,"damage_taken":0}],"is_beta":false,"boss_relics":[],"items_purged_floors":[7],"is_endless":false,"potions_floor_spawned":[1,12],"killed_by":"The Guardian","ascension_level":12}