{"gold_per_floor":[119,132,212,362,362,387,387,412,439,468,45,64,75,93,93,168,168,185,196,196,121,132,132,157,157,157,171,200,200,200,235,235,312,312,324,4,104,104,104,104,117,117,117,117,117,117],"floor_reached":47,"playtime":1764,"items_purged":["Doubt"],"score":1339,"play_id":"a7fd91ac-2418-4e15-affb-7768fb58ccd0","local_time":"20190323230613","is_ascension_mode":true,"campfire_choices":[{"data":"Spot Weakness","floor":7,"key":"SMITH"},{"data":"Armaments","floor":15,"key":"SMITH"},{"floor":23,"key":"REST"},{"floor":30,"key":"REST"},{"floor":32,"key":"REST"},{"floor":40,"key":"REST"},{"floor":44,"key":"REST"}],"neow_cost":"NONE","seed_source_timestamp":277608368135650,"circlet_count":0,"master_deck":["AscendersBane","Strike_R+1","Strike_R+1","Strike_R+1","Strike_R+1","Defend_R+1","Defend_R+1","Defend_R+1","Defend_R+1","Bash+1","Carnage","Headbutt","Spot Weakness+1","Body Slam","Flame Barrier","Armaments+1","Immolate","Armaments","Dropkick","Double Tap","Heavy Blade+1","Metallicize","Shockwave+1","Uppercut","Immolate","True Grit+1","Cleave"],"relics":["Burning Blood","NeowsBlessing","Dream Catcher","Matryoshka","Meat on the Bone","Oddly Smooth Stone","Orichalcum","Tiny Chest","Lantern","Fusion Hammer","Pen Nib","Strawberry","Gambling Chip","Vajra","Centennial Puzzle","Runic Cube","Calipers","Champion Belt","Bag of Preparation"],"potions_floor_usage":[8,16,22,27,46,46],"damage_taken":[{"damage":0,"enemies":"Cultist","floor":1,"turns":1},{"damage":0,"enemies":"2 Louse","floor":2,"turns":1},{"damage":0,"enemies":"Gremlin Nob","floor":6,"turns":1},{"damage":19,"enemies":"3 Sentries","floor":8,"turns":8},{"damage":37,"enemies":"Gremlin Nob","floor":10,"turns":4},{"damage":4,"enemies":"Jaw Worm","floor":12,"turns":3},{"damage":5,"enemies":"Looter","floor":13,"turns":2},{"damage":7,"enemies":"Blue Slaver","floor":14,"turns":2},{"damage":8,"enemies":"The Guardian","floor":16,"turns":13},{"damage":27,"enemies":"2 Thieves","floor":18,"turns":4},{"damage":0,"enemies":"3 Byrds","floor":19,"turns":2},{"damage":0,"enemies":"Cultist and Chosen","floor":22,"turns":3},{"damage":24,"enemies":"Gremlin Leader","floor":24,"turns":7},{"damage":16,"enemies":"3 Cultists","floor":27,"turns":4},{"damage":15,"enemies":"Slavers","floor":28,"turns":4},{"damage":25,"enemies":"Book of Stabbing","floor":31,"turns":5},{"damage":61,"enemies":"Collector","floor":33,"turns":9},{"damage":29,"enemies":"3 Darklings","floor":35,"turns":3},{"damage":8,"enemies":"Mind Bloom Boss Battle","floor":37,"turns":6},{"damage":0,"enemies":"3 Shapes","floor":41,"turns":3},{"damage":81,"enemies":"Awakened One","floor":46,"turns":12}],"seed_played":"-4814751787933261983","potions_obtained":[{"floor":2,"key":"Dexterity Potion"},{"floor":6,"key":"SteroidPotion"},{"floor":10,"key":"AttackPotion"},{"floor":22,"key":"AttackPotion"},{"floor":33,"key":"PowerPotion"},{"floor":35,"key":"SteroidPotion"}],"is_trial":false,"path_per_floor":["M","M","?","?","?","E","R","E","T","E","$","M","M","M","R","B",null,"M","M","$","?","M","R","E","?","T","M","E","?","R","E","R","B",null,"M","$","?","?","$","R","M","$","T","R","?","B",null],"character_chosen":"IRONCLAD","items_purchased":["Tiny Chest","Lantern","Armaments","Calipers"],"campfire_rested":5,"item_purchase_floors":[11,11,11,36],"current_hp_per_floor":[74,75,75,75,52,58,58,45,45,26,26,40,53,52,52,50,69,48,54,54,54,60,75,57,57,64,54,57,57,81,62,82,39,71,48,48,58,58,58,82,82,82,82,82,82,19],"gold":117,"neow_bonus":"THREE_ENEMY_KILL","is_prod":false,"is_daily":false,"chose_seed":false,"campfire_upgraded":2,"win_rate":0,"timestamp":1553396773,"path_taken":["M","?","?","?","?","E","R","E","T","E","?","M","M","M","R","BOSS","M","M","$","?","M","R","E","?","T","M","E","?","R","E","R","BOSS","M","$","?","?","$","R","M","?","T","R","?","BOSS"],"build_version":"2019-01-23","purchased_purges":1,"victory":true,"max_hp_per_floor":[75,75,75,75,75,75,75,75,75,75,75,75,75,75,75,75,75,75,75,75,75,75,75,75,75,82,82,82,82,82,82,82,82,82,82,82,82,82,82,82,82,82,82,82,82,82],"card_choices":[{"not_picked":["Flex","Corruption"],"picked":"Carnage","floor":1},{"not_picked":["Battle Trance","Flex","Headbutt"],"picked":"SKIP","floor":2},{"not_picked":["Battle Trance","Flex"],"picked":"Headbutt","floor":2},{"not_picked":["Searing Blow","Fiend Fire"],"picked":"Spot Weakness","floor":6},{"not_picked":["Shockwave","True Grit"],"picked":"Body Slam","floor":8},{"not_picked":["Wild Strike","Thunderclap"],"picked":"Flame Barrier","floor":10},{"not_picked":["Anger","Spot Weakness"],"picked":"Immolate","floor":12},{"not_picked":["Iron Wave","Sword Boomerang"],"picked":"Armaments","floor":13},{"not_picked":["Wild Strike","Sever Soul"],"picked":"Dropkick","floor":14},{"not_picked":["Impervious","Juggernaut"],"picked":"Double Tap","floor":16},{"not_picked":["Pommel Strike","Sentinel","Flex"],"picked":"SKIP","floor":18},{"not_picked":["Blood for Blood","Flex"],"picked":"Heavy Blade+1","floor":19},{"not_picked":["Flex","Armaments","Thunderclap"],"picked":"SKIP","floor":22},{"not_picked":["Dropkick","Rupture"],"picked":"Metallicize","floor":23},{"not_picked":["Twin Strike+1","Second Wind","Juggernaut"],"picked":"SKIP","floor":24},{"not_picked":["Havoc","Twin Strike","Warcry"],"picked":"SKIP","floor":27},{"not_picked":["Flex","Sword Boomerang","Hemokinesis"],"picked":"SKIP","floor":28},{"not_picked":["Sword Boomerang","Pommel Strike"],"picked":"Shockwave+1","floor":31},{"not_picked":["Searing Blow","Rage"],"picked":"Uppercut","floor":32},{"not_picked":["Exhume","Juggernaut"],"picked":"Immolate","floor":33},{"not_picked":["Headbutt+1","Power Through","Wild Strike"],"picked":"SKIP","floor":35},{"not_picked":["Clothesline","Sword Boomerang"],"picked":"True Grit+1","floor":40},{"not_picked":["Clothesline","Clash+1","Fiend Fire"],"picked":"SKIP","floor":41},{"not_picked":["Shockwave","Pummel"],"picked":"Cleave","floor":44}],"player_experience":457936,"relics_obtained":[{"floor":6,"key":"Dream Catcher"},{"floor":8,"key":"Matryoshka"},{"floor":9,"key":"Meat on the Bone"},{"floor":9,"key":"Oddly Smooth Stone"},{"floor":10,"key":"Orichalcum"},{"floor":24,"key":"Pen Nib"},{"floor":26,"key":"Strawberry"},{"floor":26,"key":"Gambling Chip"},{"floor":28,"key":"Vajra"},{"floor":31,"key":"Centennial Puzzle"},{"floor":37,"key":"Champion Belt"},{"floor":43,"key":"Bag of Preparation"}],"event_choices":[{"damage_healed":0,"gold_gain":80,"player_choice":"Gained Gold","damage_taken":0,"max_hp_gain":0,"max_hp_loss":0,"event_name":"Golden Wing","floor":3,"gold_loss":0},{"damage_healed":0,"gold_gain":150,"player_choice":"AGREE","damage_taken":0,"max_hp_gain":0,"max_hp_loss":0,"event_name":"Liars Game","floor":4,"gold_loss":0,"cards_obtained":["Doubt"]},{"damage_healed":0,"gold_gain":0,"player_choice":"Entered Light","damage_taken":23,"max_hp_gain":0,"max_hp_loss":0,"event_name":"Shining Light","floor":5,"gold_loss":0,"cards_upgraded":["Bash","Defend_R"]},{"cards_removed":["Strike_R"],"damage_healed":0,"gold_gain":0,"player_choice":"Gave Gold","damage_taken":0,"max_hp_gain":0,"max_hp_loss":0,"event_name":"Beggar","floor":21,"gold_loss":75},{"damage_healed":0,"gold_gain":0,"player_choice":"Ignored","damage_taken":0,"max_hp_gain":0,"max_hp_loss":0,"event_name":"Vampires","floor":25,"gold_loss":0},{"damage_healed":0,"gold_gain":0,"player_choice":"Simplicity","damage_taken":0,"max_hp_gain":0,"max_hp_loss":0,"event_name":"Back to Basics","floor":29,"gold_loss":0,"cards_upgraded":["Strike_R","Strike_R","Strike_R","Strike_R","Defend_R","Defend_R","Defend_R"]},{"damage_healed":0,"gold_gain":0,"player_choice":"Fight","damage_taken":0,"max_hp_gain":0,"max_hp_loss":0,"event_name":"MindBloom","floor":37,"gold_loss":0},{"damage_healed":0,"gold_gain":0,"player_choice":"Ignored","damage_taken":0,"max_hp_gain":0,"max_hp_loss":0,"event_name":"Tomb of Lord Red Mask","floor":38,"gold_loss":0},{"damage_healed":0,"gold_gain":0,"player_choice":"Took Portal","damage_taken":0,"max_hp_gain":0,"max_hp_loss":0,"event_name":"SecretPortal","floor":45,"gold_loss":0}],"is_beta":false,"boss_relics":[{"not_picked":["Ectoplasm","Black Blood"],"picked":"Fusion Hammer"},{"not_picked":["Coffee Dripper","Snecko Eye"],"picked":"Runic Cube"}],"items_purged_floors":[11],"is_endless":false,"potions_floor_spawned":[2,6,10,12,13,22,33,35,37],"ascension_level":17}