{"gold_per_floor":[116,90,60,77,32,32,43,43,68,84,84,97,127,127,127,127],"floor_reached":16,"playtime":604,"items_purged":[],"score":175,"play_id":"0c1c270d-7e9f-419e-b3e1-7f3e768fb42c","local_time":"20190503004621","is_ascension_mode":true,"campfire_choices":[{"data":"Limit Break","floor":6,"key":"SMITH"},{"floor":11,"key":"REST"},{"data":"1","floor":15,"key":"LIFT"}],"neow_cost":"PERCENT_DAMAGE","seed_source_timestamp":535006629137981,"circlet_count":0,"master_deck":["AscendersBane","Strike_R","Strike_R","Strike_R","Strike_R","Strike_R","Defend_R","Defend_R","Defend_R","Defend_R","Bash","Power Through","Shrug It Off","Limit Break+1","Flex","Pummel","Flex","Flex","Parasite"],"relics":["Burning Blood","Ice Cream","Dream Catcher","Girya"],"potions_floor_usage":[7,10,16],"damage_taken":[{"damage":0,"enemies":"Small Slimes","floor":1,"turns":4},{"damage":5,"enemies":"Cultist","floor":4,"turns":5},{"damage":0,"enemies":"2 Louse","floor":7,"turns":2},{"damage":26,"enemies":"Large Slime","floor":10,"turns":10},{"damage":5,"enemies":"2 Fungi Beasts","floor":12,"turns":4},{"damage":62,"enemies":"3 Sentries","floor":13,"turns":15},{"damage":30,"enemies":"Hexaghost","floor":16,"turns":9}],"seed_played":"-2151609280370407933","potions_obtained":[{"floor":3,"key":"Fire Potion"},{"floor":3,"key":"SpeedPotion"},{"floor":7,"key":"AttackPotion"},{"floor":12,"key":"LiquidBronze"}],"is_trial":false,"path_per_floor":["M","$","?","M","$","R","M","$","T","M","R","M","E","?","R","B"],"character_chosen":"IRONCLAD","items_purchased":["Shrug It Off","Flex"],"campfire_rested":1,"item_purchase_floors":[2,5],"current_hp_per_floor":[56,56,56,57,57,57,63,63,63,43,65,66,10,28,28,0],"gold":127,"neow_bonus":"ONE_RARE_RELIC","is_prod":false,"is_daily":false,"chose_seed":false,"campfire_upgraded":1,"win_rate":0,"timestamp":1556869581,"path_taken":["M","$","?","M","$","R","M","$","T","?","R","M","E","?","R","BOSS"],"build_version":"2019-01-23","purchased_purges":0,"victory":false,"max_hp_per_floor":[75,75,75,75,75,75,75,75,75,75,75,75,75,75,75,75],"card_choices":[{"not_picked":["Clash","Armaments"],"picked":"Power Through","floor":1},{"not_picked":["Twin Strike","Pommel Strike"],"picked":"Limit Break","floor":4},{"not_picked":["Havoc","Body Slam","Sword Boomerang"],"picked":"SKIP","floor":7},{"not_picked":["Rage","Perfected Strike"],"picked":"Pummel","floor":10},{"not_picked":["Anger","Iron Wave"],"picked":"Flex","floor":11},{"not_picked":["Iron Wave","Wild Strike"],"picked":"Flex","floor":12},{"not_picked":["Feel No Pain","Pommel Strike","Body Slam"],"picked":"SKIP","floor":13}],"player_experience":869019,"relics_obtained":[{"floor":9,"key":"Dream Catcher"},{"floor":13,"key":"Girya"}],"event_choices":[{"damage_healed":0,"gold_gain":0,"player_choice":"Bought 2 Potions","damage_taken":0,"max_hp_gain":0,"max_hp_loss":0,"event_name":"The Woman in Blue","floor":3,"gold_loss":0},{"damage_healed":18,"gold_gain":0,"player_choice":"Healed and dodged fight","damage_taken":0,"max_hp_gain":0,"max_hp_loss":0,"event_name":"Mushrooms","floor":14,"gold_loss":0,"cards_obtained":["Parasite"]}],"is_beta":false,"boss_relics":[],"items_purged_floors":[],"is_endless":false,"potions_floor_spawned":[7,12,13],"killed_by":"Hexaghost","ascension_level":15}