{"gold_per_floor":[115,115,125,138,152,152,178,143,143,0,0,0,0,75,75,151,151,170,170,183,201,219,219,219,219,219,219,254,266,316,316,316,316],"floor_reached":33,"playtime":1126,"items_purged":[],"score":473,"play_id":"0f137bcf-02e8-4398-abb5-0c60810637dd","local_time":"20190601160824","is_ascension_mode":true,"campfire_choices":[{"data":"Doom and Gloom","floor":6,"key":"SMITH"},{"data":"White Noise","floor":13,"key":"SMITH"},{"floor":15,"key":"REST"},{"data":"Buffer","floor":23,"key":"SMITH"},{"floor":25,"key":"REST"},{"data":"Streamline","floor":27,"key":"SMITH"},{"floor":32,"key":"REST"}],"neow_cost":"NONE","seed_source_timestamp":2230152932680,"circlet_count":0,"master_deck":["AscendersBane","Strike_B+1","Strike_B","Defend_B","Defend_B","Defend_B","Zap","Dualcast+1","Streamline+1","Auto Shields","BootSequence","Doom and Gloom+1","Rip and Tear","White Noise+1","Buffer+1","Glacier","Hologram","Glacier","Conserve Battery","Hyperbeam","Undo"],"relics":["Cracked Core","Cables","Gremlin Horn","Sozu","Oddly Smooth Stone","Singing Bowl"],"potions_floor_usage":[7,16,22,33],"damage_taken":[{"damage":0,"enemies":"Cultist","floor":1,"turns":3},{"damage":16,"enemies":"Small Slimes","floor":3,"turns":3},{"damage":2,"enemies":"2 Louse","floor":4,"turns":3},{"damage":2,"enemies":"Large Slime","floor":5,"turns":5},{"damage":20,"enemies":"3 Sentries","floor":7,"turns":4},{"damage":3,"enemies":"The Guardian","floor":16,"turns":7},{"damage":9,"enemies":"Shell Parasite","floor":18,"turns":6},{"damage":20,"enemies":"3 Byrds","floor":20,"turns":5},{"damage":0,"enemies":"Snecko","floor":21,"turns":7},{"damage":5,"enemies":"Chosen and Byrds","floor":22,"turns":4},{"damage":10,"enemies":"Colosseum Slavers","floor":24,"turns":4},{"damage":4,"enemies":"Gremlin Leader","floor":28,"turns":6},{"damage":29,"enemies":"3 Cultists","floor":29,"turns":5},{"damage":60,"enemies":"Collector","floor":33,"turns":7}],"seed_played":"6742799392543439198","potions_obtained":[{"floor":0,"key":"Explosive Potion"},{"floor":0,"key":"EssenceOfSteel"},{"floor":3,"key":"FocusPotion"},{"floor":16,"key":"Strength Potion"}],"is_trial":false,"path_per_floor":["M","?","M","M","M","R","E","?","T","$","?","?","R","?","R","B",null,"M","?","M","M","M","R","?","R","T","R","E","M","?","?","R","B"],"character_chosen":"DEFECT","items_purchased":["White Noise","AttackPotion"],"campfire_rested":3,"item_purchase_floors":[10,10],"current_hp_per_floor":[64,64,48,46,44,44,24,41,41,41,64,43,43,32,53,50,66,57,57,37,37,32,32,22,43,43,43,39,12,12,12,33,0],"gold":316,"neow_bonus":"THREE_SMALL_POTIONS","is_prod":false,"is_daily":false,"chose_seed":false,"campfire_upgraded":4,"win_rate":0,"timestamp":1559430504,"path_taken":["M","?","?","M","M","R","E","?","T","$","?","?","R","?","R","BOSS","M","?","M","M","M","R","?","R","T","R","E","M","?","?","R","BOSS"],"build_version":"2019-01-23","purchased_purges":0,"victory":false,"max_hp_per_floor":[71,71,71,71,71,71,71,71,71,71,71,71,71,71,71,71,71,71,71,71,71,71,71,71,71,71,71,71,73,73,73,73,73],"card_choices":[{"not_picked":["Blizzard","Sweeping Beam"],"picked":"Streamline","floor":1},{"not_picked":["Go for the Eyes","Beam Cell"],"picked":"Auto Shields","floor":3},{"not_picked":["Barrage","Redo"],"picked":"BootSequence","floor":4},{"not_picked":["Rebound","Storm"],"picked":"Doom and Gloom","floor":5},{"not_picked":["Biased Cognition","Go for the Eyes"],"picked":"Rip and Tear","floor":7},{"not_picked":["Multi-Cast","All For One"],"picked":"Buffer","floor":16},{"not_picked":["Streamline","Hello World","Barrage"],"picked":"SKIP","floor":18},{"not_picked":["Gash","Turbo"],"picked":"Hologram","floor":20},{"not_picked":["Rebound","Cold Snap","Chill"],"picked":"SKIP","floor":21},{"not_picked":["Redo","Gash"],"picked":"Glacier","floor":22},{"not_picked":["Rip and Tear+1","Gash"],"picked":"Conserve Battery","floor":28},{"not_picked":["Hyperbeam","Sweeping Beam+1","Chill"],"picked":"Singing Bowl","floor":29}],"player_experience":931177,"relics_obtained":[{"floor":7,"key":"Cables"},{"floor":9,"key":"Gremlin Horn"},{"floor":26,"key":"Oddly Smooth Stone"},{"floor":28,"key":"Singing Bowl"}],"event_choices":[{"cards_removed":["Strike_B"],"damage_healed":0,"gold_gain":0,"player_choice":"Purged","damage_taken":0,"max_hp_gain":0,"max_hp_loss":0,"event_name":"Purifier","floor":2,"gold_loss":0},{"damage_healed":17,"gold_gain":0,"player_choice":"Healed","damage_taken":0,"max_hp_gain":0,"max_hp_loss":0,"event_name":"The Cleric","floor":8,"gold_loss":35},{"damage_healed":23,"gold_gain":0,"player_choice":"Banana","damage_taken":0,"max_hp_gain":0,"max_hp_loss":0,"event_name":"Big Fish","floor":11,"gold_loss":0},{"damage_healed":0,"gold_gain":0,"player_choice":"Entered Light","damage_taken":21,"max_hp_gain":0,"max_hp_loss":0,"event_name":"Shining Light","floor":12,"gold_loss":0,"cards_upgraded":["Strike_B","Dualcast"]},{"damage_healed":0,"gold_gain":75,"player_choice":"Gather Gold","damage_taken":11,"max_hp_gain":0,"max_hp_loss":0,"event_name":"World of Goop","floor":14,"gold_loss":0},{"damage_healed":0,"gold_gain":0,"player_choice":"Read","damage_taken":0,"max_hp_gain":0,"max_hp_loss":0,"event_name":"The Library","floor":19,"gold_loss":0,"cards_obtained":["Glacier"]},{"damage_healed":0,"gold_gain":0,"player_choice":"Fight","damage_taken":0,"max_hp_gain":0,"max_hp_loss":0,"event_name":"Colosseum","floor":24,"gold_loss":0},{"damage_healed":0,"gold_gain":0,"player_choice":"Fled From Nobs","damage_taken":0,"max_hp_gain":0,"max_hp_loss":0,"event_name":"Colosseum","floor":24,"gold_loss":0},{"damage_healed":0,"gold_gain":50,"player_choice":"Stole From Cult","damage_taken":0,"max_hp_gain":0,"max_hp_loss":0,"event_name":"Nest","floor":30,"gold_loss":0},{"damage_healed":0,"gold_gain":0,"cards_transformed":["Strike_B","Defend_B"],"player_choice":"Became Test Subject","damage_taken":0,"max_hp_gain":0,"max_hp_loss":0,"event_name":"Drug Dealer","floor":31,"gold_loss":0,"cards_obtained":["Hyperbeam","Undo"]}],"is_beta":false,"boss_relics":[{"not_picked":["Empty Cage","Astrolabe"],"picked":"Sozu"}],"items_purged_floors":[],"is_endless":false,"potions_floor_spawned":[3,4,16,21,24,28,29],"killed_by":"Collector","ascension_level":16}