{"gold_per_floor":[119,119,119,130,141,141,141,175,175,175,4,32,42,54,54,126,126,140,0,0,16,26,26,61,61,61,86,86,56,56],"floor_reached":30,"playtime":1212,"items_purged":[],"score":549,"play_id":"b41b4b7d-7695-4451-92c7-48c0665c15f8","local_time":"20190616230436","is_ascension_mode":true,"campfire_choices":[{"data":"Footwork","floor":6,"key":"SMITH"},{"data":"Skewer","floor":10,"key":"SMITH"},{"floor":15,"key":"REST"},{"floor":23,"key":"REST"},{"floor":25,"key":"REST"}],"neow_cost":"NONE","seed_source_timestamp":345588999894518,"circlet_count":0,"master_deck":["AscendersBane","Defend_G+1","Defend_G+1","Defend_G+1","Defend_G+1","Strike_G+1","Strike_G+1","Strike_G+1","Strike_G+1","Strike_G+1","Survivor","Neutralize","Footwork+1","Poisoned Stab","Backflip+1","Skewer+1","Bouncing Flask","Deflect","Dagger Throw","Burst","Escape Plan","Backflip+1","PiercingWail","Parasite","Riddle With Holes","Grand Finale","Quick Slash"],"relics":["Ring of the Snake","NeowsBlessing","FaceOfCleric","Pear","Sundial","War Paint","Lantern","Cursed Key","Ornamental Fan","Darkstone Periapt","Ancient Tea Set"],"potions_floor_usage":[8,12,16,24,30],"damage_taken":[{"damage":0,"enemies":"Small Slimes","floor":1,"turns":1},{"damage":0,"enemies":"Jaw Worm","floor":4,"turns":1},{"damage":0,"enemies":"Cultist","floor":5,"turns":1},{"damage":22,"enemies":"3 Sentries","floor":8,"turns":14},{"damage":20,"enemies":"Gremlin Nob","floor":12,"turns":4},{"damage":10,"enemies":"3 Louse","floor":13,"turns":4},{"damage":0,"enemies":"Red Slaver","floor":14,"turns":4},{"damage":1,"enemies":"The Guardian","floor":16,"turns":11},{"damage":4,"enemies":"Shell Parasite","floor":18,"turns":6},{"damage":7,"enemies":"Spheric Guardian","floor":21,"turns":6},{"damage":15,"enemies":"Shelled Parasite and Fungi","floor":22,"turns":8},{"damage":18,"enemies":"Book of Stabbing","floor":24,"turns":6},{"damage":68,"enemies":"Slavers","floor":27,"turns":12},{"damage":31,"enemies":"3 Cultists","floor":30,"turns":5}],"seed_played":"127561412934262117","potions_obtained":[{"floor":4,"key":"PowerPotion"},{"floor":8,"key":"SpeedPotion"},{"floor":12,"key":"LiquidBronze"},{"floor":13,"key":"Explosive Potion"},{"floor":27,"key":"SneckoOil"}],"is_trial":false,"path_per_floor":["M","?","?","M","M","R","?","E","T","R","$","E","M","M","R","B",null,"M","?","?","M","M","R","E","R","T","E","?","$","M"],"character_chosen":"THE_SILENT","items_purchased":["War Paint","Quick Slash"],"campfire_rested":3,"item_purchase_floors":[11,29],"current_hp_per_floor":[59,59,59,59,59,59,59,48,48,48,48,29,20,21,45,45,72,69,69,69,63,49,74,57,82,82,15,15,15,0],"gold":56,"neow_bonus":"THREE_ENEMY_KILL","is_prod":false,"is_daily":false,"chose_seed":false,"campfire_upgraded":2,"win_rate":0,"timestamp":1560751476,"path_taken":["M","?","?","M","?","R","?","E","T","R","$","E","M","?","R","BOSS","M","?","?","M","M","R","E","R","T","E","?","$","?"],"build_version":"2019-01-23","purchased_purges":0,"victory":false,"max_hp_per_floor":[66,66,66,66,66,66,66,77,77,77,77,78,79,80,80,81,81,82,82,82,83,84,84,85,85,85,86,86,86,86],"card_choices":[{"not_picked":["Quick Slash","Endless Agony"],"picked":"Footwork","floor":1},{"not_picked":["Heel Hook","Finisher"],"picked":"Poisoned Stab","floor":4},{"not_picked":["Well Laid Plans","Flechettes"],"picked":"Backflip","floor":5},{"not_picked":["Blade Dance","Terror"],"picked":"Skewer","floor":8},{"not_picked":["Quick Slash","Predator"],"picked":"Bouncing Flask","floor":12},{"not_picked":["Underhanded Strike","Crippling Poison"],"picked":"Deflect","floor":13},{"not_picked":["Crippling Poison","Quick Slash"],"picked":"Dagger Throw","floor":14},{"not_picked":["Malaise","Wraith Form v2"],"picked":"Burst","floor":16},{"not_picked":["Bouncing Flask","PiercingWail"],"picked":"Escape Plan","floor":18},{"not_picked":["Outmaneuver","PiercingWail"],"picked":"Backflip+1","floor":21},{"not_picked":["Quick Slash","Outmaneuver"],"picked":"PiercingWail","floor":22},{"not_picked":["Slice","Backflip+1"],"picked":"Escape Plan","floor":24},{"not_picked":["Setup","Slice"],"picked":"Terror","floor":27}],"player_experience":1027297,"relics_obtained":[{"floor":8,"key":"Pear"},{"floor":9,"key":"Sundial"},{"floor":12,"key":"Lantern"},{"floor":24,"key":"Ornamental Fan"},{"floor":26,"key":"Darkstone Periapt"},{"floor":27,"key":"Ancient Tea Set"}],"event_choices":[{"damage_healed":0,"gold_gain":0,"player_choice":"Ignored","damage_taken":0,"max_hp_gain":0,"max_hp_loss":0,"event_name":"Golden Wing","floor":2,"gold_loss":0},{"cards_removed":["Defend_G"],"damage_healed":0,"gold_gain":0,"player_choice":"Purged","damage_taken":0,"max_hp_gain":0,"max_hp_loss":0,"event_name":"Purifier","floor":3,"gold_loss":0},{"damage_healed":0,"gold_gain":0,"player_choice":"Trade","damage_taken":0,"relics_obtained":["FaceOfCleric"],"max_hp_gain":0,"max_hp_loss":0,"event_name":"FaceTrader","floor":7,"gold_loss":0},{"damage_healed":0,"gold_gain":0,"player_choice":"Paid Fearfully","damage_taken":0,"max_hp_gain":0,"max_hp_loss":0,"event_name":"Masked Bandits","floor":19,"gold_loss":140},{"damage_healed":0,"gold_gain":0,"player_choice":"Simplicity","damage_taken":0,"max_hp_gain":0,"max_hp_loss":0,"event_name":"Back to Basics","floor":20,"gold_loss":0,"cards_upgraded":["Defend_G","Defend_G","Defend_G","Strike_G","Strike_G","Strike_G","Strike_G","Strike_G"]},{"damage_healed":0,"gold_gain":0,"cards_transformed":["Escape Plan","Terror"],"player_choice":"Became Test Subject","damage_taken":0,"max_hp_gain":0,"max_hp_loss":0,"event_name":"Drug Dealer","floor":28,"gold_loss":0,"cards_obtained":["Riddle With Holes","Grand Finale"]}],"is_beta":false,"boss_relics":[{"not_picked":["HoveringKite","WristBlade"],"picked":"Cursed Key"}],"items_purged_floors":[],"is_endless":false,"potions_floor_spawned":[4,8,12,13,14,27],"killed_by":"3 Cultists","ascension_level":18}