{"gold_per_floor":[111,36,48,67,77,110,110,145,172,172,192,225,225,241,241,346,346,363,398,76,76,95,120,132,154,193,223,250,279,307,319,331,343],"floor_reached":33,"playtime":1216,"items_purged":["Doubt"],"score":529,"play_id":"49534ad2-5f2e-4daf-9aa7-73ceb12d0dc3","local_time":"20190312220310","is_ascension_mode":true,"campfire_choices":[{"data":"Double Tap","floor":7,"key":"SMITH"},{"floor":10,"key":"REST"},{"data":"Immolate","floor":13,"key":"SMITH"},{"data":"Rampage","floor":15,"key":"SMITH"},{"floor":32,"key":"REST"}],"neow_cost":"CURSE","seed_source_timestamp":2165885423277675,"circlet_count":0,"master_deck":["AscendersBane","Strike_R","Strike_R","Strike_R+1","Strike_R","Strike_R","Defend_R","Defend_R","Defend_R","Defend_R","Bash+1","Double Tap+1","Rage","Thunderclap","Dropkick","Intimidate","Clash","Immolate+1","Rampage+1","Offering","Perfected Strike+1","Metallicize","Spot Weakness+1","Headbutt","Carnage+1","Flame Barrier+1","Inflame+1","Disarm+1","Infernal Blade+1"],"relics":["Burning Blood","Mercury Hourglass","Whetstone","Centennial Puzzle","Anchor","Fusion Hammer","Toxic Egg 2","MawBank","Nloth\u0027s Gift","Boot"],"potions_floor_usage":[6,12,16,16,33,33,33,33],"damage_taken":[{"damage":6,"enemies":"Cultist","floor":1,"turns":3},{"damage":0,"enemies":"Small Slimes","floor":3,"turns":3},{"damage":3,"enemies":"Jaw Worm","floor":4,"turns":3},{"damage":15,"enemies":"2 Fungi Beasts","floor":5,"turns":5},{"damage":46,"enemies":"Gremlin Nob","floor":6,"turns":5},{"damage":19,"enemies":"3 Sentries","floor":8,"turns":6},{"damage":10,"enemies":"Red Slaver","floor":11,"turns":3},{"damage":0,"enemies":"Gremlin Nob","floor":12,"turns":2},{"damage":0,"enemies":"Gremlin Gang","floor":14,"turns":3},{"damage":24,"enemies":"Slime Boss","floor":16,"turns":5},{"damage":6,"enemies":"Spheric Guardian","floor":18,"turns":2},{"damage":0,"enemies":"Masked Bandits","floor":19,"turns":2},{"damage":6,"enemies":"Shell Parasite","floor":22,"turns":2},{"damage":6,"enemies":"Slavers","floor":23,"turns":2},{"damage":1,"enemies":"Cultist and Chosen","floor":25,"turns":4},{"damage":6,"enemies":"Chosen and Byrds","floor":27,"turns":2},{"damage":2,"enemies":"Shelled Parasite and Fungi","floor":28,"turns":2},{"damage":12,"enemies":"Snecko","floor":29,"turns":4},{"damage":6,"enemies":"Chosen and Byrds","floor":30,"turns":3},{"damage":100,"enemies":"Automaton","floor":33,"turns":6}],"seed_played":"8697688432208739251","potions_obtained":[{"floor":5,"key":"Swift Potion"},{"floor":6,"key":"FearPotion"},{"floor":11,"key":"Dexterity Potion"},{"floor":12,"key":"LiquidBronze"},{"floor":18,"key":"SkillPotion"},{"floor":22,"key":"EntropicBrew"}],"is_trial":false,"path_per_floor":["M","$","M","M","M","E","R","E","T","R","M","E","R","M","R","B",null,"M","?","$","?","M","E","?","M","T","M","M","M","M","?","R","B"],"character_chosen":"IRONCLAD","items_purchased":["Toxic Egg 2","Spot Weakness+1"],"campfire_rested":2,"item_purchase_floors":[20,20],"current_hp_per_floor":[72,72,78,80,71,31,31,18,18,42,38,44,44,50,50,32,68,68,74,74,74,74,74,74,79,79,79,80,74,74,74,80,0],"gold":343,"neow_bonus":"THREE_RARE_CARDS","is_prod":false,"is_daily":false,"chose_seed":false,"campfire_upgraded":3,"win_rate":0,"timestamp":1552442590,"path_taken":["M","$","?","M","M","E","R","E","T","R","?","E","R","M","R","BOSS","M","?","$","?","M","E","?","M","T","?","M","?","M","?","R","BOSS"],"build_version":"2019-01-23","purchased_purges":1,"victory":false,"max_hp_per_floor":[80,80,80,80,80,80,80,80,80,80,80,80,80,80,80,80,80,80,80,80,80,80,80,80,80,80,80,80,80,80,80,80,80],"card_choices":[{"not_picked":["Feed","Berserk"],"picked":"Double Tap","floor":0},{"not_picked":["Havoc","Anger"],"picked":"Rage","floor":1},{"not_picked":["Searing Blow","Clash","Anger"],"picked":"SKIP","floor":3},{"not_picked":["Shrug It Off","True Grit"],"picked":"Thunderclap","floor":4},{"not_picked":["Bloodletting","Anger","Feel No Pain"],"picked":"SKIP","floor":5},{"not_picked":["Pummel","Flex"],"picked":"Dropkick","floor":6},{"not_picked":["Infernal Blade","Searing Blow"],"picked":"Intimidate","floor":8},{"not_picked":["Power Through","Perfected Strike"],"picked":"Clash","floor":11},{"not_picked":["Blood for Blood","Thunderclap"],"picked":"Immolate","floor":12},{"not_picked":["Corruption","Wild Strike"],"picked":"Rampage","floor":14},{"not_picked":["Dark Embrace","Juggernaut"],"picked":"Offering","floor":16},{"not_picked":["Pummel","Anger"],"picked":"Perfected Strike+1","floor":18},{"not_picked":["Pummel","Havoc"],"picked":"Metallicize","floor":19},{"not_picked":["Reckless Charge","Pommel Strike"],"picked":"Headbutt","floor":22},{"not_picked":["Whirlwind+1","Searing Blow"],"picked":"Carnage+1","floor":23},{"not_picked":["Blood for Blood","Iron Wave"],"picked":"Flame Barrier+1","floor":25},{"not_picked":["Infernal Blade+1","Headbutt"],"picked":"Inflame+1","floor":27},{"not_picked":["Heavy Blade+1","Headbutt+1","Wild Strike"],"picked":"SKIP","floor":28},{"not_picked":["True Grit+1","Iron Wave"],"picked":"Disarm+1","floor":29},{"not_picked":["Wild Strike","Berserk"],"picked":"Infernal Blade+1","floor":30}],"player_experience":367301,"relics_obtained":[{"floor":6,"key":"Mercury Hourglass"},{"floor":8,"key":"Whetstone"},{"floor":9,"key":"Centennial Puzzle"},{"floor":12,"key":"Anchor"},{"floor":19,"key":"Red Mask"},{"floor":23,"key":"MawBank"},{"floor":26,"key":"Boot"}],"event_choices":[{"damage_healed":0,"gold_gain":0,"player_choice":"Fought Bandits","damage_taken":0,"max_hp_gain":0,"max_hp_loss":0,"event_name":"Masked Bandits","floor":19,"gold_loss":0},{"damage_healed":0,"gold_gain":0,"player_choice":"Traded Relic","damage_taken":0,"relics_obtained":["Nloth\u0027s Gift"],"max_hp_gain":0,"max_hp_loss":0,"event_name":"N\u0027loth","floor":24,"relics_lost":["Red Mask"],"gold_loss":0},{"damage_healed":0,"gold_gain":0,"player_choice":"Ignored","damage_taken":0,"max_hp_gain":0,"max_hp_loss":0,"event_name":"Vampires","floor":31,"gold_loss":0}],"is_beta":false,"boss_relics":[{"not_picked":["Calling Bell","Coffee Dripper"],"picked":"Fusion Hammer"}],"items_purged_floors":[2],"is_endless":false,"potions_floor_spawned":[5,6,11,12,18,22,23,29],"killed_by":"Automaton","ascension_level":11}