{"gold_per_floor":[119,269,279,354,354,387,387,404,404,438,403,437,11,11,11,11],"floor_reached":16,"playtime":426,"items_purged":["Doubt"],"score":272,"play_id":"b8d0402c-7f43-4d92-9019-2396c9c07ed0","local_time":"20190617213747","is_ascension_mode":true,"campfire_choices":[{"data":"Noxious Fumes","floor":7,"key":"SMITH"},{"floor":15,"key":"REST"}],"neow_cost":"NONE","seed_source_timestamp":427574419620014,"circlet_count":0,"master_deck":["AscendersBane","Defend_G","Defend_G","Defend_G","Defend_G","Defend_G","Strike_G","Strike_G","Strike_G","Strike_G","Strike_G","Survivor","Neutralize","Poisoned Stab","Noxious Fumes+1","Tactician","Leg Sweep","Dagger Throw","A Thousand Cuts","Footwork","Catalyst"],"relics":["Ring of the Snake","NeowsBlessing","Shuriken","Prayer Wheel","Bronze Scales","Singing Bowl","ClockworkSouvenir"],"potions_floor_usage":[10,12,14],"damage_taken":[{"damage":0,"enemies":"Small Slimes","floor":1,"turns":1},{"damage":0,"enemies":"2 Louse","floor":3,"turns":1},{"damage":0,"enemies":"Lagavulin","floor":6,"turns":1},{"damage":2,"enemies":"Jaw Worm","floor":8,"turns":5},{"damage":20,"enemies":"3 Sentries","floor":10,"turns":7},{"damage":40,"enemies":"Gremlin Nob","floor":12,"turns":6},{"damage":0,"enemies":"Blue Slaver","floor":14,"turns":3},{"damage":31,"enemies":"Slime Boss","floor":16,"turns":3}],"seed_played":"-6728758515128719639","potions_obtained":[{"floor":3,"key":"Energy Potion"},{"floor":8,"key":"Weak Potion"},{"floor":12,"key":"SmokeBomb"}],"is_trial":false,"path_per_floor":["M","?","M","?","?","E","R","M","T","E","?","E","$","M","R","B"],"character_chosen":"THE_SILENT","items_purchased":["Footwork","Catalyst","ClockworkSouvenir"],"campfire_rested":1,"item_purchase_floors":[13,13,13],"current_hp_per_floor":[59,59,59,48,48,48,48,46,46,26,42,2,2,2,21,0],"gold":11,"neow_bonus":"THREE_ENEMY_KILL","is_prod":false,"is_daily":false,"chose_seed":false,"campfire_upgraded":1,"win_rate":0,"timestamp":1560832667,"path_taken":["M","?","M","?","?","E","R","M","T","E","?","E","$","?","R","BOSS"],"build_version":"2019-01-23","purchased_purges":1,"victory":false,"max_hp_per_floor":[66,66,66,66,66,66,66,66,66,66,66,66,66,66,66,66],"card_choices":[{"not_picked":["Flying Knee","Outmaneuver"],"picked":"Poisoned Stab","floor":1},{"not_picked":["PiercingWail","Masterful Stab"],"picked":"Noxious Fumes","floor":3},{"not_picked":["Dodge and Roll","Deflect"],"picked":"Tactician","floor":6},{"not_picked":["Dodge and Roll","Eviscerate"],"picked":"Leg Sweep","floor":8},{"not_picked":["Concentrate","Outmaneuver"],"picked":"Dagger Throw","floor":10},{"not_picked":["Escape Plan","Calculated Gamble"],"picked":"A Thousand Cuts","floor":12}],"player_experience":1028672,"relics_obtained":[{"floor":6,"key":"Shuriken"},{"floor":9,"key":"Prayer Wheel"},{"floor":10,"key":"Bronze Scales"},{"floor":12,"key":"Singing Bowl"}],"event_choices":[{"damage_healed":0,"gold_gain":150,"player_choice":"AGREE","damage_taken":0,"max_hp_gain":0,"max_hp_loss":0,"event_name":"Liars Game","floor":2,"gold_loss":0,"cards_obtained":["Doubt"]},{"damage_healed":0,"gold_gain":75,"player_choice":"Gather Gold","damage_taken":11,"max_hp_gain":0,"max_hp_loss":0,"event_name":"World of Goop","floor":4,"gold_loss":0},{"damage_healed":0,"gold_gain":0,"player_choice":"Ignored","damage_taken":0,"max_hp_gain":0,"max_hp_loss":0,"event_name":"Shining Light","floor":5,"gold_loss":0},{"damage_healed":16,"gold_gain":0,"player_choice":"Healed","damage_taken":0,"max_hp_gain":0,"max_hp_loss":0,"event_name":"The Cleric","floor":11,"gold_loss":35}],"is_beta":false,"boss_relics":[],"items_purged_floors":[13],"is_endless":false,"potions_floor_spawned":[3,8,12],"killed_by":"Slime Boss","ascension_level":18}