{"gold_per_floor":[117,130,145,159,170,170,225,184,237,264,264,264,281,299,299,397,397,411,428,447,466,466,466,482,510,510,510,521,197,271,297,297,401,401,419,445,461,480,500,500,512,136,136,136,153,375,375,400,400,400],"floor_reached":50,"playtime":3980,"items_purged":["Strike_R+1","Defend_R+1"],"score":523,"play_id":"c18f9d34-ac69-4a1d-8403-c9e5b8aca8a6","local_time":"20190505191745","is_ascension_mode":false,"campfire_choices":[{"data":"Infernal Blade","floor":6,"key":"SMITH"},{"floor":12,"key":"REST"},{"data":"Pommel Strike","floor":15,"key":"SMITH"},{"floor":23,"key":"REST"},{"data":"Exhume","floor":27,"key":"SMITH"},{"data":"Rampage","floor":32,"key":"SMITH"},{"data":"Rampage","floor":40,"key":"SMITH"},{"floor":44,"key":"REST"},{"floor":47,"key":"REST"},{"floor":49,"key":"REST"}],"neow_cost":"TEN_PERCENT_HP_LOSS","seed_source_timestamp":637257189546091,"circlet_count":0,"master_deck":["Strike_R+1","Strike_R+1","Strike_R+1","Defend_R+1","Defend_R+1","Bash","Infernal Blade+1","Pommel Strike","Anger","Pommel Strike","Pommel Strike+1","Carnage","Exhume+1","Rampage+1","Ghostly Armor","Anger+1","Perfected Strike+1","Rampage+1","Anger","Clash","Impervious","Headbutt","Blood for Blood+1","Reckless Charge+1","Rampage","Second Wind+1","Cleave+1"],"relics":["Burning Blood","Torii","Tiny Chest","Oddly Smooth Stone","Odd Mushroom","Velvet Choker","Red Mask","Centennial Puzzle","TheAbacus","Shuriken","Paper Frog","Empty Cage","Vajra","HandDrill","Gremlin Horn","PreservedInsect"],"potions_floor_usage":[7,7,16,20,21,24,33,35,41,48,50,50],"damage_taken":[{"damage":1,"enemies":"Small Slimes","floor":1,"turns":4},{"damage":0,"enemies":"2 Louse","floor":2,"turns":2},{"damage":6,"enemies":"Jaw Worm","floor":3,"turns":3},{"damage":0,"enemies":"Large Slime","floor":4,"turns":4},{"damage":12,"enemies":"Exordium Wildlife","floor":5,"turns":3},{"damage":13,"enemies":"Lagavulin","floor":7,"turns":5},{"damage":18,"enemies":"The Mushroom Lair","floor":10,"turns":3},{"damage":1,"enemies":"Exordium Thugs","floor":13,"turns":3},{"damage":1,"enemies":"Blue Slaver","floor":14,"turns":3},{"damage":32,"enemies":"Hexaghost","floor":16,"turns":11},{"damage":20,"enemies":"3 Byrds","floor":18,"turns":5},{"damage":0,"enemies":"Chosen","floor":19,"turns":3},{"damage":30,"enemies":"Snake Plant","floor":20,"turns":3},{"damage":12,"enemies":"Chosen and Byrds","floor":21,"turns":5},{"damage":11,"enemies":"3 Cultists","floor":24,"turns":5},{"damage":7,"enemies":"Masked Bandits","floor":25,"turns":5},{"damage":0,"enemies":"Snecko","floor":28,"turns":4},{"damage":3,"enemies":"Gremlin Leader","floor":31,"turns":5},{"damage":16,"enemies":"Champ","floor":33,"turns":7},{"damage":17,"enemies":"3 Darklings","floor":35,"turns":5},{"damage":6,"enemies":"3 Shapes","floor":37,"turns":3},{"damage":17,"enemies":"3 Darklings","floor":38,"turns":4},{"damage":0,"enemies":"Transient","floor":39,"turns":5},{"damage":27,"enemies":"Jaw Worm Horde","floor":41,"turns":4},{"damage":19,"enemies":"3 Darklings","floor":45,"turns":5},{"damage":32,"enemies":"Giant Head","floor":48,"turns":8},{"damage":66,"enemies":"Time Eater","floor":50,"turns":8}],"seed_played":"-8630468887325411288","potions_obtained":[{"floor":2,"key":"Swift Potion"},{"floor":3,"key":"Block Potion"},{"floor":4,"key":"Weak Potion"},{"floor":13,"key":"Block Potion"},{"floor":19,"key":"Strength Potion"},{"floor":20,"key":"Block Potion"},{"floor":21,"key":"Regen Potion"},{"floor":31,"key":"Fire Potion"},{"floor":33,"key":"EssenceOfSteel"},{"floor":38,"key":"SteroidPotion"},{"floor":39,"key":"SkillPotion"},{"floor":41,"key":"Weak Potion"}],"is_trial":false,"path_per_floor":["M","M","M","M","M","R","E","?","T","?","?","R","M","M","R","B",null,"M","M","M","M","?","R","M","?","T","R","M","$","T","E","R","B",null,"M","T","M","M","M","R","M","$","T","R","M","?","R","E","R","B"],"character_chosen":"IRONCLAD","items_purchased":["Anger","TheAbacus","Rampage","HandDrill"],"campfire_rested":5,"item_purchase_floors":[29,29,42,42],"current_hp_per_floor":[72,72,72,72,66,66,59,59,59,47,47,68,72,72,72,46,72,58,64,40,34,34,55,62,61,61,61,67,67,67,70,70,60,72,61,61,61,50,56,56,35,35,35,56,43,43,64,38,59,0],"gold":400,"neow_bonus":"ONE_RARE_RELIC","is_prod":false,"is_daily":false,"chose_seed":false,"campfire_upgraded":5,"win_rate":0,"timestamp":1557109065,"path_taken":["M","M","M","M","M","R","E","?","T","?","?","R","M","M","R","BOSS","M","M","M","M","?","R","M","?","T","R","M","$","?","E","R","BOSS","M","?","M","M","M","R","M","$","T","R","M","?","R","E","R","BOSS"],"build_version":"2019-01-23","purchased_purges":2,"victory":false,"max_hp_per_floor":[72,72,72,72,72,72,72,72,72,72,72,72,72,72,72,72,72,72,72,72,72,72,72,72,72,72,72,72,72,72,72,72,72,72,72,72,72,72,72,72,72,72,72,72,72,72,72,72,72,72],"card_choices":[{"not_picked":["Body Slam","Intimidate"],"picked":"Infernal Blade","floor":1},{"not_picked":["Armaments","Twin Strike"],"picked":"Pommel Strike","floor":2},{"not_picked":["Wild Strike","Thunderclap"],"picked":"Anger","floor":3},{"not_picked":["Limit Break","Sever Soul"],"picked":"Pommel Strike","floor":4},{"not_picked":["Headbutt","Flex"],"picked":"Pommel Strike","floor":5},{"not_picked":["Twin Strike","Evolve"],"picked":"Carnage","floor":7},{"not_picked":["Wild Strike","Armaments","Pummel"],"picked":"SKIP","floor":13},{"not_picked":["Evolve","Corruption","Havoc"],"picked":"SKIP","floor":14},{"not_picked":["Barricade","Double Tap"],"picked":"Exhume","floor":16},{"not_picked":["Ghostly Armor+1","Infernal Blade"],"picked":"Rampage","floor":18},{"not_picked":["Body Slam","Pommel Strike","Sword Boomerang+1"],"picked":"SKIP","floor":19},{"not_picked":["Anger+1","Rage+1"],"picked":"Ghostly Armor","floor":20},{"not_picked":["Twin Strike+1","Havoc+1"],"picked":"Anger+1","floor":21},{"not_picked":["Carnage","Dropkick+1"],"picked":"Perfected Strike+1","floor":24},{"not_picked":["Flex+1","Infernal Blade"],"picked":"Rampage","floor":25},{"not_picked":["Sword Boomerang","Inflame","Berserk"],"picked":"SKIP","floor":28},{"not_picked":["Disarm","Metallicize"],"picked":"Clash","floor":31},{"not_picked":["Berserk","Reaper"],"picked":"Impervious","floor":33},{"not_picked":["Evolve+1","Havoc+1"],"picked":"Headbutt","floor":35},{"not_picked":["Anger+1","Pommel Strike","Juggernaut"],"picked":"SKIP","floor":37},{"not_picked":["Havoc","Sever Soul","Headbutt"],"picked":"SKIP","floor":38},{"not_picked":["Warcry","Havoc"],"picked":"Blood for Blood+1","floor":39},{"not_picked":["Armaments","Flame Barrier"],"picked":"Reckless Charge+1","floor":41},{"not_picked":["Headbutt","Second Wind+1","Clash+1"],"picked":"SKIP","floor":45},{"not_picked":["Headbutt","Clash+1"],"picked":"Second Wind+1","floor":45},{"not_picked":["Hemokinesis+1","Fire Breathing+1"],"picked":"Cleave+1","floor":48}],"player_experience":113665,"relics_obtained":[{"floor":7,"key":"Tiny Chest"},{"floor":9,"key":"Oddly Smooth Stone"},{"floor":10,"key":"Odd Mushroom"},{"floor":25,"key":"Red Mask"},{"floor":26,"key":"Centennial Puzzle"},{"floor":30,"key":"Shuriken"},{"floor":31,"key":"Paper Frog"},{"floor":36,"key":"Vajra"},{"floor":43,"key":"Gremlin Horn"},{"floor":48,"key":"PreservedInsect"}],"event_choices":[{"damage_healed":0,"gold_gain":0,"player_choice":"Left Gold","damage_taken":0,"max_hp_gain":0,"max_hp_loss":0,"event_name":"World of Goop","floor":8,"gold_loss":41},{"damage_healed":0,"gold_gain":0,"player_choice":"Fought Mushrooms","damage_taken":0,"max_hp_gain":0,"max_hp_loss":0,"event_name":"Mushrooms","floor":10,"gold_loss":0},{"damage_healed":0,"gold_gain":0,"player_choice":"Ignored","damage_taken":0,"max_hp_gain":0,"max_hp_loss":0,"event_name":"Liars Game","floor":11,"gold_loss":0},{"damage_healed":0,"gold_gain":0,"player_choice":"Simplicity","damage_taken":0,"max_hp_gain":0,"max_hp_loss":0,"event_name":"Back to Basics","floor":22,"gold_loss":0,"cards_upgraded":["Strike_R","Strike_R","Strike_R","Strike_R","Strike_R","Defend_R","Defend_R","Defend_R","Defend_R"]},{"damage_healed":0,"gold_gain":0,"player_choice":"Fought Bandits","damage_taken":0,"max_hp_gain":0,"max_hp_loss":0,"event_name":"Masked Bandits","floor":25,"gold_loss":0},{"damage_healed":0,"gold_gain":222,"player_choice":"Wore Mask","damage_taken":0,"max_hp_gain":0,"max_hp_loss":0,"event_name":"Tomb of Lord Red Mask","floor":46,"gold_loss":0}],"is_beta":false,"boss_relics":[{"not_picked":["Calling Bell","Coffee Dripper"],"picked":"Velvet Choker"},{"not_picked":["Black Star","Astrolabe"],"picked":"Empty Cage"}],"items_purged_floors":[29,42],"is_endless":false,"potions_floor_spawned":[2,3,4,13,19,20,21,31,33,38,39,41],"killed_by":"Time Eater","ascension_level":0}