{"gold_per_floor":[111,111,111,121,139,139,166,177,203,219,250,299,23,40,40,136,136,156,168,93,193,116,116,181,181,181,181,213,239,254,254],"floor_reached":31,"playtime":1630,"items_purged":["Bash"],"score":361,"play_id":"220b4039-77e6-464b-bb8f-fd7012a844b7","local_time":"20190603221357","is_ascension_mode":true,"campfire_choices":[{"data":"Flex","floor":6,"key":"SMITH"},{"data":"Pommel Strike","floor":15,"key":"SMITH"},{"floor":23,"key":"REST"}],"neow_cost":"NONE","seed_source_timestamp":698031438725212,"circlet_count":0,"master_deck":["Strike_R+1","Strike_R+1","Strike_R+1","Strike_R+1","Defend_R+1","Defend_R+1","Defend_R+1","Defend_R+1","Feed","Pommel Strike+1","Twin Strike","Flex+1","Combust","Immolate","Warcry","Evolve","Second Wind","Reaper","Feed","Immolate","True Grit","Flex+1","Blood for Blood","Double Tap","Blood for Blood","Warcry+1"],"relics":["Burning Blood","Strawberry","Pen Nib","Bronze Scales","Frozen Egg 2","Blood Vial","DollysMirror","Calipers","Mummified Hand","Tiny Chest","Bird Faced Urn","Paper Frog","Singing Bowl","Red Mask"],"potions_floor_usage":[7,16,16,16,21,30,31,31],"damage_taken":[{"damage":12,"enemies":"Jaw Worm","floor":1,"turns":4},{"damage":2,"enemies":"Small Slimes","floor":4,"turns":3},{"damage":0,"enemies":"Cultist","floor":5,"turns":2},{"damage":26,"enemies":"Lagavulin","floor":7,"turns":5},{"damage":0,"enemies":"Exordium Thugs","floor":8,"turns":3},{"damage":6,"enemies":"Blue Slaver","floor":10,"turns":3},{"damage":14,"enemies":"Gremlin Nob","floor":11,"turns":3},{"damage":0,"enemies":"3 Louse","floor":14,"turns":1},{"damage":63,"enemies":"Hexaghost","floor":16,"turns":9},{"damage":16,"enemies":"Chosen","floor":18,"turns":4},{"damage":28,"enemies":"Spheric Guardian","floor":19,"turns":4},{"damage":35,"enemies":"Colosseum Slavers","floor":21,"turns":3},{"damage":36,"enemies":"Colosseum Nobs","floor":21,"turns":5},{"damage":24,"enemies":"Gremlin Leader","floor":24,"turns":5},{"damage":58,"enemies":"Slavers","floor":28,"turns":3},{"damage":32,"enemies":"Masked Bandits","floor":29,"turns":4},{"damage":22,"enemies":"Shelled Parasite and Fungi","floor":30,"turns":3},{"damage":23,"enemies":"3 Cultists","floor":31,"turns":3}],"seed_played":"1346812291484464761","potions_obtained":[{"floor":4,"key":"Regen Potion"},{"floor":7,"key":"BloodPotion"},{"floor":10,"key":"Fire Potion"},{"floor":14,"key":"SkillPotion"},{"floor":16,"key":"Strength Potion"},{"floor":21,"key":"Ancient Potion"},{"floor":29,"key":"Energy Potion"},{"floor":30,"key":"GamblersBrew"}],"is_trial":false,"path_per_floor":["M","?","?","M","M","R","E","M","T","M","E","T","$","M","R","B",null,"M","M","$","?","$","R","E","?","T","T","E","?","M","M"],"character_chosen":"IRONCLAD","items_purchased":["Reaper","DollysMirror","Double Tap"],"campfire_rested":1,"item_purchase_floors":[13,13,22],"current_hp_per_floor":[77,77,77,84,90,90,79,85,85,85,77,77,77,88,88,46,96,90,73,73,44,44,75,62,62,62,62,41,22,13,0],"gold":254,"neow_bonus":"ONE_RANDOM_RARE_CARD","is_prod":false,"is_daily":false,"chose_seed":false,"campfire_upgraded":2,"win_rate":0,"timestamp":1559625237,"path_taken":["M","?","?","M","M","R","E","M","T","?","E","?","$","M","R","BOSS","M","M","$","?","$","R","E","?","T","?","E","?","?","M"],"build_version":"2019-01-23","purchased_purges":1,"victory":false,"max_hp_per_floor":[83,90,90,93,93,93,93,93,93,93,93,93,93,96,96,96,96,96,99,99,105,105,105,108,108,108,108,113,116,121,124],"card_choices":[{"not_picked":["Body Slam","Anger"],"picked":"Pommel Strike","floor":1},{"not_picked":["Anger","Fire Breathing"],"picked":"Flex","floor":4},{"not_picked":["Clothesline","Searing Blow"],"picked":"Combust","floor":5},{"not_picked":["Clash","Uppercut"],"picked":"Immolate","floor":7},{"not_picked":["Clash","Flex"],"picked":"Warcry","floor":8},{"not_picked":["Cleave","Spot Weakness"],"picked":"Evolve","floor":10},{"not_picked":["Hemokinesis","Intimidate"],"picked":"Second Wind","floor":11},{"not_picked":["Uppercut","Sword Boomerang","Flex"],"picked":"SKIP","floor":14},{"not_picked":["Barricade+1","Feed"],"picked":"Immolate","floor":16},{"not_picked":["Flex","Iron Wave"],"picked":"True Grit","floor":18},{"not_picked":["Thunderclap","Heavy Blade+1"],"picked":"Flex+1","floor":19},{"not_picked":["Wild Strike","Feed"],"picked":"Blood for Blood","floor":21},{"not_picked":["Headbutt","Disarm"],"picked":"Blood for Blood","floor":24},{"not_picked":["Metallicize+1","Perfected Strike","Rage+1"],"picked":"Singing Bowl","floor":28},{"not_picked":["Perfected Strike","Shockwave"],"picked":"Warcry+1","floor":29},{"not_picked":["Sword Boomerang","Havoc","Anger"],"picked":"Singing Bowl","floor":30}],"player_experience":290523,"relics_obtained":[{"floor":7,"key":"Pen Nib"},{"floor":9,"key":"Bronze Scales"},{"floor":11,"key":"Frozen Egg 2"},{"floor":12,"key":"Blood Vial"},{"floor":21,"key":"Calipers"},{"floor":21,"key":"Mummified Hand"},{"floor":24,"key":"Tiny Chest"},{"floor":26,"key":"Bird Faced Urn"},{"floor":27,"key":"Paper Frog"},{"floor":28,"key":"Singing Bowl"},{"floor":29,"key":"Red Mask"}],"event_choices":[{"damage_healed":0,"gold_gain":0,"player_choice":"Success","damage_taken":7,"relics_obtained":["Strawberry"],"max_hp_gain":0,"max_hp_loss":0,"event_name":"Scrap Ooze","floor":2,"gold_loss":0},{"damage_healed":0,"gold_gain":0,"cards_transformed":["Strike_R"],"player_choice":"Transformed","damage_taken":0,"max_hp_gain":0,"max_hp_loss":0,"event_name":"Transmorgrifier","floor":3,"gold_loss":0,"cards_obtained":["Twin Strike"]},{"damage_healed":0,"gold_gain":0,"player_choice":"Fight","damage_taken":0,"max_hp_gain":0,"max_hp_loss":0,"event_name":"Colosseum","floor":21,"gold_loss":0},{"damage_healed":0,"gold_gain":0,"player_choice":"Fought Nobs","damage_taken":0,"max_hp_gain":0,"max_hp_loss":0,"event_name":"Colosseum","floor":21,"gold_loss":0},{"damage_healed":0,"gold_gain":0,"player_choice":"Simplicity","damage_taken":0,"max_hp_gain":0,"max_hp_loss":0,"event_name":"Back to Basics","floor":25,"gold_loss":0,"cards_upgraded":["Strike_R","Strike_R","Strike_R","Strike_R","Defend_R","Defend_R","Defend_R","Defend_R"]},{"damage_healed":0,"gold_gain":0,"player_choice":"Fought Bandits","damage_taken":0,"max_hp_gain":0,"max_hp_loss":0,"event_name":"Masked Bandits","floor":29,"gold_loss":0}],"is_beta":false,"boss_relics":[{"not_picked":["Runic Dome","Empty Cage","Calling Bell"]}],"items_purged_floors":[20],"is_endless":false,"potions_floor_spawned":[4,7,10,14,16,21,21,29,30],"killed_by":"3 Cultists","ascension_level":2}