{"gold_per_floor":[113,124,44,44,57,57,57,85,85,85,97,97,97,128,128,224,224,241,166,81,81,99,99,116,116,116,130,10,21,36,46,46,46],"floor_reached":33,"playtime":1898,"items_purged":[],"score":436,"play_id":"54d0a42b-0f89-4534-85fe-85ac899cc7a6","local_time":"20180817192218","is_ascension_mode":true,"campfire_choices":[{"data":"After Image","floor":6,"key":"SMITH"},{"data":"Bullet Time","floor":10,"key":"SMITH"},{"data":"Noxious Fumes","floor":12,"key":"SMITH"},{"data":"Noxious Fumes","floor":15,"key":"SMITH"},{"data":"Ghostly","floor":23,"key":"SMITH"},{"floor":25,"key":"REST"},{"floor":32,"key":"REST"}],"neow_cost":"PERCENT_DAMAGE","seed_source_timestamp":94981727016691,"circlet_count":0,"master_deck":["Defend_G","Defend_G","Defend_G","Strike_G","Strike_G","Strike_G","Strike_G","Survivor","Neutralize","AscendersBane","After Image+1","Backstab","Noxious Fumes+1","Noxious Fumes+1","Parasite","Bullet Time+1","Corpse Explosion","Ghostly","Ghostly","Ghostly+1","Ghostly","Ghostly","Well Laid Plans","Noxious Fumes"],"relics":["Ring of the Snake","Torii","The Courier","Singing Bowl","Empty Cage","Kunai","Peace Pipe"],"potions_floor_usage":[8,8,11,16,24,31,31],"damage_taken":[{"damage":1,"enemies":"Cultist","floor":1,"turns":5},{"damage":0,"enemies":"Jaw Worm","floor":2,"turns":4},{"damage":0,"enemies":"Small Slimes","floor":5,"turns":3},{"damage":10,"enemies":"3 Sentries","floor":8,"turns":7},{"damage":0,"enemies":"3 Louse","floor":11,"turns":1},{"damage":9,"enemies":"Lagavulin","floor":14,"turns":8},{"damage":12,"enemies":"Hexaghost","floor":16,"turns":11},{"damage":14,"enemies":"3 Byrds","floor":18,"turns":4},{"damage":24,"enemies":"Chosen","floor":22,"turns":8},{"damage":1,"enemies":"3 Cultists","floor":24,"turns":5},{"damage":1,"enemies":"Chosen and Byrds","floor":27,"turns":6},{"damage":13,"enemies":"Centurion and Healer","floor":29,"turns":8},{"damage":0,"enemies":"Snake Plant","floor":30,"turns":6},{"damage":28,"enemies":"Chosen and Byrds","floor":31,"turns":7},{"damage":27,"enemies":"Collector","floor":33,"turns":9}],"seed_played":"4468409403671221240","potions_obtained":[{"floor":1,"key":"EssenceOfSteel"},{"floor":2,"key":"GamblersBrew"},{"floor":8,"key":"Explosive Potion"},{"floor":14,"key":"Weak Potion"},{"floor":22,"key":"Regen Potion"},{"floor":29,"key":"EssenceOfSteel"},{"floor":30,"key":"EssenceOfSteel"}],"is_trial":false,"path_per_floor":["M","M","$","?","M","R","?","E","T","R","M","R","?","E","R","B",null,"M","?","?","?","M","R","M","R","T","M","$","M","M","M","R"],"character_chosen":"THE_SILENT","items_purchased":["Noxious Fumes","Well Laid Plans","Noxious Fumes"],"campfire_rested":2,"item_purchase_floors":[3,28,28],"current_hp_per_floor":[44,44,44,44,44,44,61,51,51,51,51,51,70,63,63,51,67,55,55,55,37,15,15,28,40,40,41,41,30,32,6,20,0],"gold":46,"neow_bonus":"THREE_RARE_CARDS","is_prod":false,"is_daily":false,"chose_seed":false,"campfire_upgraded":5,"win_rate":0,"timestamp":1534558938,"path_taken":["M","?","$","?","M","R","?","E","T","R","?","R","?","E","R","BOSS","M","?","?","?","M","R","M","R","T","M","$","?","M","M","R","BOSS"],"build_version":"2018-08-16","purchased_purges":0,"victory":false,"max_hp_per_floor":[70,70,70,70,70,70,70,70,70,70,70,70,70,72,72,72,72,74,74,74,37,39,39,41,41,41,43,43,45,47,49,49,49],"card_choices":[{"not_picked":["Malaise","Tools of the Trade"],"picked":"After Image","floor":0},{"not_picked":["Finisher","Caltrops"],"picked":"Backstab","floor":1},{"not_picked":["Acrobatics","Dagger Spray"],"picked":"Noxious Fumes","floor":2},{"not_picked":["Poisoned Stab","Acrobatics","Cloak And Dagger"],"picked":"SKIP","floor":5},{"not_picked":["Acrobatics","Poisoned Stab"],"picked":"Bullet Time","floor":8},{"not_picked":["Bouncing Flask","Terror","Backflip"],"picked":"SKIP","floor":11},{"not_picked":["Choke","Reflex","Storm of Steel"],"picked":"Singing Bowl","floor":14},{"not_picked":["Phantasmal Killer","Die Die Die"],"picked":"Corpse Explosion","floor":16},{"not_picked":["Deadly Poison","Deflect","Flying Knee"],"picked":"Singing Bowl","floor":18},{"not_picked":["Infinite Blades","Slice","Flying Knee+1"],"picked":"Singing Bowl","floor":22},{"not_picked":["Caltrops","PiercingWail","Deadly Poison"],"picked":"Singing Bowl","floor":24},{"not_picked":["Underhanded Strike","Dagger Spray","Slice"],"picked":"Singing Bowl","floor":27},{"not_picked":["Flechettes","Reflex","Blade Dance"],"picked":"Singing Bowl","floor":29},{"not_picked":["All Out Attack+1","Prepared","PiercingWail"],"picked":"Singing Bowl","floor":30},{"not_picked":["Dagger Spray","Slice","Deadly Poison"],"picked":"Singing Bowl","floor":31}],"player_experience":778059,"relics_obtained":[{"floor":8,"key":"Torii"},{"floor":9,"key":"The Courier"},{"floor":14,"key":"Singing Bowl"},{"floor":26,"key":"Peace Pipe"}],"event_choices":[{"event_name":"Liars Game","player_choice":"disagreed","floor":4,"damage_taken":0},{"event_name":"Mushrooms","player_choice":"Healed and dodged fight","floor":7,"damage_taken":0},{"event_name":"Big Fish","player_choice":"Banana","floor":13,"damage_taken":0},{"event_name":"Beggar","player_choice":"Gave Gold","floor":19,"damage_taken":0},{"event_name":"Addict","player_choice":"Obtained Relic","floor":20,"damage_taken":0},{"event_name":"Ghosts","player_choice":"Became a Ghost","floor":21,"damage_taken":0}],"is_beta":true,"boss_relics":[{"not_picked":["HoveringKite","Ring of the Serpent"],"picked":"Empty Cage"}],"items_purged_floors":[],"is_endless":false,"potions_floor_spawned":[1,2,8,14,22,29,30],"killed_by":"Collector","ascension_level":12}