{"gold_per_floor":[117,117,130,145,145,176,176,188,233,233,251,251],"floor_reached":12,"playtime":400,"items_purged":[],"score":104,"play_id":"033492c2-f7a9-4c36-8b84-79963a92d3df","local_time":"20190208215021","is_ascension_mode":true,"campfire_choices":[{"data":"Demon Form","floor":7,"key":"SMITH"},{"floor":10,"key":"REST"}],"neow_cost":"NONE","seed_source_timestamp":738664464927725,"circlet_count":0,"master_deck":["Strike_R","Strike_R","Strike_R","Strike_R","Defend_R","Defend_R","Defend_R","Defend_R","Bash","True Grit","Uppercut","Ghostly Armor","Demon Form+1","Heavy Blade","Anger"],"relics":["Burning Blood","Pantograph","Omamori"],"potions_floor_usage":[],"damage_taken":[{"damage":14,"enemies":"Jaw Worm","floor":1,"turns":4},{"damage":1,"enemies":"Cultist","floor":3,"turns":4},{"damage":0,"enemies":"Small Slimes","floor":4,"turns":3},{"damage":40,"enemies":"3 Sentries","floor":6,"turns":8},{"damage":17,"enemies":"Exordium Wildlife","floor":8,"turns":4},{"damage":6,"enemies":"3 Louse","floor":11,"turns":4},{"damage":55,"enemies":"Gremlin Gang","floor":12,"turns":3}],"seed_played":"2453256147304067650","potions_obtained":[{"floor":3,"key":"GamblersBrew"},{"floor":6,"key":"Weak Potion"},{"floor":11,"key":"BloodPotion"}],"is_trial":false,"path_per_floor":["M","$","M","M","?","E","R","M","T","R","M","M"],"character_chosen":"IRONCLAD","items_purchased":[],"campfire_rested":1,"item_purchase_floors":[],"current_hp_per_floor":[64,64,69,75,75,41,41,30,30,54,54,0],"gold":251,"neow_bonus":"THREE_CARDS","is_prod":false,"is_daily":false,"chose_seed":false,"campfire_upgraded":1,"win_rate":0,"timestamp":1549680621,"path_taken":["M","$","M","M","?","E","R","M","T","R","?","M"],"build_version":"2019-01-23","purchased_purges":0,"victory":false,"max_hp_per_floor":[80,80,80,80,80,80,80,80,80,80,80,80],"card_choices":[{"not_picked":["Sentinel","Heavy Blade"],"picked":"True Grit","floor":0},{"not_picked":["Warcry","Clothesline","Sentinel"],"picked":"SKIP","floor":1},{"not_picked":["Warcry","Twin Strike"],"picked":"Uppercut","floor":3},{"not_picked":["Warcry","Second Wind"],"picked":"Ghostly Armor","floor":4},{"not_picked":["Limit Break","Carnage"],"picked":"Heavy Blade","floor":6},{"not_picked":["Headbutt","Body Slam"],"picked":"Anger","floor":8},{"not_picked":["Barricade","Headbutt","Rupture"],"picked":"SKIP","floor":11}],"player_experience":187249,"relics_obtained":[{"floor":6,"key":"Pantograph"},{"floor":9,"key":"Omamori"}],"event_choices":[{"damage_healed":0,"gold_gain":0,"cards_transformed":["Strike_R"],"player_choice":"Transformed","damage_taken":0,"max_hp_gain":0,"max_hp_loss":0,"event_name":"Transmorgrifier","floor":5,"gold_loss":0,"cards_obtained":["Demon Form"]}],"is_beta":false,"boss_relics":[],"items_purged_floors":[],"is_endless":false,"potions_floor_spawned":[3,6,11],"killed_by":"Gremlin Gang","ascension_level":6}