{"gold_per_floor":[110,185,185,58,73,104,279,279,279,18,18,31,46,63,63,139,139,156,130,45,45,60,60,60],"floor_reached":24,"playtime":828,"items_purged":[],"score":376,"play_id":"a0fcd905-8a42-4ab9-a376-f1423b9d95ec","local_time":"20190124180156","is_ascension_mode":true,"campfire_choices":[{"data":"Armaments","floor":11,"key":"SMITH"},{"data":"Whirlwind","floor":15,"key":"SMITH"},{"floor":23,"key":"REST"}],"neow_cost":"NONE","seed_source_timestamp":869135003948247,"circlet_count":0,"master_deck":["AscendersBane","Strike_R","Strike_R","Strike_R","Strike_R","Defend_R","Defend_R","Defend_R","Defend_R","Bash","Infernal Blade+1","Second Wind","Clothesline","Whirlwind+1","Armaments+1","Doubt","Headbutt","Carnage","Power Through","Reaper","Power Through","Flame Barrier","Power Through","Anger","Flex","Blood for Blood+1"],"relics":["Burning Blood","NeowsBlessing","Art of War","Matryoshka","Kunai","Orrery","Mango"],"potions_floor_usage":[16,19,22],"damage_taken":[{"damage":0,"enemies":"2 Louse","floor":1,"turns":1},{"damage":0,"enemies":"Cultist","floor":5,"turns":1},{"damage":0,"enemies":"Gremlin Nob","floor":6,"turns":1},{"damage":0,"enemies":"Small Slimes","floor":12,"turns":3},{"damage":11,"enemies":"Exordium Thugs","floor":13,"turns":4},{"damage":6,"enemies":"Exordium Wildlife","floor":14,"turns":3},{"damage":65,"enemies":"Hexaghost","floor":16,"turns":11},{"damage":13,"enemies":"3 Byrds","floor":18,"turns":3},{"damage":17,"enemies":"2 Thieves","floor":19,"turns":5},{"damage":21,"enemies":"Snecko","floor":22,"turns":6},{"damage":67,"enemies":"Book of Stabbing","floor":24,"turns":5}],"seed_played":"-1223575980633296584","potions_obtained":[{"floor":1,"key":"Ancient Potion"},{"floor":12,"key":"LiquidBronze"},{"floor":16,"key":"Fire Potion"}],"is_trial":false,"path_per_floor":["M","?","?","$","M","E","?","?","T","$","R","M","M","M","R","B",null,"M","M","?","?","M","R","E"],"character_chosen":"IRONCLAD","items_purchased":["Second Wind","Clothesline","Kunai"],"campfire_rested":1,"item_purchase_floors":[4,4,10],"current_hp_per_floor":[74,63,63,63,69,75,75,75,75,75,75,75,70,70,70,11,59,52,41,55,55,40,66,0],"gold":60,"neow_bonus":"THREE_ENEMY_KILL","is_prod":false,"is_daily":false,"chose_seed":false,"campfire_upgraded":2,"win_rate":0,"timestamp":1548381716,"path_taken":["M","?","?","$","M","E","?","?","T","$","R","M","M","M","R","BOSS","M","?","?","?","M","R","E"],"build_version":"2019-01-23","purchased_purges":0,"victory":false,"max_hp_per_floor":[75,75,75,75,75,75,75,75,75,75,75,75,75,75,75,75,75,75,75,89,89,89,89,89],"card_choices":[{"not_picked":["Thunderclap","Warcry"],"picked":"Infernal Blade","floor":1},{"not_picked":["Body Slam","Spot Weakness"],"picked":"Whirlwind","floor":5},{"not_picked":["Sentinel","Heavy Blade"],"picked":"Armaments","floor":6},{"not_picked":["Cleave","Sword Boomerang","Clash"],"picked":"SKIP","floor":12},{"not_picked":["Cleave","Clash"],"picked":"Carnage","floor":13},{"not_picked":["Body Slam","Clothesline"],"picked":"Power Through","floor":14},{"not_picked":["Juggernaut","Berserk"],"picked":"Reaper","floor":16},{"not_picked":["Headbutt","Heavy Blade"],"picked":"Power Through","floor":17},{"not_picked":["Headbutt","Rupture"],"picked":"Flame Barrier","floor":17},{"not_picked":["Heavy Blade","Flex"],"picked":"Power Through","floor":17},{"not_picked":["Cleave","Clash"],"picked":"Anger","floor":18},{"not_picked":["Thunderclap","Rage","Combust"],"picked":"SKIP","floor":19},{"not_picked":["Bloodletting","Perfected Strike"],"picked":"Blood for Blood+1","floor":22}],"player_experience":826285,"relics_obtained":[{"floor":6,"key":"Art of War"},{"floor":9,"key":"Matryoshka"}],"event_choices":[{"damage_healed":0,"gold_gain":75,"player_choice":"Gather Gold","damage_taken":11,"max_hp_gain":0,"max_hp_loss":0,"event_name":"World of Goop","floor":2,"gold_loss":0},{"damage_healed":0,"gold_gain":0,"player_choice":"Grow","damage_taken":0,"max_hp_gain":0,"max_hp_loss":0,"event_name":"Living Wall","floor":3,"gold_loss":0,"cards_upgraded":["Infernal Blade"]},{"damage_healed":0,"gold_gain":175,"player_choice":"AGREE","damage_taken":0,"max_hp_gain":0,"max_hp_loss":0,"event_name":"Liars Game","floor":7,"gold_loss":0,"cards_obtained":["Doubt"]},{"damage_healed":0,"gold_gain":0,"cards_transformed":["Strike_R"],"player_choice":"Transformed","damage_taken":0,"max_hp_gain":0,"max_hp_loss":0,"event_name":"Transmorgrifier","floor":8,"gold_loss":0,"cards_obtained":["Headbutt"]},{"damage_healed":0,"gold_gain":0,"player_choice":"Obtained Relic","damage_taken":0,"relics_obtained":["Mango"],"max_hp_gain":0,"max_hp_loss":0,"event_name":"Addict","floor":20,"gold_loss":85},{"damage_healed":0,"gold_gain":0,"player_choice":"Read","damage_taken":0,"max_hp_gain":0,"max_hp_loss":0,"event_name":"The Library","floor":21,"gold_loss":0,"cards_obtained":["Flex"]}],"is_beta":false,"boss_relics":[{"not_picked":["Lizard Tail","Eternal Feather"],"picked":"Orrery"}],"items_purged_floors":[],"is_endless":false,"potions_floor_spawned":[1,12,16,18],"killed_by":"Book of Stabbing","ascension_level":14}