{"gold_per_floor":[17,17,28,28,28,60,60,80,80,38,69,84,99,99,99,170,170,190,190,105,20,39,39,69,84,109,128,128,144,156,175,175,252,252,267,267,287,287],"floor_reached":38,"playtime":1839,"items_purged":[],"score":823,"play_id":"d6596102-8f4d-4bb6-ba36-2395f67954c1","local_time":"20190523231359","is_ascension_mode":true,"campfire_choices":[{"floor":7,"key":"REST"},{"floor":15,"key":"REST"},{"floor":23,"key":"REST"},{"floor":28,"key":"REST"},{"floor":32,"key":"REST"}],"neow_cost":"NO_GOLD","seed_source_timestamp":538782368685975,"circlet_count":0,"master_deck":["AscendersBane","Defend_G","Defend_G","Defend_G","Defend_G","Defend_G","Strike_G","Strike_G","Strike_G","Strike_G","Survivor","Neutralize","Cloak And Dagger","Distraction","Terror","Infinite Blades","Backflip","Accuracy","A Thousand Cuts+1","Dash","Envenom+1","Caltrops+1","Dagger Spray","Well Laid Plans+1","Dodge and Roll"],"relics":["Ring of the Snake","Turnip","Shuriken","Calipers","Kunai","Frozen Egg 2","Busted Crown","Tough Bandages","Centennial Puzzle","PreservedInsect","Cursed Key"],"potions_floor_usage":[11,11,16,18,24,25,29,30],"damage_taken":[{"damage":5,"enemies":"Small Slimes","floor":1,"turns":5},{"damage":3,"enemies":"Cultist","floor":3,"turns":6},{"damage":35,"enemies":"Lagavulin","floor":6,"turns":9},{"damage":0,"enemies":"Jaw Worm","floor":8,"turns":4},{"damage":5,"enemies":"3 Sentries","floor":11,"turns":8},{"damage":3,"enemies":"Looter","floor":12,"turns":5},{"damage":6,"enemies":"Exordium Wildlife","floor":13,"turns":5},{"damage":36,"enemies":"The Guardian","floor":16,"turns":11},{"damage":18,"enemies":"2 Thieves","floor":18,"turns":4},{"damage":2,"enemies":"Spheric Guardian","floor":22,"turns":5},{"damage":11,"enemies":"Gremlin Leader","floor":24,"turns":6},{"damage":12,"enemies":"Snake Plant","floor":25,"turns":4},{"damage":3,"enemies":"Centurion and Healer","floor":27,"turns":7},{"damage":4,"enemies":"Sentry and Sphere","floor":29,"turns":6},{"damage":6,"enemies":"Snecko","floor":30,"turns":5},{"damage":19,"enemies":"Cultist and Chosen","floor":31,"turns":5},{"damage":2,"enemies":"Champ","floor":33,"turns":11},{"damage":7,"enemies":"3 Shapes","floor":35,"turns":6},{"damage":6,"enemies":"Orb Walker","floor":37,"turns":4},{"damage":48,"enemies":"Sphere and 2 Shapes","floor":38,"turns":3}],"seed_played":"5048884444865797063","potions_obtained":[{"floor":6,"key":"AttackPotion"},{"floor":8,"key":"EssenceOfSteel"},{"floor":12,"key":"Energy Potion"},{"floor":16,"key":"Poison Potion"},{"floor":22,"key":"Explosive Potion"},{"floor":24,"key":"Block Potion"},{"floor":25,"key":"Fire Potion"},{"floor":29,"key":"EssenceOfSteel"},{"floor":35,"key":"Dexterity Potion"},{"floor":36,"key":"Strength Potion"}],"is_trial":false,"path_per_floor":["M","?","M","T","$","E","R","M","T","$","E","M","M","?","R","B",null,"M","?","$","?","M","R","E","M","T","M","R","M","M","M","R","B",null,"M","?","M","M"],"character_chosen":"THE_SILENT","items_purchased":["Accuracy","Caltrops+1"],"campfire_rested":5,"item_purchase_floors":[10,20],"current_hp_per_floor":[54,54,51,51,51,16,35,35,35,35,30,27,21,21,40,4,51,33,33,33,33,31,50,39,27,27,24,43,39,33,14,33,31,57,50,50,44,0],"gold":287,"neow_bonus":"ONE_RARE_RELIC","is_prod":false,"is_daily":false,"chose_seed":false,"campfire_upgraded":0,"win_rate":0,"timestamp":1558667639,"path_taken":["M","?","?","?","?","E","R","M","T","$","E","M","M","?","R","BOSS","M","?","$","?","?","R","E","M","T","?","R","M","?","M","R","BOSS","M","?","?","M"],"build_version":"2019-01-23","purchased_purges":0,"victory":false,"max_hp_per_floor":[66,66,66,66,66,66,66,66,66,66,66,66,66,66,66,66,66,66,66,66,66,66,66,66,66,66,66,66,66,66,66,66,66,66,66,66,66,66],"card_choices":[{"not_picked":["Dagger Throw","Outmaneuver"],"picked":"Cloak And Dagger","floor":1},{"not_picked":["Outmaneuver","Reflex"],"picked":"Terror","floor":3},{"not_picked":["Backflip","Flechettes"],"picked":"Infinite Blades","floor":6},{"not_picked":["Sucker Punch","Slice"],"picked":"Backflip","floor":8},{"not_picked":["Reflex","Tools of the Trade"],"picked":"A Thousand Cuts","floor":11},{"not_picked":["Bouncing Flask","Reflex"],"picked":"Dash","floor":12},{"not_picked":["Riddle With Holes","PiercingWail","Choke"],"picked":"SKIP","floor":13},{"not_picked":["Burst","Die Die Die"],"picked":"Envenom+1","floor":16},{"not_picked":["Acrobatics"],"picked":"SKIP","floor":18},{"not_picked":[],"picked":"Dagger Spray","floor":22},{"not_picked":["Bane"],"picked":"SKIP","floor":24},{"not_picked":[],"picked":"Well Laid Plans+1","floor":25},{"not_picked":["Endless Agony"],"picked":"SKIP","floor":27},{"not_picked":["Terror+1"],"picked":"SKIP","floor":29},{"not_picked":["Underhanded Strike"],"picked":"SKIP","floor":30},{"not_picked":["Poisoned Stab"],"picked":"SKIP","floor":31},{"not_picked":[],"picked":"Dodge and Roll","floor":35},{"not_picked":["Setup"],"picked":"SKIP","floor":37}],"player_experience":755459,"relics_obtained":[{"floor":4,"key":"Shuriken"},{"floor":6,"key":"Calipers"},{"floor":9,"key":"Kunai"},{"floor":11,"key":"Frozen Egg 2"},{"floor":24,"key":"Centennial Puzzle"},{"floor":26,"key":"PreservedInsect"}],"event_choices":[{"damage_healed":0,"gold_gain":0,"cards_transformed":["Strike_G"],"player_choice":"Transformed","damage_taken":0,"max_hp_gain":0,"max_hp_loss":0,"event_name":"Transmorgrifier","floor":2,"gold_loss":0,"cards_obtained":["Distraction"]},{"damage_healed":0,"gold_gain":0,"player_choice":"Ignored","damage_taken":0,"max_hp_gain":0,"max_hp_loss":0,"event_name":"Shining Light","floor":14,"gold_loss":0},{"damage_healed":0,"gold_gain":0,"player_choice":"Ignored","damage_taken":0,"max_hp_gain":0,"max_hp_loss":0,"event_name":"Vampires","floor":19,"gold_loss":0},{"damage_healed":0,"gold_gain":0,"player_choice":"Obtained Relic","damage_taken":0,"relics_obtained":["Tough Bandages"],"max_hp_gain":0,"max_hp_loss":0,"event_name":"Addict","floor":21,"gold_loss":85},{"damage_healed":0,"gold_gain":0,"player_choice":"Got Potions","damage_taken":0,"max_hp_gain":0,"max_hp_loss":0,"event_name":"Lab","floor":36,"gold_loss":0}],"is_beta":false,"boss_relics":[{"not_picked":["Ectoplasm","Philosopher\u0027s Stone"],"picked":"Busted Crown"},{"not_picked":["Fusion Hammer","Orrery"],"picked":"Cursed Key"}],"items_purged_floors":[],"is_endless":false,"potions_floor_spawned":[6,8,12,16,22,24,25,29,35],"killed_by":"Sphere and 2 Shapes","ascension_level":18}