{"gold_per_floor":[109,109,32,32,47,79,93,122,122,122,148,148,178,103,103,180,180,194,217,230,38,38,38,67,67,90,125,143,143,143,225,225,296,296,309,309,329,279,293,293],"floor_reached":40,"playtime":1192,"items_purged":["Strike_B","Strike_B"],"score":822,"play_id":"6a9f83e8-dd0d-4d54-a5b1-a234732a4852","local_time":"20190320220042","is_ascension_mode":true,"campfire_choices":[{"data":"Defragment","floor":10,"key":"SMITH"},{"data":"Electrodynamics","floor":12,"key":"SMITH"},{"floor":15,"key":"REST"},{"data":"Consume","floor":23,"key":"SMITH"},{"data":"Capacitor","floor":25,"key":"SMITH"},{"floor":30,"key":"REST"},{"floor":32,"key":"REST"}],"neow_cost":"NONE","seed_source_timestamp":15052619649177,"circlet_count":0,"master_deck":["AscendersBane","Strike_B","Strike_B","Defend_B","Defend_B","Defend_B","Zap+1","Dualcast","Conserve Battery","Capacitor+1","Electrodynamics+1","Fusion","Sweeping Beam","Defragment+1","Multi-Cast","Defragment","Echo Form","Cold Snap+1","Redo","Consume+1","Cold Snap","Ball Lightning+1","Coolheaded","Machine Learning","Gash","Conserve Battery","White Noise+1"],"relics":["Cracked Core","NeowsBlessing","Mercury Hourglass","Sundial","Blue Candle","Ancient Tea Set","Symbiotic Virus","Sozu","Smiling Mask","Lee\u0027s Waffle","Shuriken","Boot","Bag of Marbles","Kunai","Philosopher\u0027s Stone"],"potions_floor_usage":[8,16,40],"damage_taken":[{"damage":0,"enemies":"2 Louse","floor":1,"turns":1},{"damage":0,"enemies":"Small Slimes","floor":5,"turns":1},{"damage":0,"enemies":"Gremlin Nob","floor":6,"turns":1},{"damage":6,"enemies":"Cultist","floor":7,"turns":3},{"damage":11,"enemies":"Lagavulin","floor":8,"turns":6},{"damage":5,"enemies":"3 Sentries","floor":11,"turns":2},{"damage":26,"enemies":"Gremlin Nob","floor":13,"turns":4},{"damage":16,"enemies":"The Guardian","floor":16,"turns":7},{"damage":1,"enemies":"Spheric Guardian","floor":18,"turns":3},{"damage":12,"enemies":"Chosen","floor":20,"turns":3},{"damage":0,"enemies":"Gremlin Leader","floor":24,"turns":5},{"damage":42,"enemies":"Slavers","floor":27,"turns":4},{"damage":11,"enemies":"3 Cultists","floor":28,"turns":3},{"damage":8,"enemies":"Champ","floor":33,"turns":7},{"damage":10,"enemies":"Orb Walker","floor":35,"turns":3},{"damage":37,"enemies":"3 Darklings","floor":37,"turns":4},{"damage":29,"enemies":"Spire Growth","floor":39,"turns":6},{"damage":19,"enemies":"Giant Head","floor":40,"turns":5}],"seed_played":"-1816534730438532976","potions_obtained":[{"floor":1,"key":"Block Potion"},{"floor":6,"key":"SpeedPotion"},{"floor":13,"key":"PowerPotion"}],"is_trial":false,"path_per_floor":["M","?","$","?","M","E","M","E","T","R","E","R","E","$","R","B",null,"M","T","M","$","?","R","E","R","T","E","M","?","R","T","R","B",null,"M","?","M","$","M","E"],"character_chosen":"DEFECT","items_purchased":["Capacitor","Lee\u0027s Waffle"],"campfire_rested":3,"item_purchase_floors":[3,21],"current_hp_per_floor":[68,61,61,61,61,61,55,44,44,44,39,39,13,13,35,19,61,60,60,48,82,82,82,82,82,82,40,29,29,53,53,77,69,79,69,69,32,32,3,0],"gold":293,"neow_bonus":"THREE_ENEMY_KILL","is_prod":false,"is_daily":false,"chose_seed":false,"campfire_upgraded":4,"win_rate":0,"timestamp":1553133642,"path_taken":["M","?","$","?","M","E","M","E","T","R","E","R","E","$","R","BOSS","M","?","M","$","?","R","E","R","T","E","M","?","R","?","R","BOSS","M","?","M","$","M","E"],"build_version":"2019-01-23","purchased_purges":2,"victory":false,"max_hp_per_floor":[75,75,75,75,75,75,75,75,75,75,75,75,75,75,75,75,75,75,75,75,82,82,82,82,82,82,82,82,82,82,82,82,82,82,82,82,82,82,82,82],"card_choices":[{"not_picked":["Lockon","Turbo"],"picked":"Conserve Battery","floor":1},{"not_picked":["Go for the Eyes","Turbo"],"picked":"Electrodynamics","floor":5},{"not_picked":["Cold Snap","Conserve Battery"],"picked":"Fusion","floor":6},{"not_picked":["Auto Shields","Multi-Cast"],"picked":"Sweeping Beam","floor":7},{"not_picked":["Darkness","Turbo"],"picked":"Defragment","floor":8},{"not_picked":["Scrape","Rip and Tear"],"picked":"Multi-Cast","floor":11},{"not_picked":["Hologram","Reinforced Body"],"picked":"Defragment","floor":13},{"not_picked":["Biased Cognition","Multi-Cast"],"picked":"Echo Form","floor":16},{"not_picked":["Rebound","Turbo"],"picked":"Cold Snap+1","floor":18},{"not_picked":["Streamline","Cold Snap"],"picked":"Redo","floor":20},{"not_picked":["Sunder","Steam"],"picked":"Cold Snap","floor":24},{"not_picked":["Melter","Hologram+1"],"picked":"Ball Lightning+1","floor":27},{"not_picked":["Recycle","Ball Lightning"],"picked":"Coolheaded","floor":28},{"not_picked":["Biased Cognition","Meteor Strike"],"picked":"Machine Learning","floor":33},{"not_picked":["Compile Driver","Capacitor"],"picked":"Gash","floor":35},{"not_picked":["Steam","Melter+1"],"picked":"Conserve Battery","floor":37},{"not_picked":["Barrage+1","Turbo+1"],"picked":"White Noise+1","floor":39}],"player_experience":431847,"relics_obtained":[{"floor":6,"key":"Mercury Hourglass"},{"floor":8,"key":"Sundial"},{"floor":9,"key":"Blue Candle"},{"floor":11,"key":"Ancient Tea Set"},{"floor":13,"key":"Symbiotic Virus"},{"floor":19,"key":"Smiling Mask"},{"floor":24,"key":"Shuriken"},{"floor":26,"key":"Boot"},{"floor":27,"key":"Bag of Marbles"},{"floor":31,"key":"Kunai"}],"event_choices":[{"cards_removed":["Defend_B"],"damage_healed":0,"gold_gain":0,"player_choice":"Card Removal","damage_taken":7,"max_hp_gain":0,"max_hp_loss":0,"event_name":"Golden Wing","floor":2,"gold_loss":0},{"damage_healed":0,"gold_gain":0,"player_choice":"Upgraded","damage_taken":0,"max_hp_gain":0,"max_hp_loss":0,"event_name":"Upgrade Shrine","floor":4,"gold_loss":0,"cards_upgraded":["Zap"]},{"damage_healed":0,"gold_gain":0,"player_choice":"Read","damage_taken":0,"max_hp_gain":0,"max_hp_loss":0,"event_name":"The Library","floor":22,"gold_loss":0,"cards_obtained":["Consume"]},{"damage_healed":0,"gold_gain":0,"player_choice":"Ignored","damage_taken":0,"max_hp_gain":0,"max_hp_loss":0,"event_name":"Ghosts","floor":29,"gold_loss":0},{"damage_healed":0,"gold_gain":0,"player_choice":"Ignored","damage_taken":0,"max_hp_gain":0,"max_hp_loss":0,"event_name":"Tomb of Lord Red Mask","floor":36,"gold_loss":0}],"is_beta":false,"boss_relics":[{"not_picked":["Inserter","Fusion Hammer"],"picked":"Sozu"},{"not_picked":["White Beast Statue","Velvet Choker"],"picked":"Philosopher\u0027s Stone"}],"items_purged_floors":[14,38],"is_endless":false,"potions_floor_spawned":[1,6,7,13,20,28,33,35],"killed_by":"Giant Head","ascension_level":13}