{"gold_per_floor":[118,130,144,167,146,174,144,177,200,213,227,227,121,121,121,226,226,238,258,270,283,131,166,180,180,227,244,261,276,276,276,276,381,381,394,394,34,46,59,59,59,59,59,88,88,118,138,155,155,155,155,155,5,37,37],"floor_reached":55,"playtime":3961,"items_purged":["Strike_B","Parasite"],"score":786,"play_id":"c850bf0a-8aac-4edc-95f3-611fb66d1b77","local_time":"20190526220719","is_ascension_mode":false,"campfire_choices":[{"data":"Loop","floor":12,"key":"SMITH"},{"floor":15,"key":"REST"},{"floor":25,"key":"REST"},{"floor":30,"key":"REST"},{"data":"Defragment","floor":32,"key":"SMITH"},{"data":"Defragment","floor":40,"key":"SMITH"},{"floor":45,"key":"REST"},{"floor":49,"key":"RECALL"},{"data":"Zap","floor":52,"key":"SMITH"}],"neow_cost":"TEN_PERCENT_HP_LOSS","seed_source_timestamp":4087432913357,"circlet_count":0,"master_deck":["Strike_B","Strike_B","Defend_B","Defend_B","Defend_B","Defend_B","Zap+1","Dualcast","Loop+1","Self Repair","Defragment+1","FTL","Stack+1","Sweeping Beam","White Noise+1","Capacitor","Reinforced Body+1","Darkness+1","Electrodynamics+1","Cold Snap","Cold Snap+1","Turbo+1","Core Surge","Defragment+1","Skim+1","Barrage+1","Capacitor+1","Redo+1","Conserve Battery+1","RitualDagger","Multi-Cast+1","White Noise+1","Glacier+1","Blind+1","Meteor Strike+1","Blizzard+1","Redo+1","Storm"],"relics":["Cracked Core","Mango","Toxic Egg 2","Lantern","Boot","Runic Pyramid","Pocketwatch","Bag of Marbles","Philosopher\u0027s Stone","Bird Faced Urn","Molten Egg 2","Orichalcum","Oddly Smooth Stone","Strawberry"],"potions_floor_usage":[6,8,8,11,16,18,19,21,27,33,33,38,39,46,50,50,54],"damage_taken":[{"damage":1,"enemies":"Cultist","floor":1,"turns":3},{"damage":2,"enemies":"Small Slimes","floor":2,"turns":4},{"damage":3,"enemies":"Jaw Worm","floor":3,"turns":4},{"damage":44,"enemies":"3 Sentries","floor":6,"turns":6},{"damage":18,"enemies":"Gremlin Nob","floor":8,"turns":4},{"damage":4,"enemies":"Gremlin Gang","floor":10,"turns":5},{"damage":8,"enemies":"Lots of Slimes","floor":11,"turns":3},{"damage":23,"enemies":"The Guardian","floor":16,"turns":6},{"damage":2,"enemies":"2 Thieves","floor":18,"turns":3},{"damage":9,"enemies":"Chosen","floor":19,"turns":5},{"damage":27,"enemies":"3 Cultists","floor":20,"turns":4},{"damage":7,"enemies":"Chosen and Byrds","floor":21,"turns":3},{"damage":42,"enemies":"Book of Stabbing","floor":23,"turns":5},{"damage":5,"enemies":"Shelled Parasite and Fungi","floor":24,"turns":5},{"damage":16,"enemies":"Snake Plant","floor":27,"turns":3},{"damage":2,"enemies":"Sentry and Sphere","floor":28,"turns":3},{"damage":0,"enemies":"Cultist and Chosen","floor":29,"turns":5},{"damage":42,"enemies":"Automaton","floor":33,"turns":9},{"damage":0,"enemies":"Orb Walker","floor":35,"turns":3},{"damage":0,"enemies":"3 Darklings","floor":38,"turns":4},{"damage":2,"enemies":"Transient","floor":39,"turns":5},{"damage":56,"enemies":"Nemesis","floor":44,"turns":7},{"damage":53,"enemies":"Reptomancer","floor":46,"turns":6},{"damage":1,"enemies":"Writhing Mass","floor":47,"turns":5},{"damage":0,"enemies":"Maw","floor":48,"turns":6},{"damage":85,"enemies":"Donu and Deca","floor":50,"turns":8},{"damage":71,"enemies":"Shield and Spear","floor":54,"turns":6},{"damage":59,"enemies":"The Heart","floor":55,"turns":3}],"seed_played":"-1754551056572371304","potions_obtained":[{"floor":1,"key":"Regen Potion"},{"floor":6,"key":"FearPotion"},{"floor":7,"key":"SkillPotion"},{"floor":7,"key":"Strength Potion"},{"floor":8,"key":"FearPotion"},{"floor":16,"key":"Energy Potion"},{"floor":18,"key":"Energy Potion"},{"floor":20,"key":"Explosive Potion"},{"floor":24,"key":"Explosive Potion"},{"floor":28,"key":"Ancient Potion"},{"floor":29,"key":"Ancient Potion"},{"floor":33,"key":"Poison Potion"},{"floor":35,"key":"PowerPotion"},{"floor":38,"key":"AttackPotion"},{"floor":46,"key":"Energy Potion"},{"floor":48,"key":"Fruit Juice"}],"is_trial":false,"path_per_floor":["M","M","M","T","?","E","?","E","T","M","M","R","$","?","R","B",null,"M","M","M","M","$","E","M","R","T","M","M","M","R","?","R","B",null,"M","?","$","M","M","R","?","?","T","E","R","E","M","M","R","B",null,"R","$","E","B"],"character_chosen":"DEFECT","items_purchased":["Capacitor","Reinforced Body+1","Defragment","Skim+1","Bird Faced Urn","Explosive Potion"],"campfire_rested":4,"item_purchase_floors":[13,13,22,22,37,53],"current_hp_per_floor":[81,79,82,82,82,55,55,44,44,47,46,46,46,46,70,54,82,82,80,67,60,60,25,27,51,51,42,40,47,71,65,65,23,82,82,82,82,82,82,82,82,82,82,41,65,46,66,82,82,25,87,87,84,39,0],"gold":37,"neow_bonus":"ONE_RARE_RELIC","is_prod":false,"is_daily":false,"chose_seed":false,"campfire_upgraded":4,"win_rate":0,"timestamp":1558933639,"path_taken":["M","M","M","?","?","E","?","E","T","?","M","R","$","?","R","BOSS","M","M","?","M","$","E","M","R","T","?","?","M","R","?","R","BOSS","M","?","$","M","?","R","?","?","T","E","R","E","M","M","R","BOSS","R","$","E","BOSS"],"build_version":"2019-01-23","purchased_purges":2,"victory":false,"max_hp_per_floor":[82,82,82,82,82,82,82,82,82,82,82,82,82,82,82,82,82,82,82,82,82,82,82,82,82,82,82,82,82,82,82,82,82,82,82,82,82,82,82,82,82,82,82,82,82,82,82,82,82,87,87,87,84,91,91],"card_choices":[{"not_picked":["Hello World","Recycle"],"picked":"Loop","floor":1},{"not_picked":["Ball Lightning","Cold Snap"],"picked":"Self Repair","floor":2},{"not_picked":["Darkness","Rebound"],"picked":"Defragment","floor":3},{"not_picked":["Barrage","Rebound"],"picked":"FTL","floor":6},{"not_picked":["Creative AI","Fusion+1"],"picked":"Stack+1","floor":8},{"not_picked":["Tempest+1","Heatsinks"],"picked":"Sweeping Beam","floor":10},{"not_picked":["Compile Driver","Sweeping Beam"],"picked":"White Noise+1","floor":11},{"not_picked":["Meteor Strike","Hyperbeam"],"picked":"Electrodynamics","floor":16},{"not_picked":["Ball Lightning+1","Go for the Eyes"],"picked":"Cold Snap","floor":18},{"not_picked":["Steam+1","Gash"],"picked":"Cold Snap+1","floor":19},{"not_picked":["Hologram+1","Go for the Eyes"],"picked":"Turbo+1","floor":20},{"not_picked":["Leap+1","Conserve Battery+1"],"picked":"Core Surge","floor":21},{"not_picked":["Steam+1","Fusion+1"],"picked":"Barrage+1","floor":23},{"not_picked":["Cold Snap","BootSequence+1"],"picked":"Capacitor+1","floor":24},{"not_picked":["Meteor Strike","FTL"],"picked":"Redo+1","floor":27},{"not_picked":["Scrape","Cold Snap+1","Loop"],"picked":"SKIP","floor":28},{"not_picked":["Rebound+1","Stack+1"],"picked":"Conserve Battery+1","floor":29},{"not_picked":["Electrodynamics","Thunder Strike"],"picked":"Multi-Cast+1","floor":33},{"not_picked":["Beam Cell+1","Sweeping Beam","Self Repair"],"picked":"SKIP","floor":35},{"not_picked":["Turbo+1","Sweeping Beam","Conserve Battery+1"],"picked":"SKIP","floor":38},{"not_picked":["Beam Cell+1","Fission+1"],"picked":"Glacier+1","floor":39},{"not_picked":["Deep Breath+1","Discovery+1"],"picked":"Blind+1","floor":41},{"not_picked":["Sweeping Beam+1","Gash+1"],"picked":"Meteor Strike+1","floor":44},{"not_picked":["Defragment+1","Gash+1"],"picked":"Blizzard+1","floor":46},{"not_picked":["Gash+1","Turbo+1","Beam Cell+1"],"picked":"SKIP","floor":47},{"not_picked":["Cold Snap+1","Leap+1"],"picked":"Redo+1","floor":48},{"not_picked":["Tempest+1","Scrape+1"],"picked":"Storm","floor":54}],"player_experience":248995,"relics_obtained":[{"floor":6,"key":"Toxic Egg 2"},{"floor":8,"key":"Lantern"},{"floor":9,"key":"Boot"},{"floor":23,"key":"Pocketwatch"},{"floor":26,"key":"Bag of Marbles"},{"floor":43,"key":"Molten Egg 2"},{"floor":44,"key":"Orichalcum"},{"floor":46,"key":"Oddly Smooth Stone"},{"floor":54,"key":"Strawberry"}],"event_choices":[{"damage_healed":0,"gold_gain":0,"player_choice":"Left Gold","damage_taken":0,"max_hp_gain":0,"max_hp_loss":0,"event_name":"World of Goop","floor":5,"gold_loss":21},{"damage_healed":0,"gold_gain":0,"player_choice":"Bought 2 Potions","damage_taken":0,"max_hp_gain":0,"max_hp_loss":0,"event_name":"The Woman in Blue","floor":7,"gold_loss":0},{"damage_healed":0,"gold_gain":0,"cards_transformed":["Strike_B"],"player_choice":"Transformed","damage_taken":0,"max_hp_gain":0,"max_hp_loss":0,"event_name":"Transmorgrifier","floor":14,"gold_loss":0,"cards_obtained":["Darkness"]},{"damage_healed":0,"gold_gain":0,"player_choice":"Joined the Cult","damage_taken":6,"max_hp_gain":0,"max_hp_loss":0,"event_name":"Nest","floor":31,"gold_loss":0,"cards_obtained":["RitualDagger"]},{"damage_healed":0,"gold_gain":0,"player_choice":"Copied","damage_taken":0,"max_hp_gain":0,"max_hp_loss":0,"event_name":"Duplicator","floor":36,"gold_loss":0,"cards_obtained":["White Noise"]},{"damage_healed":0,"gold_gain":0,"player_choice":"Memory 1","damage_taken":0,"max_hp_gain":0,"max_hp_loss":0,"event_name":"SensoryStone","floor":41,"gold_loss":0},{"damage_healed":0,"gold_gain":0,"player_choice":"Upgraded","damage_taken":0,"max_hp_gain":0,"max_hp_loss":0,"event_name":"Upgrade Shrine","floor":42,"gold_loss":0,"cards_upgraded":["Electrodynamics"]}],"is_beta":false,"boss_relics":[{"not_picked":["Pandora\u0027s Box","Sozu"],"picked":"Runic Pyramid"},{"not_picked":["Cursed Key","Velvet Choker"],"picked":"Philosopher\u0027s Stone"}],"items_purged_floors":[37,53],"is_endless":false,"potions_floor_spawned":[1,6,8,16,18,20,24,28,29,33,35,38,46,48],"killed_by":"The Heart","ascension_level":0}