{"gold_per_floor":[112,128,128,147,102,136,136,161,161,181,181,356,356,66,66,66],"floor_reached":16,"playtime":410,"items_purged":[],"score":184,"play_id":"b3c329d8-da1f-49e8-911c-f76e1367f6be","local_time":"20181117001704","is_ascension_mode":true,"campfire_choices":[{"data":"Flex","floor":7,"key":"SMITH"},{"data":"Ghostly Armor","floor":11,"key":"SMITH"},{"data":"Armaments","floor":15,"key":"SMITH"}],"neow_cost":"NONE","seed_source_timestamp":31771131566565,"circlet_count":0,"master_deck":["AscendersBane","Strike_R","Strike_R","Strike_R","Strike_R","Strike_R","Defend_R","Defend_R","Defend_R","Defend_R","Bash","Armaments+1","Battle Trance","Twin Strike","Wild Strike","Flex+1","Ghostly Armor+1","Iron Wave+1","Doubt","Parasite","Immolate+1"],"relics":["Burning Blood","NeowsBlessing","Dream Catcher","Molten Egg 2","Bottled Flame","Happy Flower"],"potions_floor_usage":[10,16],"damage_taken":[{"damage":0,"enemies":"Cultist","floor":1,"turns":1},{"damage":0,"enemies":"Jaw Worm","floor":2,"turns":1},{"damage":0,"enemies":"Small Slimes","floor":4,"turns":1},{"damage":20,"enemies":"Gremlin Nob","floor":6,"turns":4},{"damage":56,"enemies":"Lagavulin","floor":8,"turns":7},{"damage":4,"enemies":"Red Slaver","floor":10,"turns":2},{"damage":39,"enemies":"Hexaghost","floor":16,"turns":7}],"seed_played":"-2486814280135320167","potions_obtained":[{"floor":6,"key":"SneckoOil"},{"floor":8,"key":"Energy Potion"},{"floor":10,"key":"LiquidBronze"}],"is_trial":false,"path_per_floor":["M","M","?","M","$","E","R","E","T","M","R","?","?","$","R","B"],"character_chosen":"IRONCLAD","items_purchased":["Wild Strike","Immolate+1","Happy Flower"],"campfire_rested":0,"item_purchase_floors":[5,14,14],"current_hp_per_floor":[74,75,80,80,80,66,66,16,16,18,18,18,38,38,38,0],"gold":66,"neow_bonus":"THREE_ENEMY_KILL","is_prod":false,"is_daily":false,"chose_seed":false,"campfire_upgraded":3,"win_rate":0,"timestamp":1542442624,"path_taken":["M","?","?","M","$","E","R","E","T","M","R","?","?","$","R","BOSS"],"build_version":"2018-11-15","purchased_purges":0,"victory":false,"max_hp_per_floor":[75,75,80,80,80,80,80,80,80,80,80,80,80,80,80,80],"card_choices":[{"not_picked":["Warcry","Wild Strike"],"picked":"Armaments","floor":1},{"not_picked":["Feel No Pain","Corruption"],"picked":"Battle Trance","floor":2},{"not_picked":["Armaments","Iron Wave"],"picked":"Twin Strike","floor":4},{"not_picked":["Shockwave","Rupture"],"picked":"Flex","floor":6},{"not_picked":["True Grit","Flex"],"picked":"Ghostly Armor","floor":8},{"not_picked":["Flex","Inflame"],"picked":"Iron Wave+1","floor":10}],"player_experience":750749,"relics_obtained":[{"floor":6,"key":"Dream Catcher"},{"floor":8,"key":"Molten Egg 2"},{"floor":9,"key":"Bottled Flame"}],"event_choices":[{"damage_healed":0,"gold_gain":0,"player_choice":"Donut","damage_taken":0,"max_hp_gain":5,"max_hp_loss":0,"event_name":"Big Fish","floor":3,"gold_loss":0},{"damage_healed":0,"gold_gain":175,"player_choice":"AGREE","damage_taken":0,"max_hp_gain":0,"max_hp_loss":0,"event_name":"Liars Game","floor":12,"gold_loss":0,"cards_obtained":["Doubt"]},{"damage_healed":20,"gold_gain":0,"player_choice":"Healed and dodged fight","damage_taken":0,"max_hp_gain":0,"max_hp_loss":0,"event_name":"Mushrooms","floor":13,"gold_loss":0,"cards_obtained":["Parasite"]}],"is_beta":false,"boss_relics":[],"items_purged_floors":[],"is_endless":false,"potions_floor_spawned":[6,8,10],"killed_by":"Hexaghost","ascension_level":14}