{"gold_per_floor":[116,116,133,133,133,168,168,168,191,191,207,17,49,64,64,137,137,150,150,75,100,50,50,9,19,19,19,36,52,52],"floor_reached":30,"playtime":777,"items_purged":["Flex"],"score":509,"play_id":"348e2671-3fb3-40ab-b93e-715a19d85e37","local_time":"20190627212707","is_ascension_mode":true,"campfire_choices":[{"data":"Spot Weakness","floor":7,"key":"SMITH"},{"floor":15,"key":"REST"},{"floor":23,"key":"REST"},{"floor":27,"key":"REST"}],"neow_cost":"NONE","seed_source_timestamp":1290576570499499,"circlet_count":0,"master_deck":["AscendersBane","Strike_R+1","Strike_R+1","Strike_R+1","Strike_R+1","Defend_R+1","Defend_R+1","Perfected Strike","Spot Weakness+1","Pommel Strike","Impervious","Infernal Blade","Magnetism","Shrug It Off","Feed","Disarm+1","Clash+1","Armaments+1","Spot Weakness+1","Carnage","True Grit","Shrug It Off"],"relics":["Burning Blood","NeowsBlessing","Red Skull","Bottled Flame","Potion Belt","Smiling Mask","Art of War","Astrolabe","Omamori","Sundial"],"potions_floor_usage":[11,13,14,25,28],"damage_taken":[{"damage":0,"enemies":"Cultist","floor":1,"turns":1},{"damage":0,"enemies":"Small Slimes","floor":3,"turns":1},{"damage":3,"enemies":"3 Sentries","floor":6,"turns":2},{"damage":9,"enemies":"Jaw Worm","floor":11,"turns":2},{"damage":50,"enemies":"Lagavulin","floor":13,"turns":8},{"damage":0,"enemies":"2 Fungi Beasts","floor":14,"turns":2},{"damage":16,"enemies":"The Guardian","floor":16,"turns":8},{"damage":60,"enemies":"Chosen","floor":18,"turns":6},{"damage":11,"enemies":"2 Thieves","floor":25,"turns":3},{"damage":46,"enemies":"Snecko","floor":28,"turns":7},{"damage":10,"enemies":"Centurion and Healer","floor":29,"turns":8},{"damage":16,"enemies":"Snake Plant","floor":30,"turns":1}],"seed_played":"-7250031733506368057","potions_obtained":[{"floor":3,"key":"AttackPotion"},{"floor":6,"key":"Weak Potion"},{"floor":13,"key":"Explosive Potion"},{"floor":18,"key":"Strength Potion"},{"floor":25,"key":"AttackPotion"}],"is_trial":false,"path_per_floor":["M","$","M","?","T","E","R","?","T","?","M","$","E","M","R","B",null,"M","?","?","T","$","R","$","M","T","R","M","M","M"],"character_chosen":"IRONCLAD","items_purchased":["Magnetism","Carnage"],"campfire_rested":3,"item_purchase_floors":[12,24],"current_hp_per_floor":[74,74,75,75,75,75,75,75,75,75,72,72,28,34,56,46,68,14,14,14,14,14,36,36,34,34,57,17,13,0],"gold":52,"neow_bonus":"THREE_ENEMY_KILL","is_prod":false,"is_daily":false,"chose_seed":false,"campfire_upgraded":1,"win_rate":0,"timestamp":1561696027,"path_taken":["M","$","?","?","?","E","R","?","T","?","?","?","E","M","R","BOSS","M","?","?","?","$","R","$","M","T","R","?","M","M"],"build_version":"2019-01-23","purchased_purges":1,"victory":false,"max_hp_per_floor":[75,75,75,75,75,75,75,75,75,75,75,75,75,75,75,75,75,75,75,75,75,75,75,75,78,78,78,78,78,78],"card_choices":[{"not_picked":["Thunderclap","Wild Strike"],"picked":"Flex","floor":1},{"not_picked":["Blood for Blood","Warcry"],"picked":"Perfected Strike","floor":3},{"not_picked":["Headbutt","Whirlwind"],"picked":"Spot Weakness","floor":6},{"not_picked":["Anger","Pommel Strike"],"picked":"Infernal Blade","floor":11},{"not_picked":["Blood for Blood","Bloodletting","Warcry"],"picked":"SKIP","floor":13},{"not_picked":["True Grit","Perfected Strike"],"picked":"Shrug It Off","floor":14},{"not_picked":["Brutality","Double Tap"],"picked":"Feed","floor":16},{"not_picked":["Perfected Strike","Body Slam"],"picked":"Spot Weakness+1","floor":18},{"not_picked":["Warcry","Flex"],"picked":"True Grit","floor":25},{"not_picked":["Rupture+1","Wild Strike"],"picked":"Shrug It Off","floor":28},{"not_picked":["Corruption","Warcry","Clothesline+1"],"picked":"SKIP","floor":29}],"player_experience":1089311,"relics_obtained":[{"floor":5,"key":"Bottled Flame"},{"floor":6,"key":"Potion Belt"},{"floor":9,"key":"Smiling Mask"},{"floor":13,"key":"Art of War"},{"floor":21,"key":"Omamori"},{"floor":26,"key":"Sundial"}],"event_choices":[{"damage_healed":0,"gold_gain":0,"player_choice":"Box","damage_taken":0,"relics_obtained":["Red Skull"],"max_hp_gain":0,"max_hp_loss":0,"event_name":"Big Fish","floor":4,"gold_loss":0,"cards_obtained":["Regret"]},{"cards_removed":["Regret"],"damage_healed":0,"gold_gain":0,"player_choice":"Forget","damage_taken":0,"max_hp_gain":0,"max_hp_loss":0,"event_name":"Living Wall","floor":8,"gold_loss":0},{"damage_healed":0,"gold_gain":0,"player_choice":"2 cards matched","damage_taken":0,"max_hp_gain":0,"max_hp_loss":0,"event_name":"Match and Keep!","floor":10,"gold_loss":0,"cards_obtained":["Pommel Strike","Impervious"]},{"damage_healed":0,"gold_gain":0,"player_choice":"Simplicity","damage_taken":0,"max_hp_gain":0,"max_hp_loss":0,"event_name":"Back to Basics","floor":19,"gold_loss":0,"cards_upgraded":["Strike_R","Strike_R","Strike_R","Strike_R","Defend_R","Defend_R"]},{"cards_removed":["Bash"],"damage_healed":0,"gold_gain":0,"player_choice":"Gave Gold","damage_taken":0,"max_hp_gain":0,"max_hp_loss":0,"event_name":"Beggar","floor":20,"gold_loss":75}],"is_beta":false,"boss_relics":[{"not_picked":["Runic Cube","Philosopher\u0027s Stone"],"picked":"Astrolabe"}],"items_purged_floors":[22],"is_endless":false,"potions_floor_spawned":[3,6,13,18,25],"killed_by":"Snake Plant","ascension_level":19}