{"gold_per_floor":[114,64,139,27,44,44,73,73,122,45,45,45,80,97,97,196,196,207,227,127,307,325,325,341,351,403,403,8,8,23,41,41,139,139,157,157,167,180,195,195,195,195,195,208,221,221,105,125,125,125],"floor_reached":51,"playtime":2344,"items_purged":["Strike_G","Pain","Defend_G"],"score":843,"play_id":"effaf43b-c4fd-4999-bb8b-be04a6fb43b6","local_time":"20190211010728","is_ascension_mode":true,"campfire_choices":[{"data":"Masterful Stab","floor":6,"key":"SMITH"},{"data":"Well Laid Plans","floor":12,"key":"SMITH"},{"floor":15,"key":"REST"},{"floor":23,"key":"REST"},{"floor":27,"key":"REST"},{"floor":29,"key":"REST"},{"floor":32,"key":"REST"},{"floor":40,"key":"REST"},{"floor":46,"key":"REST"},{"floor":49,"key":"REST"}],"neow_cost":"NONE","seed_source_timestamp":921345209702624,"circlet_count":0,"master_deck":["Defend_G","Defend_G+1","Defend_G","Strike_G+1","Survivor","Neutralize","Sucker Punch+1","Masterful Stab+1","Dodge and Roll+1","Dash","Well Laid Plans+1","Glass Knife","Corpse Explosion","Deflect+1","Bouncing Flask+1","Noxious Fumes+1","Footwork","Backflip","Die Die Die","Caltrops+1","Outmaneuver+1","Footwork","Catalyst","Adrenaline"],"relics":["Ring of the Snake","NeowsBlessing","Ancient Tea Set","Whetstone","WarpedTongs","Vajra","Empty Cage","Blood Vial","TwistedFunnel","Velvet Choker","Paper Crane"],"potions_floor_usage":[16,24,25,33,37,39,50,50,50],"damage_taken":[{"damage":0,"enemies":"Small Slimes","floor":1,"turns":1},{"damage":0,"enemies":"2 Louse","floor":5,"turns":1},{"damage":0,"enemies":"Gremlin Nob","floor":7,"turns":1},{"damage":9,"enemies":"3 Sentries","floor":13,"turns":11},{"damage":0,"enemies":"Cultist","floor":14,"turns":2},{"damage":35,"enemies":"Slime Boss","floor":16,"turns":15},{"damage":4,"enemies":"Chosen","floor":18,"turns":5},{"damage":4,"enemies":"3 Byrds","floor":19,"turns":4},{"damage":11,"enemies":"3 Cultists","floor":22,"turns":4},{"damage":12,"enemies":"Snecko","floor":24,"turns":4},{"damage":16,"enemies":"Centurion and Healer","floor":25,"turns":4},{"damage":21,"enemies":"Cultist and Chosen","floor":30,"turns":5},{"damage":0,"enemies":"3 Cultists","floor":31,"turns":2},{"damage":29,"enemies":"Automaton","floor":33,"turns":11},{"damage":0,"enemies":"Orb Walker","floor":35,"turns":3},{"damage":0,"enemies":"3 Darklings","floor":37,"turns":2},{"damage":12,"enemies":"4 Shapes","floor":38,"turns":3},{"damage":27,"enemies":"Spire Growth","floor":39,"turns":4},{"damage":17,"enemies":"3 Darklings","floor":44,"turns":2},{"damage":11,"enemies":"Sphere and 2 Shapes","floor":45,"turns":4},{"damage":5,"enemies":"Writhing Mass","floor":48,"turns":5},{"damage":19,"enemies":"Time Eater","floor":50,"turns":11}],"seed_played":"7054279595226526262","potions_obtained":[{"floor":5,"key":"Ancient Potion"},{"floor":13,"key":"SpeedPotion"},{"floor":14,"key":"FearPotion"},{"floor":16,"key":"Explosive Potion"},{"floor":24,"key":"Weak Potion"},{"floor":33,"key":"SkillPotion"},{"floor":38,"key":"EntropicBrew"},{"floor":39,"key":"FearPotion"},{"floor":45,"key":"Weak Potion"}],"is_trial":false,"path_per_floor":["M","?","?","$","M","R","E","?","T","$","?","R","E","M","R","B",null,"M","M","$","?","M","R","M","M","T","R","$","R","M","M","R","B",null,"M","?","M","M","M","R","?","?","T","M","M","R","$","M","R","B",null],"character_chosen":"THE_SILENT","items_purchased":["Masterful Stab","Well Laid Plans","Footwork","TwistedFunnel","Footwork","Catalyst"],"campfire_rested":8,"item_purchase_floors":[4,10,28,28,47,47],"current_hp_per_floor":[70,70,59,59,59,59,59,45,45,45,45,45,36,36,57,22,58,54,50,50,29,18,39,27,11,11,32,32,53,34,36,57,30,60,62,62,64,54,29,50,50,50,50,35,26,45,45,42,61,44],"gold":125,"neow_bonus":"THREE_ENEMY_KILL","is_prod":false,"is_daily":false,"chose_seed":false,"campfire_upgraded":2,"win_rate":0,"timestamp":1549865248,"path_taken":["M","?","?","$","M","R","E","?","T","$","?","R","E","M","R","BOSS","M","?","$","?","?","R","M","M","T","R","?","R","M","M","R","BOSS","M","?","M","M","M","R","?","?","T","?","M","R","?","M","R","BOSS"],"build_version":"2019-01-23","purchased_purges":3,"victory":true,"max_hp_per_floor":[70,70,70,70,70,70,70,70,70,70,70,70,70,70,70,70,70,70,70,70,70,70,70,70,70,70,70,70,70,70,70,70,70,70,70,70,70,70,70,70,66,66,66,66,66,66,66,66,66,66],"card_choices":[{"not_picked":["Cloak And Dagger","Heel Hook"],"picked":"Sucker Punch","floor":1},{"not_picked":["Slice","Eviscerate"],"picked":"Dodge and Roll","floor":5},{"not_picked":["Leg Sweep","Setup"],"picked":"Dash","floor":7},{"not_picked":["Expertise","Night Terror"],"picked":"Glass Knife","floor":13},{"not_picked":["Slice","Outmaneuver"],"picked":"PiercingWail","floor":14},{"not_picked":["Tools of the Trade","Wraith Form v2"],"picked":"Corpse Explosion","floor":16},{"not_picked":["Calculated Gamble","Acrobatics+1","Slice"],"picked":"SKIP","floor":18},{"not_picked":["Bane","PiercingWail+1"],"picked":"Deflect+1","floor":19},{"not_picked":["Poisoned Stab","Sucker Punch"],"picked":"Bouncing Flask+1","floor":22},{"not_picked":["Outmaneuver","Reflex"],"picked":"Noxious Fumes+1","floor":24},{"not_picked":["Dagger Throw","Cloak And Dagger","Outmaneuver"],"picked":"SKIP","floor":25},{"not_picked":["Dagger Throw+1","Endless Agony","Calculated Gamble"],"picked":"SKIP","floor":30},{"not_picked":["Dagger Spray","Acrobatics+1"],"picked":"Backflip","floor":31},{"not_picked":["Malaise","Grand Finale"],"picked":"Die Die Die","floor":33},{"not_picked":["Flechettes+1","Prepared+1","Expertise"],"picked":"SKIP","floor":35},{"not_picked":["Blur","Dodge and Roll","Calculated Gamble"],"picked":"SKIP","floor":37},{"not_picked":["Dagger Spray+1","PiercingWail+1","Poisoned Stab+1"],"picked":"SKIP","floor":38},{"not_picked":["Underhanded Strike","Finisher","Dagger Throw+1"],"picked":"SKIP","floor":39},{"not_picked":["Slice","Cloak And Dagger"],"picked":"Caltrops+1","floor":44},{"not_picked":["Cloak And Dagger+1","All Out Attack+1"],"picked":"Outmaneuver+1","floor":45},{"not_picked":["Sucker Punch","Deadly Poison"],"picked":"Adrenaline","floor":48}],"player_experience":216150,"relics_obtained":[{"floor":7,"key":"Ancient Tea Set"},{"floor":9,"key":"Whetstone"},{"floor":13,"key":"Vajra"},{"floor":26,"key":"Blood Vial"},{"floor":43,"key":"Paper Crane"}],"event_choices":[{"cards_removed":["Strike_G"],"damage_healed":0,"gold_gain":0,"player_choice":"Card Removal","damage_taken":0,"max_hp_gain":0,"max_hp_loss":0,"event_name":"The Cleric","floor":2,"gold_loss":50},{"damage_healed":0,"gold_gain":75,"player_choice":"Gather Gold","damage_taken":11,"max_hp_gain":0,"max_hp_loss":0,"event_name":"World of Goop","floor":3,"gold_loss":0},{"damage_healed":0,"gold_gain":0,"player_choice":"Entered Light","damage_taken":14,"max_hp_gain":0,"max_hp_loss":0,"event_name":"Shining Light","floor":8,"gold_loss":0,"cards_upgraded":["Dodge and Roll","Defend_G"]},{"damage_healed":0,"gold_gain":0,"player_choice":"Rummage","damage_taken":0,"relics_obtained":["WarpedTongs"],"max_hp_gain":0,"max_hp_loss":0,"event_name":"Accursed Blacksmith","floor":11,"gold_loss":0,"cards_obtained":["Pain"]},{"damage_healed":0,"gold_gain":180,"player_choice":"GOLD GOLD ","damage_taken":21,"max_hp_gain":0,"max_hp_loss":0,"event_name":"Knowing Skull","floor":21,"potions_obtained":[],"gold_loss":0,"cards_obtained":[]},{"cards_removed":["PiercingWail"],"damage_healed":0,"gold_gain":0,"player_choice":"Removed Skill","damage_taken":0,"max_hp_gain":0,"max_hp_loss":0,"event_name":"Falling","floor":36,"gold_loss":0},{"damage_healed":0,"gold_gain":0,"player_choice":"Max HP","damage_taken":0,"max_hp_gain":0,"max_hp_loss":4,"event_name":"Winding Halls","floor":41,"gold_loss":0},{"cards_removed":["Strike_G"],"damage_healed":0,"gold_gain":0,"player_choice":"Purged","damage_taken":0,"max_hp_gain":0,"max_hp_loss":0,"event_name":"Purifier","floor":42,"gold_loss":0}],"is_beta":false,"boss_relics":[{"not_picked":["Ectoplasm","Lizard Tail"],"picked":"Empty Cage"},{"not_picked":["Snecko Eye","Orrery"],"picked":"Velvet Choker"}],"items_purged_floors":[4,20,28],"is_endless":false,"potions_floor_spawned":[5,13,14,16,22,24,33,38,39,45],"ascension_level":5}