{"gold_per_floor":[211,211,225,225,190,190,213,139,217,392,413,257,278,278,278,278],"floor_reached":16,"playtime":537,"items_purged":["Doubt"],"score":153,"play_id":"26b04038-19ed-4e68-a5a8-061de5ba95b0","local_time":"20181120174950","is_ascension_mode":true,"campfire_choices":[{"data":"Bash","floor":6,"key":"SMITH"},{"data":"Mind Blast","floor":15,"key":"SMITH"}],"neow_cost":"NONE","seed_source_timestamp":432177796951,"circlet_count":0,"master_deck":["AscendersBane","Strike_R","Strike_R","Strike_R","Strike_R","Strike_R","Defend_R","Defend_R","Defend_R","Defend_R","Bash+1","True Grit+1","Sever Soul","Flame Barrier+1","Feel No Pain","Mind Blast+1","Shrug It Off+1"],"relics":["Burning Blood","Toxic Egg 2","Golden Idol","Shuriken"],"potions_floor_usage":[13,16],"damage_taken":[{"damage":4,"enemies":"Small Slimes","floor":1,"turns":4},{"damage":11,"enemies":"Cultist","floor":3,"turns":4},{"damage":10,"enemies":"Jaw Worm","floor":7,"turns":4},{"damage":0,"enemies":"Looter","floor":11,"turns":4},{"damage":6,"enemies":"Exordium Wildlife","floor":13,"turns":3},{"damage":79,"enemies":"Slime Boss","floor":16,"turns":9}],"seed_played":"-5100091950945585734","potions_obtained":[{"floor":3,"key":"Swift Potion"},{"floor":7,"key":"LiquidBronze"},{"floor":11,"key":"Explosive Potion"}],"is_trial":false,"path_per_floor":["M","?","M","?","?","R","M","$","T","?","M","$","M","?","R","B"],"character_chosen":"IRONCLAD","items_purchased":["Flame Barrier+1","Mind Blast"],"campfire_rested":0,"item_purchase_floors":[8,12],"current_hp_per_floor":[70,70,65,65,69,69,65,65,65,65,69,69,69,69,69,0],"gold":278,"neow_bonus":"HUNDRED_GOLD","is_prod":false,"is_daily":false,"chose_seed":false,"campfire_upgraded":2,"win_rate":0,"timestamp":1542764990,"path_taken":["M","?","?","?","?","R","M","?","T","?","M","?","?","?","R","BOSS"],"build_version":"2018-11-15","purchased_purges":1,"victory":false,"max_hp_per_floor":[75,75,75,69,69,69,69,69,69,69,69,69,69,69,69,69],"card_choices":[{"not_picked":["Thunderclap","Clash"],"picked":"Wild Strike","floor":1},{"not_picked":["Intimidate+1","Armaments+1"],"picked":"True Grit+1","floor":3},{"not_picked":["Fire Breathing","Feel No Pain"],"picked":"Sever Soul","floor":7},{"not_picked":["Rampage","Fire Breathing"],"picked":"Feel No Pain","floor":11},{"not_picked":["Shockwave+1","Pommel Strike"],"picked":"Shrug It Off+1","floor":13}],"player_experience":801828,"relics_obtained":[{"floor":9,"key":"Shuriken"}],"event_choices":[{"cards_removed":["Wild Strike"],"damage_healed":0,"gold_gain":0,"player_choice":"Gave Card","damage_taken":0,"relics_obtained":["Toxic Egg 2"],"max_hp_gain":0,"max_hp_loss":0,"event_name":"WeMeetAgain","floor":2,"gold_loss":0},{"damage_healed":0,"gold_gain":0,"player_choice":"Lose Max HP","damage_taken":0,"relics_obtained":["Golden Idol"],"max_hp_gain":0,"max_hp_loss":6,"event_name":"Golden Idol","floor":4,"gold_loss":0},{"damage_healed":17,"gold_gain":0,"player_choice":"Healed","damage_taken":0,"max_hp_gain":0,"max_hp_loss":0,"event_name":"The Cleric","floor":5,"gold_loss":35},{"damage_healed":0,"gold_gain":175,"player_choice":"AGREE","damage_taken":0,"max_hp_gain":0,"max_hp_loss":0,"event_name":"Liars Game","floor":10,"gold_loss":0,"cards_obtained":["Doubt"]},{"damage_healed":0,"gold_gain":0,"player_choice":"0 cards matched","damage_taken":0,"max_hp_gain":0,"max_hp_loss":0,"event_name":"Match and Keep!","floor":14,"gold_loss":0,"cards_obtained":[]}],"is_beta":false,"boss_relics":[],"items_purged_floors":[12],"is_endless":false,"potions_floor_spawned":[3,7,11],"killed_by":"Slime Boss","ascension_level":14}