{"gold_per_floor":[119,134,84,104,118,43,76,76,127,127,155,8,8,39,39,134,134,153,165,176,101,101,101,128,159,159,159,159,159,170,189,189,189],"floor_reached":33,"playtime":1576,"items_purged":["Defend_R"],"score":311,"play_id":"b826bd17-b5c9-4a38-b5e0-c911c883e32e","local_time":"20190602121734","is_ascension_mode":true,"campfire_choices":[{"floor":8,"key":"REST"},{"data":"Bash","floor":10,"key":"SMITH"},{"data":"Armaments","floor":13,"key":"SMITH"},{"floor":15,"key":"REST"},{"floor":23,"key":"REST"},{"data":"Dropkick","floor":27,"key":"SMITH"},{"data":"Bloodletting","floor":32,"key":"SMITH"}],"neow_cost":"NONE","seed_source_timestamp":575900885490546,"circlet_count":0,"master_deck":["Strike_R+1","Strike_R+1","Defend_R","Defend_R","Bash+1","Dropkick+1","Armaments+1","Dropkick","Thunderclap","Immolate","Thunderclap+1","Impervious","RitualDagger","Bloodletting+1"],"relics":["Burning Blood","Ancient Tea Set","Letter Opener","Lantern","Whetstone","Oddly Smooth Stone","Pocketwatch","Empty Cage","Bronze Scales","Gremlin Horn","Bottled Lightning"],"potions_floor_usage":[7,7,11,18,30,33,33],"damage_taken":[{"damage":10,"enemies":"Small Slimes","floor":1,"turns":4},{"damage":7,"enemies":"2 Louse","floor":2,"turns":3},{"damage":12,"enemies":"Jaw Worm","floor":4,"turns":2},{"damage":8,"enemies":"Looter","floor":5,"turns":4},{"damage":33,"enemies":"3 Sentries","floor":7,"turns":8},{"damage":26,"enemies":"Lagavulin","floor":11,"turns":5},{"damage":11,"enemies":"Gremlin Nob","floor":14,"turns":4},{"damage":51,"enemies":"The Guardian","floor":16,"turns":10},{"damage":21,"enemies":"2 Thieves","floor":18,"turns":3},{"damage":0,"enemies":"Chosen","floor":19,"turns":3},{"damage":38,"enemies":"Shelled Parasite and Fungi","floor":20,"turns":5},{"damage":20,"enemies":"Slavers","floor":25,"turns":2},{"damage":0,"enemies":"3 Cultists","floor":30,"turns":2},{"damage":3,"enemies":"Cultist and Chosen","floor":31,"turns":3},{"damage":67,"enemies":"Champ","floor":33,"turns":7}],"seed_played":"-5271683641423168833","potions_obtained":[{"floor":2,"key":"EssenceOfSteel"},{"floor":5,"key":"BloodPotion"},{"floor":7,"key":"FearPotion"},{"floor":16,"key":"Regen Potion"},{"floor":25,"key":"Explosive Potion"},{"floor":30,"key":"SkillPotion"},{"floor":31,"key":"EssenceOfSteel"}],"is_trial":false,"path_per_floor":["M","M","?","M","M","$","E","R","T","R","E","$","R","E","R","B",null,"M","M","M","?","?","R","T","E","T","R","?","?","M","M","R","B"],"character_chosen":"IRONCLAD","items_purchased":["Oddly Smooth Stone"],"campfire_rested":3,"item_purchase_floors":[12],"current_hp_per_floor":[76,75,75,69,67,67,48,72,72,72,52,52,52,47,71,26,80,69,75,43,43,43,67,67,53,53,53,47,47,53,56,56,0],"gold":189,"neow_bonus":"RANDOM_COMMON_RELIC","is_prod":false,"is_daily":false,"chose_seed":false,"campfire_upgraded":4,"win_rate":0,"timestamp":1559503054,"path_taken":["M","M","?","M","M","$","E","R","T","R","E","$","R","E","R","BOSS","M","M","M","?","?","R","?","E","T","R","?","?","?","M","R","BOSS"],"build_version":"2019-01-23","purchased_purges":1,"victory":false,"max_hp_per_floor":[80,80,80,80,80,80,80,80,80,80,80,80,80,80,80,80,80,80,80,80,80,80,80,80,80,80,80,80,80,80,80,80,80],"card_choices":[{"not_picked":["Clash","Power Through"],"picked":"Twin Strike","floor":1},{"not_picked":["Infernal Blade","Havoc"],"picked":"Dropkick","floor":2},{"not_picked":["Iron Wave","Metallicize"],"picked":"Armaments","floor":4},{"not_picked":["Feel No Pain","Cleave"],"picked":"Dropkick","floor":5},{"not_picked":["Second Wind","Berserk","Body Slam"],"picked":"SKIP","floor":7},{"not_picked":["Clothesline","Shockwave","Fire Breathing"],"picked":"SKIP","floor":11},{"not_picked":["Iron Wave","Rupture"],"picked":"Thunderclap","floor":14},{"not_picked":["Bludgeon","Double Tap"],"picked":"Immolate","floor":16},{"not_picked":["Twin Strike","Warcry","Anger"],"picked":"SKIP","floor":18},{"not_picked":["Clothesline+1","Pommel Strike"],"picked":"Thunderclap+1","floor":19},{"not_picked":["Clothesline","Havoc+1"],"picked":"Impervious","floor":20},{"not_picked":["Pummel","Disarm","Reckless Charge"],"picked":"SKIP","floor":25},{"not_picked":["Twin Strike+1","Flame Barrier+1"],"picked":"Bloodletting","floor":30},{"not_picked":["Whirlwind","Shrug It Off","Iron Wave"],"picked":"SKIP","floor":31}],"player_experience":273537,"relics_obtained":[{"floor":7,"key":"Letter Opener"},{"floor":9,"key":"Lantern"},{"floor":11,"key":"Whetstone"},{"floor":14,"key":"Pocketwatch"},{"floor":24,"key":"Bronze Scales"},{"floor":25,"key":"Gremlin Horn"},{"floor":26,"key":"Bottled Lightning"}],"event_choices":[{"cards_removed":["Strike_R"],"damage_healed":0,"gold_gain":0,"player_choice":"Card Removal","damage_taken":0,"max_hp_gain":0,"max_hp_loss":0,"event_name":"The Cleric","floor":3,"gold_loss":50},{"cards_removed":["Defend_R"],"damage_healed":0,"gold_gain":0,"player_choice":"Gave Gold","damage_taken":0,"max_hp_gain":0,"max_hp_loss":0,"event_name":"Beggar","floor":21,"gold_loss":75},{"cards_removed":["Twin Strike"],"damage_healed":0,"gold_gain":0,"player_choice":"Elegance","damage_taken":0,"max_hp_gain":0,"max_hp_loss":0,"event_name":"Back to Basics","floor":22,"gold_loss":0},{"damage_healed":0,"gold_gain":0,"player_choice":"Joined the Cult","damage_taken":6,"max_hp_gain":0,"max_hp_loss":0,"event_name":"Nest","floor":28,"gold_loss":0,"cards_obtained":["RitualDagger"]},{"damage_healed":0,"gold_gain":0,"player_choice":"Ignored","damage_taken":0,"max_hp_gain":0,"max_hp_loss":0,"event_name":"The Mausoleum","floor":29,"gold_loss":0}],"is_beta":false,"boss_relics":[{"not_picked":["Fusion Hammer","Lizard Tail"],"picked":"Empty Cage"}],"items_purged_floors":[6],"is_endless":false,"potions_floor_spawned":[2,5,7,16,25,30,31],"killed_by":"Champ","ascension_level":2}