{"gold_per_floor":[109,109,122,6,22,51,51,86,86,86,165,121,132,144,144,144],"floor_reached":16,"playtime":528,"items_purged":["Strike_R"],"score":215,"play_id":"0aab74a3-e773-4eec-baba-cd7edbe093c7","local_time":"20190625151817","is_ascension_mode":true,"campfire_choices":[{"floor":15,"key":"REST"}],"neow_cost":"NONE","seed_source_timestamp":1095898966500372,"circlet_count":0,"master_deck":["AscendersBane","Strike_R","Strike_R","Strike_R","Defend_R","Defend_R","Defend_R","Defend_R","Bash","Clash","Metallicize","Rampage+1","Disarm","Battle Trance","True Grit","Limit Break"],"relics":["Burning Blood","NeowsBlessing","Bronze Scales","Shovel","Matryoshka","Letter Opener","Frozen Egg 2"],"potions_floor_usage":[6,6,8],"damage_taken":[{"damage":0,"enemies":"2 Louse","floor":1,"turns":1},{"damage":0,"enemies":"Cultist","floor":3,"turns":1},{"damage":0,"enemies":"Jaw Worm","floor":5,"turns":1},{"damage":34,"enemies":"3 Sentries","floor":6,"turns":11},{"damage":30,"enemies":"Lagavulin","floor":8,"turns":5},{"damage":0,"enemies":"Looter","floor":13,"turns":3},{"damage":31,"enemies":"Large Slime","floor":14,"turns":8},{"damage":35,"enemies":"Hexaghost","floor":16,"turns":11}],"seed_played":"-8530374271531778398","potions_obtained":[{"floor":3,"key":"Block Potion"},{"floor":5,"key":"Explosive Potion"},{"floor":6,"key":"Explosive Potion"},{"floor":13,"key":"FairyPotion"}],"is_trial":false,"path_per_floor":["M","?","M","$","M","E","$","E","T","?","T","?","M","M","R","B"],"character_chosen":"IRONCLAD","items_purchased":["Rampage"],"campfire_rested":1,"item_purchase_floors":[4],"current_hp_per_floor":[74,74,75,75,75,47,47,23,23,23,23,23,29,13,35,0],"gold":144,"neow_bonus":"THREE_ENEMY_KILL","is_prod":false,"is_daily":false,"chose_seed":false,"campfire_upgraded":0,"win_rate":0,"timestamp":1561501097,"path_taken":["M","?","?","$","M","E","?","E","T","?","?","?","M","M","R","BOSS"],"build_version":"2019-01-23","purchased_purges":1,"victory":false,"max_hp_per_floor":[75,75,75,75,75,75,75,75,75,75,75,75,75,75,75,75],"card_choices":[{"not_picked":["Dual Wield","Body Slam"],"picked":"Clash","floor":1},{"not_picked":["Evolve","Clothesline"],"picked":"Metallicize","floor":3},{"not_picked":["Bloodletting","Havoc"],"picked":"Disarm","floor":5},{"not_picked":["Anger","Second Wind"],"picked":"Battle Trance","floor":6},{"not_picked":["Pummel","Wild Strike"],"picked":"True Grit","floor":8},{"not_picked":["Searing Blow","Second Wind"],"picked":"Limit Break","floor":13},{"not_picked":["Rage","Twin Strike","Dual Wield"],"picked":"SKIP","floor":14}],"player_experience":1077882,"relics_obtained":[{"floor":6,"key":"Bronze Scales"},{"floor":8,"key":"Shovel"},{"floor":9,"key":"Matryoshka"},{"floor":11,"key":"Letter Opener"},{"floor":11,"key":"Frozen Egg 2"}],"event_choices":[{"cards_removed":["Strike_R"],"damage_healed":0,"gold_gain":0,"player_choice":"Purged","damage_taken":0,"max_hp_gain":0,"max_hp_loss":0,"event_name":"Purifier","floor":2,"gold_loss":0},{"damage_healed":0,"gold_gain":0,"player_choice":"Grow","damage_taken":0,"max_hp_gain":0,"max_hp_loss":0,"event_name":"Living Wall","floor":10,"gold_loss":0,"cards_upgraded":["Rampage"]},{"damage_healed":0,"gold_gain":0,"player_choice":"Left Gold","damage_taken":0,"max_hp_gain":0,"max_hp_loss":0,"event_name":"World of Goop","floor":12,"gold_loss":44}],"is_beta":false,"boss_relics":[],"items_purged_floors":[4],"is_endless":false,"potions_floor_spawned":[3,5,6,13],"killed_by":"Hexaghost","ascension_level":19}