{"gold_per_floor":[112,15,15,15,31,93,93,127,177,193,193,209,209,239,239,318,318,333,352,352,367,380,405,479,479,505,538,372,372,387,208,208,279,279,299,299,317,329,14,39,39,50,50,50,0,15,40,57,57,57,57],"floor_reached":52,"playtime":2587,"items_purged":["Shame","Strike_R"],"score":2040,"play_id":"4a26091b-83ce-4cef-aea5-16f80fa5f43b","local_time":"20190628001207","is_ascension_mode":true,"campfire_choices":[{"data":"Shockwave","floor":7,"key":"SMITH"},{"data":"Armaments","floor":13,"key":"SMITH"},{"data":"Rampage","floor":15,"key":"SMITH"},{"floor":25,"key":"REST"},{"data":"Metallicize","floor":32,"key":"SMITH"},{"data":"Double Tap","floor":41,"key":"SMITH"},{"data":"Body Slam","floor":44,"key":"SMITH"},{"data":"Limit Break","floor":49,"key":"SMITH"}],"neow_cost":"NONE","seed_source_timestamp":533667238016785,"circlet_count":0,"master_deck":["AscendersBane","Strike_R","Defend_R","Defend_R","Defend_R","Defend_R","Bash","Combust","Rampage+1","Shrug It Off","Carnage","Shockwave+1","Barricade+1","Armaments+1","Double Tap+1","Bludgeon","Headbutt","Ghostly Armor","Battle Trance","Burning Pact","Metallicize+1","Body Slam+1","Whirlwind","Impervious","Sentinel","Spot Weakness","Battle Trance+1","Parasite","Limit Break+1","Heavy Blade"],"relics":["Burning Blood","NeowsBlessing","Tiny Chest","Dream Catcher","Happy Flower","Meat on the Bone","Cursed Key","Du-Vu Doll","Kunai","Bag of Preparation","Incense Burner","Velvet Choker","OrangePellets","Oddly Smooth Stone","Self Forming Clay","Red Mask","Orichalcum"],"potions_floor_usage":[8,8,18,21,27,33,40,50,51],"damage_taken":[{"damage":0,"enemies":"Jaw Worm","floor":1,"turns":1},{"damage":0,"enemies":"2 Louse","floor":5,"turns":2},{"damage":0,"enemies":"Lagavulin","floor":6,"turns":1},{"damage":20,"enemies":"Gremlin Nob","floor":8,"turns":4},{"damage":4,"enemies":"Small Slimes","floor":10,"turns":3},{"damage":25,"enemies":"Gremlin Gang","floor":12,"turns":3},{"damage":5,"enemies":"Lagavulin","floor":14,"turns":7},{"damage":6,"enemies":"The Guardian","floor":16,"turns":11},{"damage":2,"enemies":"Chosen","floor":18,"turns":4},{"damage":11,"enemies":"3 Byrds","floor":19,"turns":5},{"damage":12,"enemies":"Centurion and Healer","floor":21,"turns":5},{"damage":29,"enemies":"Shelled Parasite and Fungi","floor":22,"turns":4},{"damage":39,"enemies":"Gremlin Leader","floor":23,"turns":7},{"damage":14,"enemies":"Slavers","floor":27,"turns":4},{"damage":10,"enemies":"Snecko","floor":30,"turns":3},{"damage":52,"enemies":"Automaton","floor":33,"turns":10},{"damage":4,"enemies":"3 Shapes","floor":35,"turns":7},{"damage":28,"enemies":"3 Darklings","floor":37,"turns":10},{"damage":14,"enemies":"Transient","floor":38,"turns":6},{"damage":10,"enemies":"Nemesis","floor":40,"turns":7},{"damage":20,"enemies":"Maw","floor":42,"turns":8},{"damage":11,"enemies":"Sphere and 2 Shapes","floor":46,"turns":4},{"damage":1,"enemies":"Giant Head","floor":47,"turns":7},{"damage":16,"enemies":"Writhing Mass","floor":48,"turns":7},{"damage":30,"enemies":"Donu and Deca","floor":50,"turns":7},{"damage":26,"enemies":"Awakened One","floor":51,"turns":10}],"seed_played":"-1013053507712305550","potions_obtained":[{"floor":1,"key":"Block Potion"},{"floor":6,"key":"Swift Potion"},{"floor":8,"key":"Fire Potion"},{"floor":16,"key":"Block Potion"},{"floor":18,"key":"AttackPotion"},{"floor":30,"key":"Block Potion"},{"floor":33,"key":"Ancient Potion"},{"floor":37,"key":"GamblersBrew"},{"floor":46,"key":"Ancient Potion"},{"floor":48,"key":"Strength Potion"}],"is_trial":false,"path_per_floor":["M","$","?","?","M","E","R","E","T","M","?","M","R","E","R","B",null,"M","M","?","M","M","E","T","R","T","E","$","?","M","$","R","B",null,"M","?","M","M","$","E","R","M","T","R","?","M","E","M","R","B","B",null],"character_chosen":"IRONCLAD","items_purchased":["Rampage","Shrug It Off","Metallicize","Body Slam","Whirlwind","Spot Weakness","OrangePellets"],"campfire_rested":1,"item_purchase_floors":[2,2,28,28,31,39,39],"current_hp_per_floor":[74,74,67,72,78,80,80,66,66,68,68,49,49,50,50,50,73,77,72,72,66,55,34,34,58,58,50,50,50,58,58,58,24,66,68,68,58,50,50,58,58,56,56,56,56,51,56,58,58,46,38],"gold":57,"neow_bonus":"THREE_ENEMY_KILL","is_prod":false,"is_daily":false,"chose_seed":false,"campfire_upgraded":7,"win_rate":0,"timestamp":1561695127,"path_taken":["M","$","?","?","M","E","R","E","T","M","?","M","R","E","R","BOSS","M","M","?","M","?","E","?","R","T","E","$","?","M","$","R","BOSS","M","?","M","?","$","E","R","M","T","R","?","M","E","M","R","BOSS","BOSS"],"build_version":"2019-01-23","purchased_purges":2,"victory":true,"max_hp_per_floor":[75,75,75,80,80,80,80,80,80,80,80,80,80,80,80,80,80,80,80,80,80,80,80,80,80,80,80,80,80,80,80,80,80,80,80,80,80,80,80,80,80,80,80,80,80,80,80,80,80,80,80],"card_choices":[{"not_picked":["Blood for Blood","Havoc"],"picked":"Combust","floor":1},{"not_picked":["Twin Strike","Entrench"],"picked":"Carnage","floor":5},{"not_picked":["Body Slam","Twin Strike"],"picked":"Shockwave","floor":6},{"not_picked":["Evolve","Havoc","Warcry"],"picked":"SKIP","floor":8},{"not_picked":["Armaments","Hemokinesis"],"picked":"Barricade","floor":10},{"not_picked":["Infernal Blade","Carnage"],"picked":"Armaments","floor":12},{"not_picked":["Pommel Strike","Wild Strike"],"picked":"Double Tap","floor":14},{"not_picked":["Immolate","Brutality"],"picked":"Bludgeon","floor":16},{"not_picked":["Iron Wave","Shrug It Off"],"picked":"Headbutt","floor":18},{"not_picked":["Flex","Havoc","Armaments"],"picked":"SKIP","floor":19},{"not_picked":["Iron Wave","Armaments"],"picked":"Ghostly Armor","floor":21},{"not_picked":["Hemokinesis","Warcry","Reckless Charge"],"picked":"SKIP","floor":22},{"not_picked":["Pummel","Immolate"],"picked":"Battle Trance","floor":23},{"not_picked":["Heavy Blade","Cleave"],"picked":"Burning Pact","floor":25},{"not_picked":["Barricade","Cleave","Wild Strike"],"picked":"SKIP","floor":27},{"not_picked":["Second Wind","Feel No Pain","Searing Blow"],"picked":"SKIP","floor":30},{"not_picked":["Limit Break","Barricade"],"picked":"Impervious","floor":33},{"not_picked":["Infernal Blade","Wild Strike+1","Metallicize"],"picked":"SKIP","floor":35},{"not_picked":["Corruption","Hemokinesis","Evolve"],"picked":"SKIP","floor":37},{"not_picked":["Twin Strike","Sword Boomerang","Clothesline"],"picked":"SKIP","floor":38},{"not_picked":["Thunderclap","Anger"],"picked":"Battle Trance+1","floor":40},{"not_picked":["Infernal Blade","Wild Strike","Flex"],"picked":"SKIP","floor":42},{"not_picked":["Pummel","Disarm"],"picked":"Limit Break","floor":46},{"not_picked":["Sword Boomerang","Clothesline","Brutality"],"picked":"SKIP","floor":47},{"not_picked":["Wild Strike","Headbutt"],"picked":"Heavy Blade","floor":48}],"player_experience":980601,"relics_obtained":[{"floor":6,"key":"Tiny Chest"},{"floor":8,"key":"Dream Catcher"},{"floor":9,"key":"Happy Flower"},{"floor":14,"key":"Meat on the Bone"},{"floor":23,"key":"Du-Vu Doll"},{"floor":24,"key":"Kunai"},{"floor":26,"key":"Bag of Preparation"},{"floor":27,"key":"Incense Burner"},{"floor":40,"key":"Oddly Smooth Stone"},{"floor":43,"key":"Self Forming Clay"},{"floor":47,"key":"Orichalcum"}],"event_choices":[{"cards_removed":["Strike_R"],"damage_healed":0,"gold_gain":0,"player_choice":"Card Removal","damage_taken":7,"max_hp_gain":0,"max_hp_loss":0,"event_name":"Golden Wing","floor":3,"gold_loss":0},{"damage_healed":0,"gold_gain":0,"player_choice":"Donut","damage_taken":0,"max_hp_gain":5,"max_hp_loss":0,"event_name":"Big Fish","floor":4,"gold_loss":0},{"damage_healed":0,"gold_gain":0,"player_choice":"Grow","damage_taken":0,"max_hp_gain":0,"max_hp_loss":0,"event_name":"Living Wall","floor":11,"gold_loss":0,"cards_upgraded":["Barricade"]},{"cards_removed":["Strike_R"],"damage_healed":0,"gold_gain":0,"player_choice":"Purged","damage_taken":0,"max_hp_gain":0,"max_hp_loss":0,"event_name":"Purifier","floor":20,"gold_loss":0},{"cards_removed":["Doubt"],"damage_healed":0,"gold_gain":0,"player_choice":"Elegance","damage_taken":0,"max_hp_gain":0,"max_hp_loss":0,"event_name":"Back to Basics","floor":29,"gold_loss":0},{"damage_healed":0,"gold_gain":0,"cards_transformed":["Strike_R"],"player_choice":"Transformed","damage_taken":0,"max_hp_gain":0,"max_hp_loss":0,"event_name":"Transmorgrifier","floor":36,"gold_loss":0,"cards_obtained":["Sentinel"]},{"damage_healed":0,"gold_gain":0,"player_choice":"Paid","damage_taken":0,"relics_obtained":["Red Mask"],"max_hp_gain":0,"max_hp_loss":0,"event_name":"Tomb of Lord Red Mask","floor":45,"gold_loss":50}],"is_beta":false,"boss_relics":[{"not_picked":["Coffee Dripper","Fusion Hammer"],"picked":"Cursed Key"},{"not_picked":["Pandora\u0027s Box","Eternal Feather"],"picked":"Velvet Choker"}],"items_purged_floors":[28,31],"is_endless":false,"potions_floor_spawned":[1,6,8,16,18,30,33,37,38,46,48],"ascension_level":20}