{"gold_per_floor":[118,136,136,136,33,64,77,77,77,77,88,106,67,67,67,145,145,159,159,17,17,17,17,27,42,42,54,54,0,16,32,32,32],"floor_reached":33,"playtime":1237,"items_purged":["Strike_G","Parasite"],"score":457,"play_id":"2f9ffb03-bc5c-401b-9f47-c0385b5d3f4e","local_time":"20190608180438","is_ascension_mode":true,"campfire_choices":[{"floor":8,"key":"REST"},{"data":"Neutralize","floor":15,"key":"SMITH"},{"data":"Noxious Fumes","floor":23,"key":"SMITH"},{"floor":28,"key":"REST"},{"floor":32,"key":"REST"}],"neow_cost":"NONE","seed_source_timestamp":613888974746084,"circlet_count":0,"master_deck":["AscendersBane","Defend_G","Defend_G+1","Defend_G+1","Defend_G","Strike_G","Strike_G","Strike_G","Survivor","Neutralize+1","Leg Sweep","Dagger Spray","Terror","Sucker Punch","Flying Knee","Adrenaline+1","All Out Attack","Eviscerate+1","Tactician+1","Skewer+1","Flying Knee+1","Noxious Fumes+1","Outmaneuver","Bouncing Flask","Dagger Throw+1","Acrobatics","Backflip+1","Sucker Punch"],"relics":["Ring of the Snake","Paper Crane","Shuriken","Astrolabe","Nloth\u0027s Gift","War Paint"],"potions_floor_usage":[16,31],"damage_taken":[{"damage":1,"enemies":"2 Louse","floor":1,"turns":6},{"damage":0,"enemies":"Small Slimes","floor":2,"turns":3},{"damage":46,"enemies":"3 Sentries","floor":6,"turns":12},{"damage":0,"enemies":"Jaw Worm","floor":7,"turns":6},{"damage":6,"enemies":"Exordium Wildlife","floor":11,"turns":7},{"damage":2,"enemies":"Red Slaver","floor":12,"turns":6},{"damage":36,"enemies":"Slime Boss","floor":16,"turns":10},{"damage":5,"enemies":"Chosen","floor":18,"turns":4},{"damage":12,"enemies":"2 Thieves","floor":24,"turns":4},{"damage":8,"enemies":"Snake Plant","floor":25,"turns":4},{"damage":5,"enemies":"Centurion and Healer","floor":27,"turns":6},{"damage":23,"enemies":"Snecko","floor":30,"turns":6},{"damage":16,"enemies":"Snake Plant","floor":31,"turns":5},{"damage":28,"enemies":"Automaton","floor":33,"turns":4}],"seed_played":"3587489503270089998","potions_obtained":[{"floor":6,"key":"PowerPotion"},{"floor":11,"key":"FairyPotion"},{"floor":16,"key":"LiquidBronze"},{"floor":30,"key":"Block Potion"},{"floor":31,"key":"LiquidBronze"}],"is_trial":false,"path_per_floor":["M","M","?","?","$","E","M","R","T","?","M","M","$","?","R","B",null,"M","?","$","?","$","R","M","M","T","M","R","?","M","M","R","B"],"character_chosen":"THE_SILENT","items_purchased":["Sucker Punch","All Out Attack","Noxious Fumes"],"campfire_rested":3,"item_purchase_floors":[5,13,20],"current_hp_per_floor":[58,58,63,52,52,6,6,27,27,44,38,36,36,36,36,7,55,50,50,50,50,50,50,38,30,30,25,45,45,22,6,26,0],"gold":32,"neow_bonus":"THREE_CARDS","is_prod":false,"is_daily":false,"chose_seed":false,"campfire_upgraded":2,"win_rate":0,"timestamp":1560042278,"path_taken":["M","M","?","?","$","E","M","R","T","?","M","?","$","?","R","BOSS","M","?","?","?","$","R","M","M","T","?","R","?","M","M","R","BOSS"],"build_version":"2019-01-23","purchased_purges":2,"victory":false,"max_hp_per_floor":[66,66,71,71,71,71,71,71,71,71,71,71,71,71,71,71,71,71,71,68,68,68,68,68,68,68,68,68,68,68,68,68,68],"card_choices":[{"not_picked":["Slice","Cloak And Dagger"],"picked":"Leg Sweep","floor":0},{"not_picked":["Bane","Dodge and Roll"],"picked":"Dagger Spray","floor":1},{"not_picked":["Well Laid Plans","Slice"],"picked":"Terror","floor":2},{"not_picked":["Prepared","Underhanded Strike"],"picked":"Dodge and Roll","floor":6},{"not_picked":["Concentrate","Blade Dance","Accuracy"],"picked":"SKIP","floor":7},{"not_picked":["Riddle With Holes","Endless Agony"],"picked":"Flying Knee","floor":11},{"not_picked":["Slice","Dagger Throw"],"picked":"Adrenaline","floor":12},{"not_picked":["Doppelganger","Unload"],"picked":"Glass Knife","floor":16},{"not_picked":["Underhanded Strike","Outmaneuver"],"picked":"Flying Knee+1","floor":18},{"not_picked":["Poisoned Stab","Expertise"],"picked":"Bouncing Flask","floor":24},{"not_picked":["Escape Plan","Leg Sweep"],"picked":"Dagger Throw+1","floor":25},{"not_picked":["Flechettes","Prepared"],"picked":"Acrobatics","floor":27},{"not_picked":["Dagger Spray","Acrobatics"],"picked":"Backflip+1","floor":30},{"not_picked":["Deadly Poison","Outmaneuver"],"picked":"Sucker Punch","floor":31}],"player_experience":988678,"relics_obtained":[{"floor":6,"key":"Dodecahedron"},{"floor":9,"key":"Shuriken"},{"floor":26,"key":"War Paint"}],"event_choices":[{"damage_healed":0,"gold_gain":0,"player_choice":"Donut","damage_taken":0,"max_hp_gain":5,"max_hp_loss":0,"event_name":"Big Fish","floor":3,"gold_loss":0},{"damage_healed":0,"gold_gain":0,"player_choice":"Success","damage_taken":11,"relics_obtained":["Paper Crane"],"max_hp_gain":0,"max_hp_loss":0,"event_name":"Scrap Ooze","floor":4,"gold_loss":0},{"damage_healed":17,"gold_gain":0,"player_choice":"Healed and dodged fight","damage_taken":0,"max_hp_gain":0,"max_hp_loss":0,"event_name":"Mushrooms","floor":10,"gold_loss":0,"cards_obtained":["Parasite"]},{"damage_healed":0,"gold_gain":0,"player_choice":"Forge","damage_taken":0,"max_hp_gain":0,"max_hp_loss":0,"event_name":"Accursed Blacksmith","floor":14,"gold_loss":0,"cards_upgraded":["Adrenaline"]},{"damage_healed":0,"gold_gain":0,"player_choice":"Traded Relic","damage_taken":0,"relics_obtained":["Nloth\u0027s Gift"],"max_hp_gain":0,"max_hp_loss":0,"event_name":"N\u0027loth","floor":19,"relics_lost":["Dodecahedron"],"gold_loss":0},{"damage_healed":0,"gold_gain":0,"cards_transformed":["Strike_G"],"player_choice":"Transformed","damage_taken":0,"max_hp_gain":0,"max_hp_loss":0,"event_name":"Transmorgrifier","floor":21,"gold_loss":0,"cards_obtained":["Outmaneuver"]},{"damage_healed":0,"gold_gain":0,"player_choice":"Paid Fearfully","damage_taken":0,"max_hp_gain":0,"max_hp_loss":0,"event_name":"Masked Bandits","floor":29,"gold_loss":54}],"is_beta":false,"boss_relics":[{"not_picked":["Lizard Tail","Eternal Feather"],"picked":"Astrolabe"}],"items_purged_floors":[5,20],"is_endless":false,"potions_floor_spawned":[6,11,16,30,31],"killed_by":"Automaton","ascension_level":17}