{"gold_per_floor":[113,130,110,123,198,198,348,348,348,305,356,387,429,454,466,551,563,586,539,539,539,539,539,539],"floor_reached":24,"playtime":561,"items_purged":[],"score":391,"play_id":"063f4209-a3d2-4280-8d62-89cf51acd6d0","local_time":"20190602165643","is_ascension_mode":true,"campfire_choices":[{"data":"Leap","floor":6,"key":"SMITH"},{"data":"Dualcast","floor":8,"key":"SMITH"},{"data":"Conserve Battery","floor":15,"key":"SMITH"},{"data":"Rainbow","floor":23,"key":"SMITH"}],"neow_cost":"NONE","seed_source_timestamp":92095221699467,"circlet_count":0,"master_deck":["AscendersBane","Strike_B","Strike_B","Defend_B","Defend_B","Defend_B","Defend_B","Zap","Dualcast+1","Leap+1","Doubt","Reinforced Body","Electrodynamics","Conserve Battery+1","Rainbow+1","Conserve Battery","Tempest","Heatsinks"],"relics":["Cracked Core","NeowsBlessing","Cables","MawBank","Meat on the Bone","Sozu"],"potions_floor_usage":[13,13,14,14,18],"damage_taken":[{"damage":0,"enemies":"Jaw Worm","floor":1,"turns":1},{"damage":0,"enemies":"Cultist","floor":2,"turns":1},{"damage":0,"enemies":"Small Slimes","floor":4,"turns":1},{"damage":2,"enemies":"3 Louse","floor":12,"turns":3},{"damage":0,"enemies":"3 Sentries","floor":13,"turns":2},{"damage":5,"enemies":"Exordium Wildlife","floor":14,"turns":3},{"damage":20,"enemies":"Slime Boss","floor":16,"turns":9},{"damage":0,"enemies":"3 Byrds","floor":18,"turns":3},{"damage":51,"enemies":"Book of Stabbing","floor":24,"turns":5}],"seed_played":"-3784302147022031293","potions_obtained":[{"floor":1,"key":"AttackPotion"},{"floor":3,"key":"EntropicBrew"},{"floor":4,"key":"FocusPotion"},{"floor":13,"key":"Fruit Juice"}],"is_trial":false,"path_per_floor":["M","M","?","M","?","R","?","R","T","$","T","M","E","M","R","B",null,"M","$","?","?","?","R","E"],"character_chosen":"DEFECT","items_purchased":["Reinforced Body","Conserve Battery"],"campfire_rested":0,"item_purchase_floors":[10,19],"current_hp_per_floor":[64,64,64,64,53,53,53,53,53,53,53,51,56,51,51,43,68,68,68,46,46,46,46,0],"gold":539,"neow_bonus":"THREE_ENEMY_KILL","is_prod":false,"is_daily":false,"chose_seed":false,"campfire_upgraded":4,"win_rate":0,"timestamp":1559519803,"path_taken":["M","M","?","?","?","R","?","R","T","$","?","M","E","M","R","BOSS","M","$","?","?","?","R","E"],"build_version":"2019-01-23","purchased_purges":0,"victory":false,"max_hp_per_floor":[71,71,71,71,71,71,71,71,71,71,71,71,76,76,76,76,76,76,76,81,81,81,81,81],"card_choices":[{"not_picked":["Consume","Aggregate","Hologram"],"picked":"SKIP","floor":1},{"not_picked":["Stack","Barrage","Skim"],"picked":"SKIP","floor":2},{"not_picked":["Beam Cell","Conserve Battery"],"picked":"Leap","floor":4},{"not_picked":["Streamline","Gash"],"picked":"Electrodynamics","floor":12},{"not_picked":["Darkness","Turbo","Gash"],"picked":"SKIP","floor":13},{"not_picked":["Streamline","Steam"],"picked":"Conserve Battery","floor":14},{"not_picked":["Electrodynamics","Machine Learning"],"picked":"Rainbow","floor":16},{"not_picked":["Redo","Fusion","Beam Cell"],"picked":"SKIP","floor":18}],"player_experience":945380,"relics_obtained":[{"floor":9,"key":"Cables"},{"floor":11,"key":"MawBank"},{"floor":13,"key":"Meat on the Bone"}],"event_choices":[{"damage_healed":0,"gold_gain":0,"player_choice":"Bought 1 Potion","damage_taken":0,"max_hp_gain":0,"max_hp_loss":0,"event_name":"The Woman in Blue","floor":3,"gold_loss":0},{"damage_healed":0,"gold_gain":75,"player_choice":"Gather Gold","damage_taken":11,"max_hp_gain":0,"max_hp_loss":0,"event_name":"World of Goop","floor":5,"gold_loss":0},{"damage_healed":0,"gold_gain":150,"player_choice":"AGREE","damage_taken":0,"max_hp_gain":0,"max_hp_loss":0,"event_name":"Liars Game","floor":7,"gold_loss":0,"cards_obtained":["Doubt"]},{"damage_healed":0,"gold_gain":0,"player_choice":"Shed Blood","damage_taken":27,"max_hp_gain":5,"max_hp_loss":0,"event_name":"Forgotten Altar","floor":20,"gold_loss":0},{"damage_healed":0,"gold_gain":0,"cards_transformed":["Strike_B","Strike_B"],"player_choice":"Became Test Subject","damage_taken":0,"max_hp_gain":0,"max_hp_loss":0,"event_name":"Drug Dealer","floor":21,"gold_loss":0,"cards_obtained":["Tempest","Heatsinks"]},{"damage_healed":0,"gold_gain":0,"player_choice":"Ignored","damage_taken":0,"max_hp_gain":0,"max_hp_loss":0,"event_name":"Ghosts","floor":22,"gold_loss":0}],"is_beta":false,"boss_relics":[{"not_picked":["FrozenCore","Busted Crown"],"picked":"Sozu"}],"items_purged_floors":[],"is_endless":false,"potions_floor_spawned":[1,4,13,18],"killed_by":"Book of Stabbing","ascension_level":16}