{"gold_per_floor":[365,17,29,204,217,243,243,243,243,243,168,168,246,266,266,386,386,401,197,197,221,221,221,237,275,326,350,391,391,405,133,133,252,252,267,267,69,402,413,413,443,443,468,468,480,499,137,155,155,155],"floor_reached":51,"playtime":2826,"items_purged":["Doubt","Zap","Defend_B","Writhe","Strike_B"],"score":1281,"play_id":"113c5cbb-8a78-4d6d-8233-3941f6250097","local_time":"20181116013118","is_ascension_mode":true,"campfire_choices":[{"floor":8,"key":"REST"},{"data":"Sunder","floor":10,"key":"SMITH"},{"floor":15,"key":"REST"},{"floor":23,"key":"REST"},{"data":"Defragment","floor":32,"key":"SMITH"},{"data":"Defragment","floor":40,"key":"SMITH"},{"data":"Electrodynamics","floor":42,"key":"SMITH"},{"floor":49,"key":"REST"}],"neow_cost":"TEN_PERCENT_HP_LOSS","seed_source_timestamp":24094815321356,"circlet_count":0,"master_deck":["AscendersBane","Strike_B+1","Strike_B+1","Defend_B","Defend_B","Defend_B","Dualcast","BootSequence","Sunder+1","Hologram+1","Coolheaded+1","Leap+1","Darkness+1","Cold Snap+1","Echo Form+1","Ball Lightning+1","Chaos+1","Capacitor","Ghostly+1","Ghostly+1","Ghostly+1","Ghostly+1","Ghostly+1","Redo+1","Defragment+1","Reprogram+1","Rebound+1","White Noise+1","Electrodynamics+1","Conserve Battery+1","White Noise+1","Defragment+1","Coolheaded+1","Undo+1","FTL+1","Glacier+1","Reinforced Body+1"],"relics":["FrozenCore","Toxic Egg 2","Meat on the Bone","Molten Egg 2","Art of War","Pen Nib","Oddly Smooth Stone","Letter Opener","Happy Flower","Orrery","Whetstone","Blood Vial","Centennial Puzzle"],"potions_floor_usage":[24,25,28,28,30,39,41,41,50,50],"damage_taken":[{"damage":1,"enemies":"Cultist","floor":1,"turns":3},{"damage":0,"enemies":"Small Slimes","floor":3,"turns":3},{"damage":0,"enemies":"2 Louse","floor":5,"turns":1},{"damage":29,"enemies":"Lagavulin","floor":6,"turns":10},{"damage":0,"enemies":"2 Fungi Beasts","floor":14,"turns":4},{"damage":41,"enemies":"Hexaghost","floor":16,"turns":8},{"damage":26,"enemies":"Spheric Guardian","floor":18,"turns":8},{"damage":11,"enemies":"Shell Parasite","floor":21,"turns":9},{"damage":4,"enemies":"Cultist and Chosen","floor":24,"turns":9},{"damage":3,"enemies":"Gremlin Leader","floor":25,"turns":11},{"damage":8,"enemies":"Centurion and Healer","floor":27,"turns":7},{"damage":11,"enemies":"Slavers","floor":28,"turns":7},{"damage":0,"enemies":"Shelled Parasite and Fungi","floor":30,"turns":9},{"damage":0,"enemies":"Collector","floor":33,"turns":9},{"damage":7,"enemies":"Orb Walker","floor":35,"turns":4},{"damage":0,"enemies":"3 Shapes","floor":39,"turns":5},{"damage":0,"enemies":"Reptomancer","floor":41,"turns":11},{"damage":0,"enemies":"Jaw Worm Horde","floor":45,"turns":2},{"damage":5,"enemies":"Sphere and 2 Shapes","floor":46,"turns":7},{"damage":5,"enemies":"3 Darklings","floor":48,"turns":5},{"damage":22,"enemies":"Time Eater","floor":50,"turns":19}],"seed_played":"-5811649199744006055","potions_obtained":[{"floor":5,"key":"Weak Potion"},{"floor":14,"key":"Ancient Potion"},{"floor":16,"key":"Block Potion"},{"floor":25,"key":"Strength Potion"},{"floor":27,"key":"Dexterity Potion"},{"floor":28,"key":"EssenceOfSteel"},{"floor":35,"key":"SteroidPotion"},{"floor":39,"key":"Dexterity Potion"},{"floor":41,"key":"SkillPotion"},{"floor":46,"key":"AttackPotion"}],"is_trial":false,"path_per_floor":["M","$","M","?","M","E","?","R","T","R","$","?","?","M","R","B",null,"M","$","?","M","?","R","M","E","T","M","E","?","M","$","R","B",null,"M","?","$","?","M","R","E","R","T","?","M","M","$","M","R","B",null],"character_chosen":"DEFECT","items_purchased":["Toxic Egg 2","Sunder","Hologram+1","Chaos+1","Capacitor","Happy Flower","Explosive Potion","Glacier+1","Centennial Puzzle"],"campfire_rested":4,"item_purchase_floors":[2,2,2,19,19,31,37,47,47],"current_hp_per_floor":[67,67,67,67,67,38,26,46,46,46,46,46,46,46,63,34,56,42,42,31,20,20,29,25,22,22,26,27,27,27,27,27,27,30,23,31,31,31,31,31,31,31,31,31,31,26,26,23,31,21],"gold":155,"neow_bonus":"TWO_FIFTY_GOLD","is_prod":false,"is_daily":false,"chose_seed":false,"campfire_upgraded":4,"win_rate":0,"timestamp":1542360678,"path_taken":["M","$","M","?","M","E","?","R","T","R","$","?","?","M","R","BOSS","M","$","?","M","?","R","M","E","T","?","E","?","?","$","R","BOSS","M","?","$","?","M","R","E","R","T","?","?","M","$","M","R","BOSS"],"build_version":"2018-11-15","purchased_purges":5,"victory":true,"max_hp_per_floor":[68,68,68,68,68,68,68,68,68,68,68,63,63,63,63,63,63,63,63,31,31,31,31,31,31,31,31,31,31,31,31,31,31,31,31,31,31,31,31,31,31,31,31,31,31,31,31,31,31,31],"card_choices":[{"not_picked":["Rebound","Compile Driver"],"picked":"BootSequence","floor":1},{"not_picked":["Sunder","Steam+1"],"picked":"Coolheaded+1","floor":3},{"not_picked":["Steam+1","White Noise+1"],"picked":"Leap+1","floor":5},{"not_picked":["Amplify+1","Lockon"],"picked":"Darkness+1","floor":6},{"not_picked":["Reinforced Body+1","Gash+1"],"picked":"Cold Snap+1","floor":14},{"not_picked":["Thunder Strike+1","Buffer"],"picked":"Echo Form","floor":16},{"not_picked":["Auto Shields+1","Force Field+1"],"picked":"Ball Lightning+1","floor":18},{"not_picked":["Conserve Battery+1","Static Discharge"],"picked":"Redo+1","floor":21},{"not_picked":["Reinforced Body+1","Leap+1"],"picked":"Defragment","floor":24},{"not_picked":["Coolheaded+1","Hyperbeam+1"],"picked":"Reprogram+1","floor":25},{"not_picked":["Gash+1","Loop","Rebound+1"],"picked":"SKIP","floor":27},{"not_picked":["Heatsinks+1","Genetic Algorithm+1"],"picked":"Rebound+1","floor":28},{"not_picked":["Recycle+1","Redo+1"],"picked":"White Noise+1","floor":30},{"not_picked":["Fission+1","Multi-Cast+1"],"picked":"Electrodynamics","floor":33},{"not_picked":["Leap+1","Coolheaded+1"],"picked":"Conserve Battery+1","floor":34},{"not_picked":["Stack+1","Conserve Battery+1"],"picked":"White Noise+1","floor":34},{"not_picked":["Coolheaded+1","Darkness+1"],"picked":"Defragment","floor":35},{"not_picked":["Gash+1","Force Field+1"],"picked":"Coolheaded+1","floor":39},{"not_picked":["Conserve Battery+1","Fission+1"],"picked":"Undo+1","floor":41},{"not_picked":["Redo+1","Rip and Tear+1"],"picked":"FTL+1","floor":45},{"not_picked":["Gash+1","White Noise+1","Sweeping Beam+1"],"picked":"SKIP","floor":46},{"not_picked":["Sweeping Beam+1","Conserve Battery+1"],"picked":"Reinforced Body+1","floor":48}],"player_experience":738256,"relics_obtained":[{"floor":6,"key":"Meat on the Bone"},{"floor":9,"key":"Art of War"},{"floor":25,"key":"Pen Nib"},{"floor":26,"key":"Oddly Smooth Stone"},{"floor":28,"key":"Letter Opener"},{"floor":41,"key":"Whetstone"},{"floor":43,"key":"Blood Vial"}],"event_choices":[{"damage_healed":0,"gold_gain":175,"player_choice":"AGREE","damage_taken":0,"max_hp_gain":0,"max_hp_loss":0,"event_name":"Liars Game","floor":4,"gold_loss":0,"cards_obtained":["Doubt"]},{"damage_healed":0,"gold_gain":0,"player_choice":"Success","damage_taken":12,"relics_obtained":["Molten Egg 2"],"max_hp_gain":0,"max_hp_loss":0,"event_name":"Scrap Ooze","floor":7,"gold_loss":0},{"damage_healed":0,"gold_gain":0,"player_choice":"Lose Max HP","damage_taken":0,"relics_obtained":["Golden Idol"],"max_hp_gain":0,"max_hp_loss":5,"event_name":"Golden Idol","floor":12,"gold_loss":0},{"damage_healed":0,"gold_gain":78,"player_choice":"Gained Gold","damage_taken":0,"max_hp_gain":0,"max_hp_loss":0,"event_name":"Golden Wing","floor":13,"gold_loss":0},{"damage_healed":0,"gold_gain":0,"player_choice":"Became a Ghost","damage_taken":0,"max_hp_gain":0,"max_hp_loss":32,"event_name":"Ghosts","floor":20,"gold_loss":0,"cards_obtained":["Ghostly","Ghostly","Ghostly","Ghostly","Ghostly"]},{"damage_healed":0,"gold_gain":0,"player_choice":"Forge","damage_taken":0,"max_hp_gain":0,"max_hp_loss":0,"event_name":"Accursed Blacksmith","floor":22,"gold_loss":0,"cards_upgraded":["Echo Form"]},{"cards_removed":["Strike_B"],"damage_healed":0,"gold_gain":0,"player_choice":"Purged","damage_taken":0,"max_hp_gain":0,"max_hp_loss":0,"event_name":"Purifier","floor":29,"gold_loss":0},{"damage_healed":8,"gold_gain":0,"player_choice":"Writhe","damage_taken":0,"max_hp_gain":0,"max_hp_loss":0,"event_name":"Winding Halls","floor":36,"gold_loss":0,"cards_obtained":["Writhe"]},{"damage_healed":0,"gold_gain":333,"player_choice":"Gave Idol","damage_taken":0,"max_hp_gain":0,"max_hp_loss":0,"event_name":"The Moai Head","floor":38,"relics_lost":["Golden Idol"],"gold_loss":0},{"damage_healed":0,"gold_gain":0,"player_choice":"Memory 1","damage_taken":0,"max_hp_gain":0,"max_hp_loss":0,"event_name":"SensoryStone","floor":44,"gold_loss":0}],"is_beta":false,"boss_relics":[{"not_picked":["Pandora\u0027s Box","Calling Bell"],"picked":"FrozenCore"},{"not_picked":["Tiny House","Philosopher\u0027s Stone"],"picked":"Orrery"}],"items_purged_floors":[11,19,31,37,47],"is_endless":false,"potions_floor_spawned":[5,14,16,25,27,28,35,39,41,46],"ascension_level":12}