{"gold_per_floor":[116,116,129,54,54,54,84,103,103,120,137,137,137,87,87,184,184,203,85,102,118,118,118,118,118,142,142,142,169,188,188],"floor_reached":31,"playtime":932,"items_purged":["Strike_R","Strike_R"],"score":253,"play_id":"bac4be17-f9d2-47ce-864b-05408097f74a","local_time":"20190513144817","is_ascension_mode":false,"campfire_choices":[{"data":"Cleave","floor":6,"key":"SMITH"},{"data":"Flame Barrier","floor":13,"key":"SMITH"},{"data":"Barricade","floor":15,"key":"SMITH"},{"data":"RitualDagger","floor":23,"key":"SMITH"},{"data":"Demon Form","floor":25,"key":"SMITH"},{"floor":28,"key":"REST"}],"neow_cost":"NONE","seed_source_timestamp":587028501581224,"circlet_count":0,"master_deck":["Strike_R","Defend_R","Defend_R","Defend_R","Bash+1","Flame Barrier+1","Cleave+1","Barricade+1","Demon Form+1","Thunderclap+1","Heavy Blade","RitualDagger+1","Entrench"],"relics":["Burning Blood","Mercury Hourglass","The Courier","Black Star","Boot","Question Card","Letter Opener"],"potions_floor_usage":[21,30,30,31],"damage_taken":[{"damage":6,"enemies":"Jaw Worm","floor":1,"turns":3},{"damage":6,"enemies":"Cultist","floor":3,"turns":3},{"damage":20,"enemies":"Gremlin Nob","floor":7,"turns":4},{"damage":0,"enemies":"2 Louse","floor":8,"turns":1},{"damage":1,"enemies":"Red Slaver","floor":10,"turns":4},{"damage":0,"enemies":"Large Slime","floor":11,"turns":5},{"damage":41,"enemies":"Slime Boss","floor":16,"turns":13},{"damage":31,"enemies":"2 Thieves","floor":18,"turns":4},{"damage":10,"enemies":"Chosen","floor":20,"turns":4},{"damage":7,"enemies":"Snake Plant","floor":21,"turns":4},{"damage":23,"enemies":"Gremlin Leader","floor":29,"turns":5},{"damage":38,"enemies":"Chosen and Byrds","floor":30,"turns":7},{"damage":33,"enemies":"Slavers","floor":31,"turns":2}],"seed_played":"6036255178167548504","potions_obtained":[{"floor":1,"key":"Regen Potion"},{"floor":8,"key":"Ancient Potion"},{"floor":18,"key":"SpeedPotion"},{"floor":29,"key":"Dexterity Potion"}],"is_trial":false,"path_per_floor":["M","?","M","$","?","R","E","M","T","M","M","?","R","?","R","B",null,"M","$","M","M","?","R","?","R","T","?","R","E","M","E"],"character_chosen":"IRONCLAD","items_purchased":["Heavy Blade"],"campfire_rested":1,"item_purchase_floors":[19],"current_hp_per_floor":[80,80,80,80,80,80,66,72,72,77,80,80,80,80,80,45,80,55,55,51,50,44,44,44,44,44,44,68,51,33,0],"gold":188,"neow_bonus":"UPGRADE_CARD","is_prod":false,"is_daily":false,"chose_seed":false,"campfire_upgraded":5,"win_rate":0,"timestamp":1557773297,"path_taken":["M","?","?","$","?","R","E","M","T","M","?","?","R","?","R","BOSS","M","$","M","M","?","R","?","R","T","?","R","E","M","E"],"build_version":"2019-01-23","purchased_purges":2,"victory":false,"max_hp_per_floor":[80,80,80,80,80,80,80,80,80,80,80,80,80,80,80,80,80,80,80,80,80,80,80,80,80,80,80,80,80,80,80],"card_choices":[{"not_picked":["Entrench","Perfected Strike"],"picked":"Flame Barrier","floor":1},{"not_picked":["Metallicize","Headbutt"],"picked":"Cleave","floor":3},{"not_picked":["Flex","Dropkick","Cleave"],"picked":"SKIP","floor":7},{"not_picked":["Body Slam","Sword Boomerang"],"picked":"Barricade","floor":8},{"not_picked":["Iron Wave","Armaments","Blood for Blood"],"picked":"SKIP","floor":10},{"not_picked":["Iron Wave","Armaments","Blood for Blood"],"picked":"SKIP","floor":10},{"not_picked":["Sword Boomerang","Clash","Reckless Charge"],"picked":"SKIP","floor":11},{"not_picked":["Berserk","Impervious"],"picked":"Demon Form","floor":16},{"not_picked":["Twin Strike+1","Armaments"],"picked":"Thunderclap+1","floor":18},{"not_picked":["Perfected Strike","Clothesline","Flex"],"picked":"SKIP","floor":20},{"not_picked":["Anger","Warcry+1","Fiend Fire"],"picked":"SKIP","floor":21},{"not_picked":["Burning Pact+1","Second Wind"],"picked":"Entrench","floor":29},{"not_picked":["Bloodletting","Cleave+1","Inflame","Wild Strike"],"picked":"SKIP","floor":30}],"player_experience":700273,"relics_obtained":[{"floor":7,"key":"Mercury Hourglass"},{"floor":9,"key":"The Courier"},{"floor":26,"key":"Boot"},{"floor":29,"key":"Question Card"},{"floor":29,"key":"Letter Opener"}],"event_choices":[{"damage_healed":0,"gold_gain":0,"player_choice":"Bought 0 Potions","damage_taken":0,"max_hp_gain":0,"max_hp_loss":0,"event_name":"The Woman in Blue","floor":2,"gold_loss":0},{"cards_removed":["Strike_R"],"damage_healed":0,"gold_gain":0,"player_choice":"Card Removal","damage_taken":0,"max_hp_gain":0,"max_hp_loss":0,"event_name":"Wheel of Change","floor":5,"gold_loss":0},{"cards_removed":["Strike_R"],"damage_healed":0,"gold_gain":0,"player_choice":"Forget","damage_taken":0,"max_hp_gain":0,"max_hp_loss":0,"event_name":"Living Wall","floor":12,"gold_loss":0},{"cards_removed":["Defend_R"],"damage_healed":0,"gold_gain":0,"player_choice":"Card Removal","damage_taken":0,"max_hp_gain":0,"max_hp_loss":0,"event_name":"The Cleric","floor":14,"gold_loss":50},{"damage_healed":0,"gold_gain":0,"player_choice":"Joined the Cult","damage_taken":6,"max_hp_gain":0,"max_hp_loss":0,"event_name":"Nest","floor":22,"gold_loss":0,"cards_obtained":["RitualDagger"]},{"damage_healed":0,"gold_gain":0,"player_choice":"Ignored","damage_taken":0,"max_hp_gain":0,"max_hp_loss":0,"event_name":"Vampires","floor":24,"gold_loss":0},{"damage_healed":0,"gold_gain":0,"player_choice":"Ignored","damage_taken":0,"max_hp_gain":0,"max_hp_loss":0,"event_name":"NoteForYourself","floor":27,"gold_loss":0}],"is_beta":false,"boss_relics":[{"not_picked":["Tiny House","Eternal Feather"],"picked":"Black Star"}],"items_purged_floors":[4,19],"is_endless":false,"potions_floor_spawned":[1,8,18,29],"killed_by":"Slavers","ascension_level":0}