{"gold_per_floor":[115,128,148,163,174,174,191,191,191,191,207,238,238,272,272,376,376,392,405,46,58,72,72,99,99,124,138,155,173,173,9,9,9],"floor_reached":33,"playtime":4559,"items_purged":[],"score":308,"play_id":"38dc84a2-c1b5-43c7-b54f-a3385ff39ffc","local_time":"20190628145656","is_ascension_mode":false,"campfire_choices":[{"data":"Chaos","floor":6,"key":"SMITH"},{"data":"Reboot","floor":8,"key":"SMITH"},{"data":"Redo","floor":10,"key":"SMITH"},{"floor":13,"key":"REST"},{"data":"Redo","floor":15,"key":"SMITH"},{"data":"Electrodynamics","floor":23,"key":"SMITH"},{"data":"Chill","floor":25,"key":"SMITH"},{"data":"Seek","floor":30,"key":"SMITH"},{"data":"Capacitor","floor":32,"key":"SMITH"}],"neow_cost":"NONE","seed_source_timestamp":1001694169410217,"circlet_count":0,"master_deck":["Strike_B","Strike_B","Strike_B","Strike_B","Defend_B","Defend_B","Defend_B","Defend_B","Zap","Dualcast","White Noise","Chaos+1","Glacier","Redo+1","Lockon","Reboot+1","Redo+1","Streamline","Leap","Seek+1","Redo+1","Hologram","Chill+1","Electrodynamics+1","Conserve Battery","Streamline","Go for the Eyes","Cold Snap+1","Capacitor+1","White Noise","Conserve Battery"],"relics":["Cracked Core","Darkstone Periapt","PreservedInsect","Bottled Lightning","Philosopher\u0027s Stone","Bag of Marbles","TheAbacus","Meat on the Bone","Boot"],"potions_floor_usage":[28,33,33,33],"damage_taken":[{"damage":1,"enemies":"Cultist","floor":1,"turns":3},{"damage":0,"enemies":"Small Slimes","floor":2,"turns":4},{"damage":2,"enemies":"2 Louse","floor":3,"turns":2},{"damage":0,"enemies":"Looter","floor":4,"turns":4},{"damage":16,"enemies":"Red Slaver","floor":5,"turns":3},{"damage":0,"enemies":"3 Louse","floor":7,"turns":4},{"damage":6,"enemies":"2 Fungi Beasts","floor":11,"turns":4},{"damage":21,"enemies":"Lagavulin","floor":12,"turns":4},{"damage":0,"enemies":"Gremlin Nob","floor":14,"turns":2},{"damage":7,"enemies":"Slime Boss","floor":16,"turns":6},{"damage":7,"enemies":"Chosen","floor":18,"turns":3},{"damage":0,"enemies":"Shell Parasite","floor":19,"turns":5},{"damage":19,"enemies":"Shelled Parasite and Fungi","floor":21,"turns":5},{"damage":17,"enemies":"Snake Plant","floor":22,"turns":4},{"damage":5,"enemies":"Book of Stabbing","floor":24,"turns":4},{"damage":12,"enemies":"Centurion and Healer","floor":27,"turns":2},{"damage":0,"enemies":"Sentry and Sphere","floor":28,"turns":2},{"damage":17,"enemies":"Snake Plant","floor":29,"turns":4},{"damage":64,"enemies":"Automaton","floor":33,"turns":12}],"seed_played":"-8266838297098741093","potions_obtained":[{"floor":1,"key":"Fire Potion"},{"floor":3,"key":"PowerPotion"},{"floor":7,"key":"SteroidPotion"},{"floor":18,"key":"AttackPotion"},{"floor":28,"key":"Dexterity Potion"}],"is_trial":false,"path_per_floor":["M","M","M","M","M","R","M","R","T","R","M","E","R","E","R","B",null,"M","M","$","M","M","R","E","R","T","M","M","M","R","$","R","B"],"character_chosen":"DEFECT","items_purchased":["Bag of Marbles","TheAbacus","Capacitor","White Noise","Conserve Battery"],"campfire_rested":1,"item_purchase_floors":[20,20,31,31,31],"current_hp_per_floor":[81,81,79,79,63,63,63,63,63,63,57,36,60,60,60,53,82,75,75,75,56,39,39,34,34,34,34,46,41,41,41,41,0],"gold":9,"neow_bonus":"TEN_PERCENT_HP_BONUS","is_prod":false,"is_daily":false,"chose_seed":false,"campfire_upgraded":8,"win_rate":0.0,"timestamp":1561759016,"path_taken":["M","M","M","M","M","R","M","R","T","R","M","E","R","E","R","BOSS","M","M","?","M","?","R","E","R","T","M","M","M","R","?","R","BOSS"],"build_version":"2019-01-23","purchased_purges":0,"victory":false,"max_hp_per_floor":[82,82,82,82,82,82,82,82,82,82,82,82,82,82,82,82,82,82,82,82,82,82,82,82,82,82,82,82,82,82,82,82,82],"card_choices":[{"not_picked":["BootSequence","Steam"],"picked":"White Noise","floor":1},{"not_picked":["Conserve Battery","Hologram"],"picked":"Chaos","floor":2},{"not_picked":["Conserve Battery","Auto Shields"],"picked":"Glacier","floor":3},{"not_picked":["Force Field","Darkness"],"picked":"Redo","floor":4},{"not_picked":["Consume","Leap"],"picked":"Lockon","floor":5},{"not_picked":["Streamline","Steam"],"picked":"Reboot","floor":7},{"not_picked":["Go for the Eyes","Beam Cell"],"picked":"Redo","floor":11},{"not_picked":["Barrage","Heatsinks"],"picked":"Streamline","floor":12},{"not_picked":["Biased Cognition","Coolheaded"],"picked":"Leap","floor":14},{"not_picked":["Biased Cognition","Multi-Cast"],"picked":"Seek","floor":16},{"not_picked":["Cold Snap","Chaos"],"picked":"Redo+1","floor":18},{"not_picked":["Sweeping Beam","Double Energy"],"picked":"Hologram","floor":19},{"not_picked":["Doom and Gloom+1","Cold Snap"],"picked":"Chill","floor":21},{"not_picked":["Cold Snap","Chill"],"picked":"Electrodynamics","floor":22},{"not_picked":["Chill+1","Sweeping Beam"],"picked":"Conserve Battery","floor":24},{"not_picked":["Steam Power","Compile Driver"],"picked":"Streamline","floor":27},{"not_picked":["Storm","Ball Lightning"],"picked":"Go for the Eyes","floor":28},{"not_picked":["FTL+1","Sweeping Beam"],"picked":"Cold Snap+1","floor":29}],"player_experience":4534,"relics_obtained":[{"floor":9,"key":"Darkstone Periapt"},{"floor":12,"key":"PreservedInsect"},{"floor":14,"key":"Bottled Lightning"},{"floor":24,"key":"Meat on the Bone"},{"floor":26,"key":"Boot"}],"event_choices":[],"is_beta":false,"boss_relics":[{"not_picked":["Black Star","Tiny House"],"picked":"Philosopher\u0027s Stone"}],"items_purged_floors":[],"is_endless":false,"potions_floor_spawned":[1,3,7,16,18,27,28],"killed_by":"Automaton","ascension_level":0}