{"gold_per_floor":[109,34,34,34,53,88,106,149,195,195,233,233,249,272,272,392,392,405,428,428,343,361,361,361],"floor_reached":24,"playtime":905,"items_purged":["Strike_R"],"score":216,"play_id":"b6fbf56a-7c23-4ae9-a360-4f50b1dc53ec","local_time":"20190512230557","is_ascension_mode":false,"campfire_choices":[{"floor":10,"key":"REST"},{"floor":12,"key":"REST"},{"data":"Bash","floor":15,"key":"SMITH"},{"floor":23,"key":"REST"}],"neow_cost":"TEN_PERCENT_HP_LOSS","seed_source_timestamp":530508057532789,"circlet_count":0,"master_deck":["Strike_R","Strike_R","Defend_R","Defend_R","Defend_R","Defend_R","Bash+1","Dropkick","Clumsy","Inflame","Shrug It Off","Armaments","Clothesline","Twin Strike","Bludgeon","Pain","Parasite","Doubt","Dropkick"],"relics":["Burning Blood","Golden Idol","Dodecahedron","Lantern","Boot","Bag of Preparation","Calling Bell","Omamori","Question Card","Peace Pipe","Vajra"],"potions_floor_usage":[6,8,22,22],"damage_taken":[{"damage":6,"enemies":"Jaw Worm","floor":1,"turns":3},{"damage":6,"enemies":"Cultist","floor":5,"turns":3},{"damage":26,"enemies":"Lagavulin","floor":6,"turns":6},{"damage":0,"enemies":"2 Louse","floor":7,"turns":3},{"damage":30,"enemies":"Gremlin Nob","floor":8,"turns":5},{"damage":29,"enemies":"3 Sentries","floor":11,"turns":13},{"damage":5,"enemies":"2 Fungi Beasts","floor":13,"turns":5},{"damage":0,"enemies":"Blue Slaver","floor":14,"turns":5},{"damage":18,"enemies":"Hexaghost","floor":16,"turns":11},{"damage":45,"enemies":"Shell Parasite","floor":18,"turns":8},{"damage":27,"enemies":"Spheric Guardian","floor":19,"turns":4},{"damage":36,"enemies":"Cultist and Chosen","floor":22,"turns":6},{"damage":29,"enemies":"Book of Stabbing","floor":24,"turns":4}],"seed_played":"-6535141189504905731","potions_obtained":[{"floor":5,"key":"Poison Potion"},{"floor":6,"key":"Ancient Potion"},{"floor":13,"key":"FairyPotion"},{"floor":16,"key":"Explosive Potion"},{"floor":19,"key":"BloodPotion"}],"is_trial":false,"path_per_floor":["M","$","?","?","M","E","M","E","T","R","E","R","M","M","R","B",null,"M","M","?","?","M","R","E"],"character_chosen":"IRONCLAD","items_purchased":[],"campfire_rested":3,"item_purchase_floors":[],"current_hp_per_floor":[72,72,54,54,54,34,40,16,16,37,14,35,36,42,42,30,72,33,12,12,12,7,28,0],"gold":361,"neow_bonus":"REMOVE_TWO","is_prod":false,"is_daily":false,"chose_seed":false,"campfire_upgraded":1,"win_rate":0,"timestamp":1557716757,"path_taken":["M","$","?","?","M","E","M","E","T","R","E","R","M","M","R","BOSS","M","?","?","?","M","R","E"],"build_version":"2019-01-23","purchased_purges":1,"victory":false,"max_hp_per_floor":[72,72,72,72,72,72,72,72,72,72,72,72,72,72,72,72,72,72,72,72,72,72,72,72],"card_choices":[{"not_picked":["Armaments","Wild Strike"],"picked":"Dropkick","floor":1},{"not_picked":["Pummel","Thunderclap","Headbutt"],"picked":"SKIP","floor":5},{"not_picked":["Flex","Dual Wield","Second Wind"],"picked":"SKIP","floor":6},{"not_picked":["Sentinel","Body Slam"],"picked":"Shrug It Off","floor":7},{"not_picked":["Offering","Berserk"],"picked":"Armaments","floor":8},{"not_picked":["Rage","Armaments"],"picked":"Clothesline","floor":11},{"not_picked":["Flex","Perfected Strike"],"picked":"Twin Strike","floor":13},{"not_picked":["Armaments","Clothesline","Havoc"],"picked":"SKIP","floor":14},{"not_picked":["Exhume","Barricade"],"picked":"Bludgeon","floor":16},{"not_picked":["Heavy Blade","Flex","Warcry+1"],"picked":"Dropkick","floor":18},{"not_picked":["Shrug It Off","Bloodletting","Rage","Headbutt+1"],"picked":"SKIP","floor":19},{"not_picked":["Shrug It Off","Clash","True Grit","Perfected Strike+1"],"picked":"SKIP","floor":22}],"player_experience":694279,"relics_obtained":[{"floor":6,"key":"Dodecahedron"},{"floor":8,"key":"Lantern"},{"floor":9,"key":"Boot"},{"floor":11,"key":"Bag of Preparation"},{"floor":17,"key":"Omamori"},{"floor":17,"key":"Question Card"},{"floor":17,"key":"Peace Pipe"}],"event_choices":[{"damage_healed":0,"gold_gain":0,"player_choice":"Take Damage","damage_taken":18,"relics_obtained":["Golden Idol"],"max_hp_gain":0,"max_hp_loss":0,"event_name":"Golden Idol","floor":3,"gold_loss":0},{"damage_healed":0,"gold_gain":0,"player_choice":"2 cards matched","damage_taken":0,"max_hp_gain":0,"max_hp_loss":0,"event_name":"Match and Keep!","floor":4,"gold_loss":0,"cards_obtained":["Clumsy","Inflame"]},{"damage_healed":0,"gold_gain":0,"player_choice":"Ignored","damage_taken":0,"max_hp_gain":0,"max_hp_loss":0,"event_name":"Ghosts","floor":20,"gold_loss":0},{"damage_healed":0,"gold_gain":0,"player_choice":"Obtained Relic","damage_taken":0,"relics_obtained":["Vajra"],"max_hp_gain":0,"max_hp_loss":0,"event_name":"Addict","floor":21,"gold_loss":85}],"is_beta":false,"boss_relics":[{"not_picked":["Runic Pyramid","White Beast Statue"],"picked":"Calling Bell"}],"items_purged_floors":[2],"is_endless":false,"potions_floor_spawned":[5,6,13,16,19],"killed_by":"Book of Stabbing","ascension_level":0}