{"gold_per_floor":[113,113,87,87,106,139,157,157,207,207,239,239,256,19,19,19],"floor_reached":16,"playtime":731,"items_purged":[],"score":194,"play_id":"34992908-6eec-481d-bfd5-611147e7dff1","local_time":"20190409180317","is_ascension_mode":true,"campfire_choices":[{"floor":10,"key":"REST"},{"floor":12,"key":"REST"},{"data":"Footwork","floor":15,"key":"SMITH"}],"neow_cost":"TEN_PERCENT_HP_LOSS","seed_source_timestamp":346034424374079,"circlet_count":0,"master_deck":["AscendersBane","Defend_G","Defend_G","Defend_G","Defend_G","Defend_G","Strike_G","Strike_G","Strike_G","Strike_G","Survivor","Neutralize","Deflect","Dagger Spray","Prepared","Die Die Die","Blade Dance","Footwork+1","Adrenaline","Escape Plan","Sucker Punch"],"relics":["Ring of the Snake","FossilizedHelix","Pen Nib","Vajra","Art of War","Ancient Tea Set"],"potions_floor_usage":[11,14],"damage_taken":[{"damage":0,"enemies":"Jaw Worm","floor":1,"turns":7},{"damage":0,"enemies":"2 Louse","floor":5,"turns":3},{"damage":23,"enemies":"3 Sentries","floor":6,"turns":12},{"damage":0,"enemies":"Cultist","floor":7,"turns":2},{"damage":9,"enemies":"Gremlin Nob","floor":11,"turns":4},{"damage":14,"enemies":"3 Louse","floor":13,"turns":3},{"damage":39,"enemies":"Slime Boss","floor":16,"turns":11}],"seed_played":"-6866218370237838223","potions_obtained":[{"floor":5,"key":"FairyPotion"},{"floor":6,"key":"FearPotion"}],"is_trial":false,"path_per_floor":["M","?","$","?","M","E","M","?","T","R","E","R","M","$","R","B"],"character_chosen":"THE_SILENT","items_purchased":["Dagger Spray","Fruit Juice","Escape Plan","Sucker Punch"],"campfire_rested":2,"item_purchase_floors":[3,14,14,14],"current_hp_per_floor":[59,33,33,33,33,10,10,10,10,28,19,37,23,28,28,0],"gold":19,"neow_bonus":"ONE_RARE_RELIC","is_prod":false,"is_daily":false,"chose_seed":false,"campfire_upgraded":1,"win_rate":0,"timestamp":1554847397,"path_taken":["M","?","$","?","?","E","?","?","T","R","E","R","M","?","R","BOSS"],"build_version":"2019-01-23","purchased_purges":0,"victory":false,"max_hp_per_floor":[60,60,60,60,60,60,60,60,60,60,60,60,60,65,65,65],"card_choices":[{"not_picked":["Quick Slash","PiercingWail"],"picked":"Deflect","floor":1},{"not_picked":["Flying Knee","Acrobatics"],"picked":"Prepared","floor":5},{"not_picked":["Bane","Dagger Spray"],"picked":"Die Die Die","floor":6},{"not_picked":["Deflect","Acrobatics"],"picked":"Blade Dance","floor":7},{"not_picked":["Noxious Fumes","Predator"],"picked":"Footwork","floor":11},{"not_picked":["Dodge and Roll","All Out Attack"],"picked":"Adrenaline","floor":13}],"player_experience":548882,"relics_obtained":[{"floor":6,"key":"Vajra"},{"floor":9,"key":"Art of War"},{"floor":11,"key":"Ancient Tea Set"}],"event_choices":[{"damage_healed":0,"gold_gain":0,"player_choice":"Success","damage_taken":26,"relics_obtained":["Pen Nib"],"max_hp_gain":0,"max_hp_loss":0,"event_name":"Scrap Ooze","floor":2,"gold_loss":0},{"damage_healed":0,"gold_gain":0,"player_choice":"Ignored","damage_taken":0,"max_hp_gain":0,"max_hp_loss":0,"event_name":"Liars Game","floor":4,"gold_loss":0},{"cards_removed":["Strike_G"],"damage_healed":0,"gold_gain":0,"player_choice":"Purged","damage_taken":0,"max_hp_gain":0,"max_hp_loss":0,"event_name":"Purifier","floor":8,"gold_loss":0}],"is_beta":false,"boss_relics":[],"items_purged_floors":[],"is_endless":false,"potions_floor_spawned":[5,6,7],"killed_by":"Slime Boss","ascension_level":16}