{"gold_per_floor":[115,61,61,61,76,110,126,139,165,196,196,210,210,245,245,245],"floor_reached":16,"playtime":481,"items_purged":[],"score":290,"play_id":"69bcf9f2-ed54-4b07-9fa8-4e39728ee087","local_time":"20190622195336","is_ascension_mode":true,"campfire_choices":[{"data":"Bash","floor":11,"key":"SMITH"},{"data":"Flame Barrier","floor":15,"key":"SMITH"}],"neow_cost":"NONE","seed_source_timestamp":88251438415804,"circlet_count":0,"master_deck":["AscendersBane","Strike_R","Strike_R","Strike_R","Strike_R","Defend_R","Defend_R+1","Defend_R","Defend_R","Bash+1","Flame Barrier+1","Headbutt","Pummel","Shrug It Off+1","Iron Wave","Twin Strike","Iron Wave","Clothesline"],"relics":["Burning Blood","NeowsBlessing","Smiling Mask","Bag of Preparation","War Paint","Gremlin Horn"],"potions_floor_usage":[8,8,14],"damage_taken":[{"damage":0,"enemies":"Jaw Worm","floor":1,"turns":1},{"damage":0,"enemies":"Cultist","floor":5,"turns":1},{"damage":0,"enemies":"Lagavulin","floor":6,"turns":1},{"damage":14,"enemies":"2 Louse","floor":7,"turns":3},{"damage":21,"enemies":"Exordium Thugs","floor":8,"turns":4},{"damage":27,"enemies":"Gremlin Nob","floor":10,"turns":4},{"damage":3,"enemies":"Lots of Slimes","floor":12,"turns":6},{"damage":8,"enemies":"3 Sentries","floor":14,"turns":6},{"damage":34,"enemies":"Hexaghost","floor":16,"turns":9}],"seed_played":"-3249733491822968310","potions_obtained":[{"floor":4,"key":"PowerPotion"},{"floor":4,"key":"Block Potion"},{"floor":10,"key":"SkillPotion"}],"is_trial":false,"path_per_floor":["M","$","?","?","M","E","M","M","T","E","R","M","?","E","R","B"],"character_chosen":"IRONCLAD","items_purchased":["Headbutt"],"campfire_rested":0,"item_purchase_floors":[2],"current_hp_per_floor":[74,74,74,74,75,75,67,52,52,31,31,34,34,32,32,0],"gold":245,"neow_bonus":"THREE_ENEMY_KILL","is_prod":false,"is_daily":false,"chose_seed":false,"campfire_upgraded":2,"win_rate":0,"timestamp":1561247616,"path_taken":["M","$","?","?","M","E","M","M","T","E","R","?","?","E","R","BOSS"],"build_version":"2019-01-23","purchased_purges":0,"victory":false,"max_hp_per_floor":[75,75,75,75,75,75,75,75,75,75,75,75,75,75,75,75],"card_choices":[{"not_picked":["Flex","True Grit"],"picked":"Flame Barrier","floor":1},{"not_picked":["Armaments","Bloodletting"],"picked":"Pummel","floor":5},{"not_picked":["Body Slam","Havoc","Feel No Pain"],"picked":"SKIP","floor":6},{"not_picked":["Searing Blow","Combust"],"picked":"Shrug It Off","floor":7},{"not_picked":["Dropkick","Heavy Blade"],"picked":"Iron Wave","floor":8},{"not_picked":["Bloodletting","Body Slam"],"picked":"Twin Strike","floor":10},{"not_picked":["Clash","Entrench"],"picked":"Iron Wave","floor":12},{"not_picked":["Anger","Double Tap"],"picked":"Clothesline","floor":14}],"player_experience":962896,"relics_obtained":[{"floor":6,"key":"Smiling Mask"},{"floor":9,"key":"Bag of Preparation"},{"floor":10,"key":"War Paint"},{"floor":14,"key":"Gremlin Horn"}],"event_choices":[{"damage_healed":0,"gold_gain":0,"player_choice":"Ignored","damage_taken":0,"max_hp_gain":0,"max_hp_loss":0,"event_name":"Liars Game","floor":3,"gold_loss":0},{"damage_healed":0,"gold_gain":0,"player_choice":"Got Potions","damage_taken":0,"max_hp_gain":0,"max_hp_loss":0,"event_name":"Lab","floor":4,"gold_loss":0},{"cards_removed":["Strike_R"],"damage_healed":0,"gold_gain":0,"player_choice":"Purged","damage_taken":0,"max_hp_gain":0,"max_hp_loss":0,"event_name":"Purifier","floor":13,"gold_loss":0}],"is_beta":false,"boss_relics":[],"items_purged_floors":[],"is_endless":false,"potions_floor_spawned":[5,6,7,10],"killed_by":"Hexaghost","ascension_level":20}