{"gold_per_floor":[112,37,54,54,72,72,86,129,129,89],"floor_reached":10,"playtime":304,"items_purged":["Pain"],"score":136,"play_id":"3f353a53-fad7-49c0-b93b-079e1551f92f","local_time":"20190608152404","is_ascension_mode":true,"campfire_choices":[{"data":"1","floor":6,"key":"LIFT"}],"neow_cost":"CURSE","seed_source_timestamp":400941908544775,"circlet_count":0,"master_deck":["AscendersBane","Strike_B","Strike_B","Strike_B","Strike_B","Defend_B","Defend_B","Defend_B","Defend_B","Zap","Dualcast","Sweeping Beam","Injury","Chaos","Rebound","Echo Form"],"relics":["Cracked Core","Girya","Golden Idol","Question Card","Nunchaku"],"potions_floor_usage":[7,8],"damage_taken":[{"damage":15,"enemies":"Jaw Worm","floor":1,"turns":3},{"damage":4,"enemies":"2 Louse","floor":3,"turns":3},{"damage":0,"enemies":"Cultist","floor":5,"turns":3},{"damage":9,"enemies":"Red Slaver","floor":7,"turns":3},{"damage":25,"enemies":"Lagavulin","floor":8,"turns":7},{"damage":19,"enemies":"Exordium Thugs","floor":10,"turns":2}],"seed_played":"4755724386292375022","potions_obtained":[{"floor":1,"key":"AttackPotion"},{"floor":5,"key":"PowerPotion"},{"floor":8,"key":"FearPotion"}],"is_trial":false,"path_per_floor":["M","$","M","?","M","R","M","E","T","M"],"character_chosen":"DEFECT","items_purchased":[],"campfire_rested":0,"item_purchase_floors":[],"current_hp_per_floor":[49,49,45,45,45,45,36,11,11,0],"gold":89,"neow_bonus":"ONE_RARE_RELIC","is_prod":false,"is_daily":false,"chose_seed":false,"campfire_upgraded":0,"win_rate":0,"timestamp":1560021844,"path_taken":["M","$","M","?","M","R","M","E","T","M"],"build_version":"2019-01-23","purchased_purges":1,"victory":false,"max_hp_per_floor":[71,71,71,71,71,71,71,71,71,71],"card_choices":[{"not_picked":["Steam Power","Turbo"],"picked":"Sweeping Beam","floor":1},{"not_picked":["Heatsinks","Redo","Reprogram"],"picked":"SKIP","floor":3},{"not_picked":["Gash","Barrage"],"picked":"Chaos","floor":5},{"not_picked":["Blizzard","Undo"],"picked":"Rebound","floor":7},{"not_picked":["All For One","Go for the Eyes"],"picked":"Echo Form","floor":8}],"player_experience":870847,"relics_obtained":[{"floor":8,"key":"Question Card"},{"floor":9,"key":"Nunchaku"}],"event_choices":[{"damage_healed":0,"gold_gain":0,"player_choice":"Take Wound","damage_taken":0,"relics_obtained":["Golden Idol"],"max_hp_gain":0,"max_hp_loss":0,"event_name":"Golden Idol","floor":4,"gold_loss":0,"cards_obtained":["Injury"]}],"is_beta":false,"boss_relics":[],"items_purged_floors":[2],"is_endless":false,"potions_floor_spawned":[1,5,8],"killed_by":"Exordium Thugs","ascension_level":20}