{"gold_per_floor":[219,232,107,125,79,79,79,79,79,79,95,95,128,140,140,235,235,246,262,262,280,103,103,117,117,172,189,189,201,219,219],"floor_reached":31,"playtime":1664,"items_purged":["Strike_R","Strike_R"],"score":287,"play_id":"2162ad7c-9366-477e-829c-d93912c67628","local_time":"20190629074153","is_ascension_mode":true,"campfire_choices":[{"data":"Pommel Strike","floor":6,"key":"SMITH"},{"data":"Cleave","floor":8,"key":"SMITH"},{"data":"Bash","floor":10,"key":"SMITH"},{"data":"Spot Weakness","floor":12,"key":"SMITH"},{"data":"Heavy Blade","floor":15,"key":"SMITH"},{"data":"Armaments","floor":23,"key":"SMITH"},{"floor":25,"key":"REST"},{"data":"Inflame","floor":28,"key":"SMITH"}],"neow_cost":"NONE","seed_source_timestamp":541430998300294,"circlet_count":0,"master_deck":["Strike_R","Strike_R","Defend_R","Defend_R","Defend_R","Defend_R","Bash+1","Pommel Strike","Heavy Blade+1","Pommel Strike+1","Cleave+1","Spot Weakness+1","Armaments+1","Headbutt","Juggernaut","Flex+1","Inflame+1","Headbutt+1","Inflame","Metallicize","Sword Boomerang","Sword Boomerang"],"relics":["Burning Blood","Matryoshka","Bronze Scales","Runic Pyramid","Tiny Chest","Regal Pillow"],"potions_floor_usage":[11,11,19,24,24,27,29,30],"damage_taken":[{"damage":0,"enemies":"2 Louse","floor":1,"turns":2},{"damage":6,"enemies":"Cultist","floor":2,"turns":3},{"damage":4,"enemies":"Small Slimes","floor":4,"turns":2},{"damage":11,"enemies":"Exordium Thugs","floor":11,"turns":4},{"damage":30,"enemies":"3 Sentries","floor":13,"turns":4},{"damage":6,"enemies":"Gremlin Gang","floor":14,"turns":3},{"damage":12,"enemies":"Slime Boss","floor":16,"turns":8},{"damage":21,"enemies":"3 Byrds","floor":18,"turns":3},{"damage":19,"enemies":"2 Thieves","floor":19,"turns":3},{"damage":8,"enemies":"Chosen and Byrds","floor":21,"turns":4},{"damage":24,"enemies":"Centurion and Healer","floor":24,"turns":4},{"damage":3,"enemies":"Snecko","floor":27,"turns":3},{"damage":10,"enemies":"Snake Plant","floor":29,"turns":3},{"damage":38,"enemies":"Centurion and Healer","floor":30,"turns":5},{"damage":34,"enemies":"Slavers","floor":31,"turns":1}],"seed_played":"1259502993957056129","potions_obtained":[{"floor":1,"key":"Weak Potion"},{"floor":2,"key":"Fire Potion"},{"floor":13,"key":"Dexterity Potion"},{"floor":14,"key":"Poison Potion"},{"floor":21,"key":"Strength Potion"},{"floor":24,"key":"EssenceOfSteel"},{"floor":27,"key":"SpeedPotion"},{"floor":29,"key":"SteroidPotion"}],"is_trial":false,"path_per_floor":["M","M","$","M","?","R","?","R","T","R","M","R","E","M","R","B",null,"M","M","?","M","$","R","M","R","T","M","R","M","M","E"],"character_chosen":"IRONCLAD","items_purchased":["Pommel Strike","Inflame"],"campfire_rested":1,"item_purchase_floors":[3,22],"current_hp_per_floor":[80,80,80,80,80,80,80,80,80,80,75,75,51,51,51,45,80,65,52,52,50,50,50,32,56,56,59,59,55,23,0],"gold":219,"neow_bonus":"HUNDRED_GOLD","is_prod":false,"is_daily":false,"chose_seed":false,"campfire_upgraded":7,"win_rate":0,"timestamp":1561819313,"path_taken":["M","M","$","M","?","R","?","R","T","R","M","R","E","M","R","BOSS","M","?","?","M","?","R","M","R","T","M","R","M","?","E"],"build_version":"2019-01-23","purchased_purges":2,"victory":false,"max_hp_per_floor":[80,80,80,80,80,80,80,80,80,80,80,80,80,80,80,80,80,80,80,80,80,80,80,80,80,80,80,80,80,80,80],"card_choices":[{"not_picked":["Uppercut","Intimidate"],"picked":"Pommel Strike","floor":1},{"not_picked":["Shrug It Off","Flex"],"picked":"Heavy Blade","floor":2},{"not_picked":["Sword Boomerang","Clash"],"picked":"Cleave","floor":4},{"not_picked":["Intimidate","Heavy Blade"],"picked":"Spot Weakness","floor":11},{"not_picked":["Rampage","Dropkick"],"picked":"Armaments","floor":13},{"not_picked":["Blood for Blood","Feel No Pain"],"picked":"Headbutt","floor":14},{"not_picked":["Dark Embrace","Fiend Fire"],"picked":"Juggernaut","floor":16},{"not_picked":["Rampage","Iron Wave"],"picked":"Flex+1","floor":18},{"not_picked":["Infernal Blade","Flex"],"picked":"Inflame","floor":19},{"not_picked":["Armaments+1","Thunderclap"],"picked":"Headbutt+1","floor":21},{"not_picked":["Pommel Strike+1","Body Slam"],"picked":"Metallicize","floor":24},{"not_picked":["Searing Blow+1","Iron Wave+1"],"picked":"Sword Boomerang","floor":27},{"not_picked":["Body Slam","Clash","Headbutt+1"],"picked":"SKIP","floor":29},{"not_picked":["Sever Soul","Disarm"],"picked":"Sword Boomerang","floor":30}],"player_experience":509467,"relics_obtained":[{"floor":9,"key":"Matryoshka"},{"floor":13,"key":"Bronze Scales"},{"floor":26,"key":"Tiny Chest"},{"floor":26,"key":"Regal Pillow"}],"event_choices":[{"damage_healed":0,"gold_gain":0,"player_choice":"Left Gold","damage_taken":0,"max_hp_gain":0,"max_hp_loss":0,"event_name":"World of Goop","floor":5,"gold_loss":46},{"cards_removed":["Strike_R"],"damage_healed":0,"gold_gain":0,"player_choice":"Offered Basic","damage_taken":0,"max_hp_gain":0,"max_hp_loss":0,"event_name":"Bonfire Elementals","floor":7,"gold_loss":0},{"damage_healed":0,"gold_gain":0,"player_choice":"Ignored","damage_taken":0,"max_hp_gain":0,"max_hp_loss":0,"event_name":"Ghosts","floor":20,"gold_loss":0}],"is_beta":false,"boss_relics":[{"not_picked":["Lizard Tail","Calling Bell"],"picked":"Runic Pyramid"}],"items_purged_floors":[3,22],"is_endless":false,"potions_floor_spawned":[1,2,13,14,21,24,27,29],"killed_by":"Slavers","ascension_level":4}