{"gold_per_floor":[116,43,55,55,69,69,102,102,176,176,188,220,220,239,239,335,335,346,346,271,288,307,307,5,5,31,31,41,52,52,67,67,167,167,179,179,199,199,50,50,66,66,66,78,78,90,90,100,100,100],"floor_reached":50,"playtime":2264,"items_purged":["Strike_B"],"score":838,"play_id":"6f33e9e9-47ad-4aab-8e61-68c3c22cda76","local_time":"20190221204858","is_ascension_mode":true,"campfire_choices":[{"data":"Zap","floor":6,"key":"SMITH"},{"data":"Self Repair","floor":8,"key":"SMITH"},{"data":"Biased Cognition","floor":10,"key":"SMITH"},{"floor":13,"key":"REST"},{"data":"Machine Learning","floor":15,"key":"SMITH"},{"floor":25,"key":"REST"},{"data":"Consume","floor":30,"key":"SMITH"},{"floor":32,"key":"REST"},{"data":"Self Repair","floor":40,"key":"SMITH"},{"data":"Echo Form","floor":42,"key":"SMITH"},{"data":"Capacitor","floor":45,"key":"SMITH"},{"data":"Static Discharge","floor":49,"key":"SMITH"}],"neow_cost":"TEN_PERCENT_HP_LOSS","seed_source_timestamp":522355675384127,"circlet_count":0,"master_deck":["AscendersBane","Strike_B","Strike_B","Defend_B","Defend_B","Defend_B","Zap+1","Dualcast","Biased Cognition+1","Cold Snap","Self Repair+1","Ball Lightning","Capacitor+1","Go for the Eyes","Self Repair+1","Machine Learning+1","Coolheaded","Echo Form+1","Consume+1","Static Discharge+1","Beam Cell+1","Electrodynamics","Beam Cell+1"],"relics":["Cracked Core","Bag of Marbles","Symbiotic Virus","Blood Vial","Busted Crown","Turnip","Bag of Preparation","Enchiridion","Lizard Tail","Strawberry","Sundial"],"potions_floor_usage":[11,16,23,23,29,33,50,50],"damage_taken":[{"damage":1,"enemies":"Cultist","floor":1,"turns":3},{"damage":9,"enemies":"2 Louse","floor":3,"turns":3},{"damage":12,"enemies":"Jaw Worm","floor":5,"turns":2},{"damage":24,"enemies":"Lagavulin","floor":7,"turns":6},{"damage":24,"enemies":"Exordium Thugs","floor":11,"turns":4},{"damage":27,"enemies":"Gremlin Nob","floor":12,"turns":4},{"damage":2,"enemies":"Blue Slaver","floor":14,"turns":4},{"damage":0,"enemies":"Slime Boss","floor":16,"turns":7},{"damage":16,"enemies":"Spheric Guardian","floor":18,"turns":5},{"damage":45,"enemies":"3 Byrds","floor":21,"turns":5},{"damage":54,"enemies":"Snake Plant","floor":22,"turns":5},{"damage":29,"enemies":"Slavers","floor":23,"turns":2},{"damage":5,"enemies":"Centurion and Healer","floor":28,"turns":6},{"damage":24,"enemies":"Shelled Parasite and Fungi","floor":29,"turns":4},{"damage":32,"enemies":"3 Cultists","floor":31,"turns":4},{"damage":30,"enemies":"Collector","floor":33,"turns":10},{"damage":52,"enemies":"3 Darklings","floor":35,"turns":5},{"damage":6,"enemies":"Orb Walker","floor":37,"turns":4},{"damage":20,"enemies":"Sphere and 2 Shapes","floor":41,"turns":5},{"damage":29,"enemies":"Writhing Mass","floor":44,"turns":5},{"damage":0,"enemies":"Jaw Worm Horde","floor":46,"turns":2},{"damage":5,"enemies":"Maw","floor":48,"turns":4},{"damage":119,"enemies":"Awakened One","floor":50,"turns":10}],"seed_played":"7931766289192231479","potions_obtained":[{"floor":1,"key":"SmokeBomb"},{"floor":7,"key":"SpeedPotion"},{"floor":14,"key":"AttackPotion"},{"floor":16,"key":"LiquidBronze"},{"floor":21,"key":"Strength Potion"},{"floor":28,"key":"AttackPotion"},{"floor":29,"key":"FocusPotion"},{"floor":35,"key":"SpeedPotion"},{"floor":37,"key":"SpeedPotion"}],"is_trial":false,"path_per_floor":["M","$","M","?","M","R","E","R","T","R","M","E","R","M","R","B",null,"M","?","$","M","M","E","$","R","T","?","M","M","R","M","R","B",null,"M","?","M","?","$","R","M","R","T","M","R","M","?","M","R","B"],"character_chosen":"DEFECT","items_purchased":["Self Repair","Turnip","Strawberry"],"campfire_rested":3,"item_purchase_floors":[2,24,39],"current_hp_per_floor":[67,67,65,65,53,53,36,36,36,36,29,19,39,56,56,68,68,68,68,68,57,39,12,12,32,32,16,47,45,45,42,62,51,64,48,48,68,68,75,75,75,75,75,66,66,75,75,75,75,0],"gold":100,"neow_bonus":"THREE_RARE_CARDS","is_prod":false,"is_daily":false,"chose_seed":false,"campfire_upgraded":9,"win_rate":0,"timestamp":1550800138,"path_taken":["M","?","M","?","M","R","E","R","T","R","M","E","R","?","R","BOSS","M","?","$","M","M","E","$","R","T","?","M","?","R","M","R","BOSS","M","?","M","?","$","R","M","R","T","M","R","M","?","M","R","BOSS"],"build_version":"2019-01-23","purchased_purges":1,"victory":false,"max_hp_per_floor":[68,68,68,68,68,68,68,68,68,68,68,68,68,68,68,68,68,68,68,68,68,68,68,68,68,68,68,68,68,68,68,68,68,68,68,68,68,68,75,75,75,75,75,75,75,75,75,75,75,75],"card_choices":[{"not_picked":["Meteor Strike","Amplify"],"picked":"Biased Cognition","floor":0},{"not_picked":["Sweeping Beam","Chill"],"picked":"Cold Snap","floor":1},{"not_picked":["Steam","Compile Driver"],"picked":"Ball Lightning","floor":3},{"not_picked":["Redo","Storm"],"picked":"Go for the Eyes","floor":5},{"not_picked":["Loop","Conserve Battery"],"picked":"Self Repair","floor":7},{"not_picked":["Go for the Eyes","Loop","Turbo"],"picked":"SKIP","floor":11},{"not_picked":["Capacitor","Coolheaded"],"picked":"Machine Learning","floor":12},{"not_picked":["Reprogram","Sunder"],"picked":"Coolheaded","floor":14},{"not_picked":["Buffer","All For One"],"picked":"Echo Form","floor":16},{"not_picked":["Go for the Eyes"],"picked":"SKIP","floor":18},{"not_picked":["Ball Lightning"],"picked":"SKIP","floor":21},{"not_picked":["Heatsinks"],"picked":"SKIP","floor":22},{"not_picked":[],"picked":"Static Discharge","floor":28},{"not_picked":["Aggregate"],"picked":"SKIP","floor":29},{"not_picked":[],"picked":"Beam Cell+1","floor":31},{"not_picked":[],"picked":"Electrodynamics","floor":33},{"not_picked":["Streamline"],"picked":"SKIP","floor":35},{"not_picked":["Steam"],"picked":"SKIP","floor":37},{"not_picked":["Go for the Eyes"],"picked":"SKIP","floor":41},{"not_picked":[],"picked":"Beam Cell+1","floor":44},{"not_picked":["Coolheaded"],"picked":"SKIP","floor":46},{"not_picked":["Genetic Algorithm+1"],"picked":"SKIP","floor":48}],"player_experience":303343,"relics_obtained":[{"floor":7,"key":"Bag of Marbles"},{"floor":9,"key":"Symbiotic Virus"},{"floor":12,"key":"Blood Vial"},{"floor":26,"key":"Bag of Preparation"},{"floor":27,"key":"Enchiridion"},{"floor":43,"key":"Sundial"}],"event_choices":[{"damage_healed":0,"gold_gain":0,"cards_transformed":["Strike_B"],"player_choice":"Transformed","damage_taken":0,"max_hp_gain":0,"max_hp_loss":0,"event_name":"Transmorgrifier","floor":4,"gold_loss":0,"cards_obtained":["Capacitor"]},{"damage_healed":0,"gold_gain":0,"player_choice":"Read","damage_taken":0,"max_hp_gain":0,"max_hp_loss":0,"event_name":"The Library","floor":19,"gold_loss":0,"cards_obtained":["Consume"]},{"damage_healed":0,"gold_gain":0,"player_choice":"Obtained Book","damage_taken":16,"max_hp_gain":0,"max_hp_loss":0,"event_name":"Cursed Tome","floor":27,"gold_loss":0},{"cards_removed":["Defend_B"],"damage_healed":0,"gold_gain":0,"player_choice":"Removed Skill","damage_taken":0,"max_hp_gain":0,"max_hp_loss":0,"event_name":"Falling","floor":36,"gold_loss":0},{"damage_healed":0,"gold_gain":0,"player_choice":"Ignored","damage_taken":0,"max_hp_gain":0,"max_hp_loss":0,"event_name":"Mysterious Sphere","floor":38,"gold_loss":0},{"damage_healed":0,"gold_gain":0,"player_choice":"0 cards matched","damage_taken":0,"max_hp_gain":0,"max_hp_loss":0,"event_name":"Match and Keep!","floor":47,"gold_loss":0,"cards_obtained":[]}],"is_beta":false,"boss_relics":[{"not_picked":["Inserter","Orrery"],"picked":"Busted Crown"},{"not_picked":["Runic Dome","Eternal Feather"],"picked":"Lizard Tail"}],"items_purged_floors":[20],"is_endless":false,"potions_floor_spawned":[1,7,14,16,21,28,29,35,37,41],"killed_by":"Awakened One","ascension_level":12}