{"gold_per_floor":[109,129,129,145,159,190,190,80,80,110,110,125,155,168,168,272,272,286,286,25,25,37,37,51,63,63,75,100,127,139,151,163,273,285,315,138,138,138,156,156,56,69,69,69,18,18,18,36,36,36,36,36,36,63,63],"floor_reached":55,"playtime":2230,"items_purged":["Clumsy","Strike_G"],"score":662,"play_id":"3dc81571-cb46-46fa-b4d2-a7b304be25c3","local_time":"20190428132245","is_ascension_mode":false,"campfire_choices":[{"floor":7.0,"key":"REST"},{"data":"A Thousand Cuts","floor":11.0,"key":"SMITH"},{"data":"Dash","floor":15.0,"key":"SMITH"},{"data":"A Thousand Cuts","floor":23,"key":"SMITH"},{"floor":30,"key":"REST"},{"floor":32,"key":"REST"},{"floor":40,"key":"RECALL"},{"data":"Apotheosis","floor":44,"key":"SMITH"},{"data":"Footwork","floor":46,"key":"SMITH"},{"floor":49,"key":"REST"},{"data":"Thinking Ahead","floor":52,"key":"SMITH"}],"neow_cost":"CURSE","seed_source_timestamp":418928078679586,"circlet_count":0,"master_deck":["Defend_G","Defend_G","Defend_G","Defend_G","Defend_G","Strike_G","Strike_G","Strike_G","Strike_G","Survivor","Neutralize","Malaise","Deflect","Bouncing Flask","Sucker Punch","A Thousand Cuts+1","Well Laid Plans","Cloak And Dagger","Dash+1","Deflect","A Thousand Cuts+1","Dodge and Roll","Deflect","Infinite Blades+1","Footwork+1","Apotheosis+1","Thinking Ahead+1","Dash+1","Deflect"],"special_seed":0,"relics":["Ring of the Snake","Orichalcum","Matryoshka","Turnip","Busted Crown","Enchiridion","Pantograph","CultistMask","MawBank","Gremlin Horn","Bag of Preparation","Shuriken","MutagenicStrength","WristBlade","Molten Egg 2","Art of War","Bag of Marbles"],"potions_floor_usage":[54,54,55],"damage_taken":[{"damage":0.0,"enemies":"2 Louse","floor":1.0,"turns":2.0},{"damage":1.0,"enemies":"Small Slimes","floor":2.0,"turns":5.0},{"damage":0.0,"enemies":"Cultist","floor":4.0,"turns":4.0},{"damage":11.0,"enemies":"Exordium Thugs","floor":5.0,"turns":6.0},{"damage":30.0,"enemies":"3 Sentries","floor":6.0,"turns":10.0},{"damage":11.0,"enemies":"Lagavulin","floor":10.0,"turns":6.0},{"damage":4.0,"enemies":"Large Slime","floor":12.0,"turns":6.0},{"damage":5.0,"enemies":"3 Sentries","floor":13.0,"turns":5.0},{"damage":3.0,"enemies":"2 Fungi Beasts","floor":14.0,"turns":4.0},{"damage":9.0,"enemies":"Slime Boss","floor":16.0,"turns":10.0},{"damage":5.0,"enemies":"Spheric Guardian","floor":18.0,"turns":6.0},{"damage":4,"enemies":"Shell Parasite","floor":22,"turns":7},{"damage":0,"enemies":"Snake Plant","floor":24,"turns":5},{"damage":4,"enemies":"Sentry and Sphere","floor":25,"turns":5},{"damage":12,"enemies":"3 Cultists","floor":28,"turns":3},{"damage":9,"enemies":"Snake Plant","floor":29,"turns":4},{"damage":14,"enemies":"Automaton","floor":33,"turns":8},{"damage":26,"enemies":"3 Darklings","floor":35,"turns":4},{"damage":0,"enemies":"3 Shapes","floor":39,"turns":3},{"damage":4,"enemies":"Transient","floor":42,"turns":5},{"damage":4,"enemies":"4 Shapes","floor":48,"turns":4},{"damage":30,"enemies":"Donu and Deca","floor":50,"turns":10},{"damage":56,"enemies":"Shield and Spear","floor":54,"turns":9},{"damage":61,"enemies":"The Heart","floor":55,"turns":6}],"seed_played":"5129498625079511155","potions_obtained":[{"floor":1.0,"key":"Ancient Potion"},{"floor":2.0,"key":"Poison Potion"},{"floor":4.0,"key":"Fire Potion"},{"floor":6.0,"key":"Regen Potion"},{"floor":16.0,"key":"FearPotion"}],"is_trial":false,"path_per_floor":["M","M","?","M","M","E","R","$","T","E","R","M","E","M","R","B",null,"M","?","$","?","M","R","M","M","T","T","M","M","R","?","R","B",null,"M","$","?","?","M","R","$","M","T","R","?","R","$","M","R","B",null,"R","$","E","B"],"character_chosen":"THE_SILENT","items_purchased":["Well Laid Plans","Pantograph","Apotheosis"],"campfire_rested":4,"item_purchase_floors":[8,20,36],"current_hp_per_floor":[70,69,74,74,63,33,55,55,55,44,44,40,35,32,32,23,75,70,54,54,54,50,50,50,46,46,46,34,25,47,47,69,61,75,49,49,49,49,49,49,49,45,45,45,45,45,45,41,63,45,75,75,75,33,0],"gold":63,"neow_bonus":"THREE_RARE_CARDS","is_prod":false,"is_daily":false,"chose_seed":false,"campfire_upgraded":6,"win_rate":0,"timestamp":1556472165,"path_taken":["M","M","?","M","M","E","R","$","T","E","R","M","E","M","R","BOSS","M","?","$","?","M","R","M","?","T","?","M","M","R","?","R","BOSS","M","$","?","?","M","R","$","?","T","R","?","R","?","M","R","BOSS","R","$","E","BOSS"],"build_version":"2019-01-23","purchased_purges":2,"victory":false,"max_hp_per_floor":[70,70,75,75,75,75,75,75,75,75,75,75,75,75,75,75,75,75,75,75,75,75,75,75,75,75,75,75,75,75,75,75,75,75,75,75,75,75,75,75,75,75,75,75,75,75,75,75,75,75,75,75,75,75,75],"card_choices":[{"not_picked":["Wraith Form v2","Night Terror"],"picked":"Malaise","floor":0.0},{"not_picked":["Flying Knee","Skewer"],"picked":"Deflect","floor":1.0},{"not_picked":["Flechettes","All Out Attack"],"picked":"Bouncing Flask","floor":2.0},{"not_picked":["PiercingWail","Tactician","Quick Slash"],"picked":"SKIP","floor":4.0},{"not_picked":["Outmaneuver","Distraction"],"picked":"Sucker Punch","floor":5.0},{"not_picked":["Backflip","Flying Knee"],"picked":"A Thousand Cuts","floor":6.0},{"not_picked":["Deadly Poison","Blade Dance","PiercingWail"],"picked":"SKIP","floor":10.0},{"not_picked":["Flying Knee","Infinite Blades"],"picked":"Cloak And Dagger","floor":12.0},{"not_picked":["Escape Plan","Underhanded Strike"],"picked":"Dash","floor":13.0},{"not_picked":["Predator","Dodge and Roll"],"picked":"Deflect","floor":14.0},{"not_picked":["Bullet Time","Doppelganger"],"picked":"A Thousand Cuts","floor":16.0},{"not_picked":[],"picked":"Dodge and Roll","floor":18.0},{"not_picked":["Underhanded Strike"],"picked":"SKIP","floor":22},{"not_picked":["Bane"],"picked":"SKIP","floor":24},{"not_picked":[],"picked":"Deflect","floor":25},{"not_picked":[],"picked":"Infinite Blades+1","floor":28},{"not_picked":[],"picked":"Footwork","floor":29},{"not_picked":["Blade Dance"],"picked":"SKIP","floor":35},{"not_picked":[],"picked":"Thinking Ahead","floor":38},{"not_picked":["Deadly Poison+1"],"picked":"SKIP","floor":39},{"not_picked":["Outmaneuver+1"],"picked":"SKIP","floor":42},{"not_picked":[],"picked":"Dash+1","floor":48},{"not_picked":[],"picked":"Deflect","floor":54}],"player_experience":627911,"relics_obtained":[{"floor":6.0,"key":"Orichalcum"},{"floor":10.0,"key":"Matryoshka"},{"floor":13.0,"key":"Turnip"},{"floor":19.0,"key":"Enchiridion"},{"floor":26,"key":"MawBank"},{"floor":26,"key":"Gremlin Horn"},{"floor":27,"key":"Bag of Preparation"},{"floor":27,"key":"Shuriken"},{"floor":43,"key":"Molten Egg 2"},{"floor":54,"key":"Bag of Marbles"}],"event_choices":[{"damage_healed":0.0,"max_hp_gain":5.0,"max_hp_loss":0.0,"gold_gain":0.0,"event_name":"Big Fish","player_choice":"Donut","floor":3.0,"gold_loss":0.0,"damage_taken":0.0},{"damage_healed":0.0,"max_hp_gain":0.0,"max_hp_loss":0.0,"gold_gain":0.0,"event_name":"Cursed Tome","player_choice":"Obtained Book","floor":19.0,"gold_loss":0.0,"damage_taken":16.0},{"damage_healed":0,"gold_gain":0,"player_choice":"Trade","damage_taken":0,"relics_obtained":["CultistMask"],"max_hp_gain":0,"max_hp_loss":0,"event_name":"FaceTrader","floor":21,"gold_loss":0},{"damage_healed":0,"gold_gain":0,"player_choice":"Inject Mutagens","damage_taken":0,"relics_obtained":["MutagenicStrength"],"max_hp_gain":0,"max_hp_loss":0,"event_name":"Drug Dealer","floor":31,"gold_loss":0},{"damage_healed":0,"gold_gain":0,"player_choice":"Ignored","damage_taken":0,"max_hp_gain":0,"max_hp_loss":0,"event_name":"Tomb of Lord Red Mask","floor":37,"gold_loss":0},{"damage_healed":0,"gold_gain":0,"player_choice":"Memory 1","damage_taken":0,"max_hp_gain":0,"max_hp_loss":0,"event_name":"SensoryStone","floor":38,"gold_loss":0},{"damage_healed":0,"gold_gain":0,"player_choice":"Paid Gold","damage_taken":0,"relics_obtained":["Art of War"],"max_hp_gain":0,"max_hp_loss":0,"event_name":"WeMeetAgain","floor":45,"gold_loss":51}],"is_beta":false,"boss_relics":[{"not_picked":["Fusion Hammer","Calling Bell"],"picked":"Busted Crown"},{"not_picked":["Runic Pyramid","Snecko Eye"],"picked":"WristBlade"}],"items_purged_floors":[8,41],"is_endless":false,"potions_floor_spawned":[1,2,4,6,16,18,29,48],"killed_by":"The Heart","ascension_level":0}