{"gold_per_floor":[119,133,152,4,4,37,53,79,79,107,107,107,107,118,118,118],"floor_reached":16,"playtime":1615,"items_purged":["Parasite"],"score":168,"play_id":"25dee366-ad78-4960-beb8-59c8ab8ddc69","local_time":"20190220145350","is_ascension_mode":true,"campfire_choices":[{"floor":11,"key":"REST"},{"data":"Adrenaline","floor":13,"key":"SMITH"},{"data":"Leg Sweep","floor":15,"key":"SMITH"}],"neow_cost":"CURSE","seed_source_timestamp":415295733409071,"circlet_count":0,"master_deck":["Defend_G","Defend_G","Defend_G","Defend_G+1","Defend_G","Strike_G","Strike_G","Strike_G+1","Strike_G","Strike_G","Survivor","Neutralize","Good Instincts","Bandage Up","Dagger Throw","Dagger Spray","Predator","PiercingWail","Adrenaline+1","Dodge and Roll","Leg Sweep+1"],"relics":["Ring of the Snake","Happy Flower","Mummified Hand","Ornamental Fan","Ninja Scroll"],"potions_floor_usage":[8,8,16],"damage_taken":[{"damage":1,"enemies":"Small Slimes","floor":1,"turns":4},{"damage":0,"enemies":"Jaw Worm","floor":2,"turns":5},{"damage":0,"enemies":"Cultist","floor":3,"turns":4},{"damage":25,"enemies":"Gremlin Nob","floor":6,"turns":5},{"damage":0,"enemies":"3 Louse","floor":7,"turns":3},{"damage":10,"enemies":"3 Sentries","floor":8,"turns":7},{"damage":30,"enemies":"Gremlin Nob","floor":10,"turns":5},{"damage":0,"enemies":"Red Slaver","floor":14,"turns":3},{"damage":54,"enemies":"Hexaghost","floor":16,"turns":16}],"seed_played":"2923095398200523341","potions_obtained":[{"floor":2,"key":"SpeedPotion"},{"floor":3,"key":"LiquidBronze"},{"floor":10,"key":"Weak Potion"}],"is_trial":false,"path_per_floor":["M","M","M","$","?","E","M","E","T","E","R","?","R","M","R","B"],"character_chosen":"THE_SILENT","items_purchased":["Predator"],"campfire_rested":1,"item_purchase_floors":[4],"current_hp_per_floor":[66,70,70,67,54,29,33,27,27,1,21,43,43,47,47,0],"gold":118,"neow_bonus":"RANDOM_COLORLESS_2","is_prod":false,"is_daily":false,"chose_seed":false,"campfire_upgraded":2,"win_rate":0,"timestamp":1550692430,"path_taken":["M","M","M","$","?","E","M","E","T","E","R","?","R","M","R","BOSS"],"build_version":"2019-01-23","purchased_purges":1,"victory":false,"max_hp_per_floor":[70,70,70,67,67,67,67,67,67,67,67,67,67,67,67,67],"card_choices":[{"not_picked":["Deadly Poison","Acrobatics"],"picked":"Dagger Throw","floor":1},{"not_picked":["Skewer","Acrobatics"],"picked":"Dagger Spray","floor":2},{"not_picked":["Acrobatics","Endless Agony","All Out Attack"],"picked":"SKIP","floor":3},{"not_picked":["Prepared","Slice"],"picked":"PiercingWail","floor":6},{"not_picked":["Dodge and Roll","Flying Knee"],"picked":"Adrenaline","floor":7},{"not_picked":["Acrobatics","All Out Attack"],"picked":"Dodge and Roll","floor":8},{"not_picked":["Acrobatics","Phantasmal Killer","Flying Knee"],"picked":"SKIP","floor":10},{"not_picked":["Setup","Backflip"],"picked":"Leg Sweep","floor":14}],"player_experience":291658,"relics_obtained":[{"floor":6,"key":"Happy Flower"},{"floor":8,"key":"Mummified Hand"},{"floor":9,"key":"Ornamental Fan"},{"floor":10,"key":"Ninja Scroll"}],"event_choices":[{"damage_healed":0,"gold_gain":0,"player_choice":"Entered Light","damage_taken":13,"max_hp_gain":0,"max_hp_loss":0,"event_name":"Shining Light","floor":5,"gold_loss":0,"cards_upgraded":["Defend_G","Strike_G"]},{"damage_healed":22,"gold_gain":0,"player_choice":"Banana","damage_taken":0,"max_hp_gain":0,"max_hp_loss":0,"event_name":"Big Fish","floor":12,"gold_loss":0}],"is_beta":false,"boss_relics":[],"items_purged_floors":[4],"is_endless":false,"potions_floor_spawned":[2,3,10],"killed_by":"Hexaghost","ascension_level":8}