{"gold_per_floor":[111,111,123,123,33,66,81,98,145,173,187,205,231,231,231,362,362,347,56,72,72,72,72,72],"floor_reached":24,"playtime":1290,"items_purged":[],"score":265,"play_id":"01fe5e3e-0d5c-461f-88d2-3940b10ce961","local_time":"20190202142949","is_ascension_mode":true,"campfire_choices":[{"floor":15,"key":"REST"},{"floor":23,"key":"REST"}],"neow_cost":"NONE","seed_source_timestamp":192922889145773,"circlet_count":0,"master_deck":["Strike_B","Strike_B","Strike_B+1","Defend_B","Defend_B","Defend_B","Zap+1","Dualcast","Fusion","Ball Lightning+1","Chill+1","Cold Snap","Static Discharge","Turbo","Reinforced Body","Aggregate","Creative AI","Chaos","Storm","Injury","Seek","Chill+1","Self Repair","Stack","Beam Cell","Coolheaded","Necronomicurse"],"relics":["Cracked Core","NeowsBlessing","Pantograph","Centennial Puzzle","Oddly Smooth Stone","Juzu Bracelet","Golden Idol","Sozu","Whetstone","Necronomicon","War Paint"],"potions_floor_usage":[10,16],"damage_taken":[{"damage":0,"enemies":"2 Louse","floor":1,"turns":1},{"damage":0,"enemies":"Cultist","floor":3,"turns":1},{"damage":0,"enemies":"3 Sentries","floor":6,"turns":1},{"damage":0,"enemies":"Small Slimes","floor":7,"turns":3},{"damage":10,"enemies":"Exordium Wildlife","floor":8,"turns":5},{"damage":5,"enemies":"Gremlin Nob","floor":10,"turns":4},{"damage":0,"enemies":"2 Fungi Beasts","floor":11,"turns":3},{"damage":6,"enemies":"Exordium Thugs","floor":12,"turns":4},{"damage":16,"enemies":"3 Sentries","floor":13,"turns":7},{"damage":23,"enemies":"The Guardian","floor":16,"turns":8},{"damage":21,"enemies":"2 Thieves","floor":18,"turns":4},{"damage":9,"enemies":"Chosen","floor":20,"turns":5},{"damage":53,"enemies":"3 Cultists","floor":24,"turns":4}],"seed_played":"-7001275898688392148","potions_obtained":[{"floor":7,"key":"Swift Potion"},{"floor":8,"key":"Energy Potion"},{"floor":10,"key":"GamblersBrew"},{"floor":11,"key":"FearPotion"},{"floor":12,"key":"Weak Potion"},{"floor":16,"key":"Energy Potion"}],"is_trial":false,"path_per_floor":["M","?","M","?","$","E","M","M","T","E","M","M","E","?","R","B",null,"M","$","M","?","?","R","M"],"character_chosen":"DEFECT","items_purchased":["Chill","Cold Snap","Self Repair","Whetstone","Stack","Beam Cell"],"campfire_rested":2,"item_purchase_floors":[5,5,19,19,19,19],"current_hp_per_floor":[75,68,68,68,68,68,68,58,58,53,53,47,31,31,53,52,75,54,54,45,29,29,51,0],"gold":72,"neow_bonus":"THREE_ENEMY_KILL","is_prod":false,"is_daily":false,"chose_seed":false,"campfire_upgraded":0,"win_rate":0,"timestamp":1549135789,"path_taken":["M","?","M","?","$","E","M","M","T","E","M","M","E","?","R","BOSS","M","$","M","?","?","R","M"],"build_version":"2019-01-23","purchased_purges":0,"victory":false,"max_hp_per_floor":[75,75,75,75,75,75,75,75,75,75,75,75,75,75,75,75,75,75,75,75,75,75,75,75],"card_choices":[{"not_picked":["Conserve Battery","Scrape"],"picked":"Fusion","floor":1},{"not_picked":["Compile Driver","Blizzard"],"picked":"Ball Lightning","floor":3},{"not_picked":["Glacier","Conserve Battery"],"picked":"Static Discharge","floor":6},{"not_picked":["Hyperbeam","Gash"],"picked":"Turbo","floor":7},{"not_picked":["Redo","Storm"],"picked":"Reinforced Body","floor":8},{"not_picked":["Gash","Sweeping Beam"],"picked":"Aggregate","floor":10},{"not_picked":["Compile Driver","Melter"],"picked":"Creative AI","floor":11},{"not_picked":["Barrage","Hologram"],"picked":"Chaos","floor":12},{"not_picked":["Sweeping Beam","Stack"],"picked":"Storm","floor":13},{"not_picked":["Reboot","Machine Learning"],"picked":"Seek","floor":16},{"not_picked":["Compile Driver+1","Blizzard+1"],"picked":"Chill+1","floor":18},{"not_picked":["Cold Snap","Fusion"],"picked":"Coolheaded","floor":20}],"player_experience":122652,"relics_obtained":[{"floor":6,"key":"Pantograph"},{"floor":9,"key":"Centennial Puzzle"},{"floor":10,"key":"Oddly Smooth Stone"},{"floor":13,"key":"Juzu Bracelet"},{"floor":21,"key":"Necronomicon"}],"event_choices":[{"cards_removed":["Strike_B"],"damage_healed":0,"gold_gain":0,"player_choice":"Card Removal","damage_taken":7,"max_hp_gain":0,"max_hp_loss":0,"event_name":"Golden Wing","floor":2,"gold_loss":0},{"cards_removed":["Defend_B"],"damage_healed":0,"gold_gain":0,"player_choice":"Offered Basic","damage_taken":0,"max_hp_gain":0,"max_hp_loss":0,"event_name":"Bonfire Elementals","floor":4,"gold_loss":0},{"damage_healed":0,"gold_gain":0,"player_choice":"Take Wound","damage_taken":0,"relics_obtained":["Golden Idol"],"max_hp_gain":0,"max_hp_loss":0,"event_name":"Golden Idol","floor":14,"gold_loss":0,"cards_obtained":["Injury"]},{"damage_healed":0,"gold_gain":0,"player_choice":"Obtained Book","damage_taken":16,"max_hp_gain":0,"max_hp_loss":0,"event_name":"Cursed Tome","floor":21,"gold_loss":0},{"damage_healed":0,"gold_gain":0,"player_choice":"Opened","damage_taken":0,"relics_obtained":["War Paint"],"max_hp_gain":0,"max_hp_loss":0,"event_name":"The Mausoleum","floor":22,"gold_loss":0}],"is_beta":false,"boss_relics":[{"not_picked":["Philosopher\u0027s Stone","White Beast Statue"],"picked":"Sozu"}],"items_purged_floors":[],"is_endless":false,"potions_floor_spawned":[7,8,10,11,12,16],"killed_by":"3 Cultists","ascension_level":2}