{"gold_per_floor":[118,118,393,405,419,453,453,453,453,467,39,74,87,122,122,213,213,231,251,166,91,91,132,132,148,172,0,0],"floor_reached":28,"playtime":766,"items_purged":["Regret"],"score":562,"play_id":"28ee9418-46a5-43c0-985a-eebf52b84b37","local_time":"20190629215456","is_ascension_mode":true,"campfire_choices":[{"data":"Anger","floor":8.0,"key":"SMITH"},{"data":"True Grit","floor":15.0,"key":"SMITH"}],"neow_cost":"NONE","seed_source_timestamp":0,"circlet_count":0,"master_deck":["AscendersBane","Strike_R+1","Strike_R+1","Strike_R+1","Strike_R+1","Defend_R+1","Defend_R+1","Defend_R+1","Defend_R+1","Bash+1","Wild Strike","Anger+1","Heavy Blade","Twin Strike","Demon Form","Shrug It Off","True Grit+1","Limit Break","Battle Trance","Shrug It Off+1","Heavy Blade"],"special_seed":0,"relics":["Burning Blood","NeowsBlessing","Shuriken","Golden Idol","Red Skull","Ice Cream","Self Forming Clay","Bird Faced Urn","Coffee Dripper","Letter Opener","WingedGreaves","Frozen Egg 2","Oddly Smooth Stone"],"potions_floor_usage":[23,23,28],"damage_taken":[{"damage":0.0,"enemies":"2 Louse","floor":1.0,"turns":1.0},{"damage":0.0,"enemies":"Small Slimes","floor":4.0,"turns":1.0},{"damage":0.0,"enemies":"Cultist","floor":5.0,"turns":1.0},{"damage":35.0,"enemies":"Gremlin Nob","floor":6.0,"turns":4.0},{"damage":13.0,"enemies":"Large Slime","floor":10.0,"turns":5.0},{"damage":15.0,"enemies":"Lagavulin","floor":12.0,"turns":5.0},{"damage":0.0,"enemies":"Blue Slaver","floor":13.0,"turns":2.0},{"damage":8.0,"enemies":"Gremlin Nob","floor":14.0,"turns":3.0},{"damage":20.0,"enemies":"The Guardian","floor":16.0,"turns":11.0},{"damage":25.0,"enemies":"Spheric Guardian","floor":18.0,"turns":6.0},{"damage":17.0,"enemies":"3 Byrds","floor":19.0,"turns":5.0},{"damage":36,"enemies":"Slavers","floor":23,"turns":5},{"damage":10,"enemies":"Sentry and Sphere","floor":25,"turns":5},{"damage":24,"enemies":"Cultist and Chosen","floor":28,"turns":3}],"seed_played":"4244312305734815467","potions_obtained":[{"floor":1.0,"key":"BloodPotion"},{"floor":5.0,"key":"PowerPotion"},{"floor":12.0,"key":"BloodPotion"},{"floor":25,"key":"Energy Potion"}],"is_trial":false,"path_per_floor":["M","?","?","M","M","E","?","R","T","M","$","E","M","E","R","B",null,"M","M","?","?","?","E","T","M","T","?","M"],"character_chosen":"IRONCLAD","items_purchased":["Ice Cream","Twin Strike"],"campfire_rested":0,"item_purchase_floors":[11,11],"current_hp_per_floor":[74,74,74,75,75,46,46,46,46,39,39,30,36,34,34,22,57,40,31,31,31,31,13,13,11,11,11,0],"gold":0,"neow_bonus":"THREE_ENEMY_KILL","is_prod":false,"is_daily":false,"chose_seed":false,"campfire_upgraded":2,"win_rate":0,"timestamp":1561859696,"path_taken":["M","?","?","?","M","E","?","R","T","M","$","E","M","E","R","BOSS","M","M","?","?","?","E","?","?","T","?","M"],"build_version":"2019-01-23","purchased_purges":1,"victory":false,"max_hp_per_floor":[75,75,75,75,75,75,68,68,68,68,68,68,68,68,68,68,68,68,68,68,68,68,68,68,68,68,68,68],"card_choices":[{"not_picked":["Sever Soul","Heavy Blade","Dual Wield"],"picked":"SKIP","floor":1.0},{"not_picked":["Entrench","Sentinel"],"picked":"Wild Strike","floor":4.0},{"not_picked":["Cleave","Sword Boomerang"],"picked":"Anger","floor":5.0},{"not_picked":["Wild Strike","Feel No Pain","Entrench"],"picked":"SKIP","floor":6.0},{"not_picked":["Rupture","Anger"],"picked":"Heavy Blade","floor":10.0},{"not_picked":["Bloodletting","Cleave"],"picked":"Demon Form","floor":12.0},{"not_picked":["Clothesline","Corruption"],"picked":"Shrug It Off","floor":13.0},{"not_picked":["Exhume","Wild Strike"],"picked":"True Grit","floor":14.0},{"not_picked":["Brutality","Barricade"],"picked":"Limit Break","floor":16.0},{"not_picked":["Infernal Blade","Anger"],"picked":"Battle Trance","floor":18.0},{"not_picked":["Disarm","Iron Wave"],"picked":"Shrug It Off+1","floor":19.0},{"not_picked":["Twin Strike","Headbutt","Rampage"],"picked":"SKIP","floor":23},{"not_picked":["Body Slam","Reckless Charge"],"picked":"Heavy Blade","floor":25}],"player_experience":994223,"relics_obtained":[{"floor":6.0,"key":"Shuriken"},{"floor":9.0,"key":"Red Skull"},{"floor":12.0,"key":"Self Forming Clay"},{"floor":14.0,"key":"Bird Faced Urn"},{"floor":23,"key":"WingedGreaves"},{"floor":24,"key":"Frozen Egg 2"},{"floor":26,"key":"Oddly Smooth Stone"}],"event_choices":[{"damage_healed":0.0,"max_hp_gain":0.0,"max_hp_loss":0.0,"gold_gain":0.0,"event_name":"Living Wall","player_choice":"Grow","floor":2.0,"gold_loss":0.0,"damage_taken":0.0,"cards_upgraded":["Bash"]},{"damage_healed":0.0,"max_hp_gain":0.0,"max_hp_loss":0.0,"gold_gain":275.0,"event_name":"Golden Shrine","player_choice":"Desecrate","floor":3.0,"gold_loss":0.0,"damage_taken":0.0,"cards_obtained":["Regret"]},{"damage_healed":0.0,"max_hp_gain":0.0,"max_hp_loss":7.0,"gold_gain":0.0,"event_name":"Golden Idol","player_choice":"Lose Max HP","floor":7.0,"gold_loss":0.0,"damage_taken":0.0,"relics_obtained":["Golden Idol"]},{"damage_healed":0.0,"max_hp_gain":0.0,"max_hp_loss":0.0,"gold_gain":0.0,"event_name":"Addict","player_choice":"Obtained Relic","floor":20.0,"gold_loss":85.0,"damage_taken":0.0,"relics_obtained":["Letter Opener"]},{"cards_removed":["Strike_R"],"damage_healed":0.0,"max_hp_gain":0.0,"max_hp_loss":0.0,"gold_gain":0.0,"event_name":"Beggar","player_choice":"Gave Gold","floor":21.0,"gold_loss":75.0,"damage_taken":0.0},{"damage_healed":0.0,"max_hp_gain":0.0,"max_hp_loss":0.0,"gold_gain":0.0,"event_name":"Back to Basics","player_choice":"Simplicity","floor":22.0,"gold_loss":0.0,"damage_taken":0.0,"cards_upgraded":["Strike_R","Strike_R","Strike_R","Strike_R","Defend_R","Defend_R","Defend_R","Defend_R"]},{"damage_healed":0,"gold_gain":0,"player_choice":"Paid Fearfully","damage_taken":0,"max_hp_gain":0,"max_hp_loss":0,"event_name":"Masked Bandits","floor":27,"gold_loss":172}],"is_beta":false,"boss_relics":[{"not_picked":["Astrolabe","Black Star"],"picked":"Coffee Dripper"}],"items_purged_floors":[11],"is_endless":false,"potions_floor_spawned":[1,5,12,13,18,25],"killed_by":"Cultist and Chosen","ascension_level":20}