{"gold_per_floor":[118,118,133,133,149,149,206,206,206,41,41,56,56,68,68,143,143,162,162,177,177,227,227,243,243,243,243,254,273,273,288,288,288],"floor_reached":33,"playtime":1144,"items_purged":["Pain"],"score":462,"play_id":"818f2609-e645-485e-9f1c-ef21d1c89667","local_time":"20190625160124","is_ascension_mode":true,"campfire_choices":[{"data":"Whirlwind","floor":6,"key":"SMITH"},{"data":"True Grit","floor":8,"key":"SMITH"},{"data":"Corruption","floor":13,"key":"SMITH"},{"data":"Disarm","floor":15,"key":"SMITH"},{"floor":23,"key":"REST"},{"floor":25,"key":"REST"},{"floor":30,"key":"REST"},{"data":"Dark Embrace","floor":32,"key":"SMITH"}],"neow_cost":"NONE","seed_source_timestamp":1097869999445728,"circlet_count":0,"master_deck":["AscendersBane","Strike_R","Strike_R","Strike_R","Strike_R","Strike_R","Defend_R","Defend_R","Defend_R","Defend_R","Bash","Whirlwind+1","True Grit+1","Headbutt","True Grit","Disarm+1","Parasite","Corruption+1","Dark Embrace+1","Whirlwind","Inflame","Shrug It Off","Writhe","Sentinel","Feed","Heavy Blade+1"],"relics":["Burning Blood","Potion Belt","WarpedTongs","Sundial","Letter Opener","Lizard Tail","Question Card","Vajra"],"potions_floor_usage":[3,7,16,18,29],"damage_taken":[{"damage":11,"enemies":"Jaw Worm","floor":1,"turns":4},{"damage":6,"enemies":"Cultist","floor":3,"turns":3},{"damage":7,"enemies":"Small Slimes","floor":5,"turns":5},{"damage":33,"enemies":"Gremlin Nob","floor":7,"turns":4},{"damage":0,"enemies":"Gremlin Gang","floor":12,"turns":1},{"damage":7,"enemies":"Looter","floor":14,"turns":4},{"damage":64,"enemies":"The Guardian","floor":16,"turns":18},{"damage":24,"enemies":"Spheric Guardian","floor":18,"turns":4},{"damage":33,"enemies":"Shell Parasite","floor":20,"turns":6},{"damage":47,"enemies":"Shelled Parasite and Fungi","floor":24,"turns":8},{"damage":24,"enemies":"Snake Plant","floor":28,"turns":6},{"damage":49,"enemies":"Sentry and Sphere","floor":29,"turns":8},{"damage":0,"enemies":"Snecko","floor":31,"turns":4},{"damage":93,"enemies":"Automaton","floor":33,"turns":6}],"seed_played":"-202351503272696996","potions_obtained":[{"floor":2,"key":"Fruit Juice"},{"floor":2,"key":"FairyPotion"},{"floor":5,"key":"FearPotion"},{"floor":14,"key":"SpeedPotion"},{"floor":16,"key":"AttackPotion"},{"floor":28,"key":"SpeedPotion"}],"is_trial":false,"path_per_floor":["M","?","M","?","M","R","?","R","T","$","?","M","R","M","R","B",null,"M","?","M","?","?","R","M","R","T","?","M","M","R","M","R","B"],"character_chosen":"IRONCLAD","items_purchased":["Disarm"],"campfire_rested":3,"item_purchase_floors":[10],"current_hp_per_floor":[63,63,68,68,67,67,40,40,40,40,60,66,66,65,65,7,62,44,44,17,17,17,41,14,38,38,54,36,35,59,69,69,0],"gold":288,"neow_bonus":"RANDOM_COMMON_RELIC","is_prod":false,"is_daily":false,"chose_seed":false,"campfire_upgraded":5,"win_rate":0,"timestamp":1561503684,"path_taken":["M","?","?","?","?","R","?","R","T","?","?","M","R","M","R","BOSS","M","?","M","?","?","R","M","R","T","?","M","M","R","?","R","BOSS"],"build_version":"2019-01-23","purchased_purges":1,"victory":false,"max_hp_per_floor":[75,75,80,80,80,80,80,80,80,80,80,80,80,80,80,80,80,80,80,80,80,80,80,80,80,80,80,80,80,80,84,84,84],"card_choices":[{"not_picked":["Twin Strike","Anger"],"picked":"Whirlwind","floor":1},{"not_picked":["Clash","Perfected Strike"],"picked":"True Grit","floor":3},{"not_picked":["Clothesline","Seeing Red"],"picked":"Headbutt","floor":5},{"not_picked":["Sword Boomerang","Body Slam"],"picked":"True Grit","floor":7},{"not_picked":["Pommel Strike","Feel No Pain"],"picked":"Corruption","floor":12},{"not_picked":["Warcry","Wild Strike"],"picked":"Evolve","floor":14},{"not_picked":["Berserk","Brutality"],"picked":"Dark Embrace","floor":16},{"not_picked":["Clash","Iron Wave"],"picked":"Reckless Charge","floor":18},{"not_picked":["Corruption","Whirlwind"],"picked":"Shrug It Off","floor":20},{"not_picked":["Heavy Blade","Thunderclap+1","Headbutt","Twin Strike"],"picked":"SKIP","floor":24},{"not_picked":["Searing Blow","Dual Wield","Shrug It Off"],"picked":"Sentinel","floor":28},{"not_picked":["Cleave","Feel No Pain","Blood for Blood"],"picked":"Feed","floor":29},{"not_picked":["Pommel Strike","Anger","Cleave"],"picked":"Heavy Blade+1","floor":31}],"player_experience":1079534,"relics_obtained":[{"floor":7,"key":"Sundial"},{"floor":9,"key":"Letter Opener"},{"floor":26,"key":"Vajra"}],"event_choices":[{"damage_healed":0,"gold_gain":0,"player_choice":"Got Potions","damage_taken":0,"max_hp_gain":0,"max_hp_loss":0,"event_name":"Lab","floor":2,"gold_loss":0},{"damage_healed":0,"gold_gain":0,"player_choice":"Rummage","damage_taken":0,"relics_obtained":["WarpedTongs"],"max_hp_gain":0,"max_hp_loss":0,"event_name":"Accursed Blacksmith","floor":4,"gold_loss":0,"cards_obtained":["Pain"]},{"damage_healed":0,"gold_gain":0,"player_choice":"Searched \u00271\u0027 times","damage_taken":0,"max_hp_gain":0,"max_hp_loss":0,"event_name":"Dead Adventurer","floor":7,"gold_loss":0},{"damage_healed":20,"gold_gain":0,"player_choice":"Healed and dodged fight","damage_taken":0,"max_hp_gain":0,"max_hp_loss":0,"event_name":"Mushrooms","floor":11,"gold_loss":0,"cards_obtained":["Parasite"]},{"damage_healed":0,"gold_gain":0,"cards_transformed":["Reckless Charge","Evolve"],"player_choice":"Became Test Subject","damage_taken":0,"max_hp_gain":0,"max_hp_loss":0,"event_name":"Drug Dealer","floor":19,"gold_loss":0,"cards_obtained":["Whirlwind","Inflame"]},{"damage_healed":0,"gold_gain":0,"player_choice":"Opened","damage_taken":0,"relics_obtained":["Question Card"],"max_hp_gain":0,"max_hp_loss":0,"event_name":"The Mausoleum","floor":21,"gold_loss":0,"cards_obtained":["Writhe"]},{"damage_healed":0,"gold_gain":50,"player_choice":"Stole From Cult","damage_taken":0,"max_hp_gain":0,"max_hp_loss":0,"event_name":"Nest","floor":22,"gold_loss":0},{"damage_healed":16,"gold_gain":0,"player_choice":"Heal","damage_taken":0,"max_hp_gain":0,"max_hp_loss":0,"event_name":"The Library","floor":27,"gold_loss":0}],"is_beta":false,"boss_relics":[{"not_picked":["Tiny House","Runic Dome"],"picked":"Lizard Tail"}],"items_purged_floors":[10],"is_endless":false,"potions_floor_spawned":[5,14,16,28],"killed_by":"Automaton","ascension_level":19}