{"gold_per_floor":[210,225,150,150,168,168,178,209,255,6,6,23,43,43,43,146,146,163,73,93,73,92,92,123,123,123,142,169,169],"floor_reached":29,"playtime":1828,"items_purged":["Strike_R"],"score":318,"play_id":"dae8a772-8e37-4703-a6a4-d8dd7e799011","local_time":"20190629085426","is_ascension_mode":true,"campfire_choices":[{"data":"Sword Boomerang","floor":6,"key":"SMITH"},{"floor":11,"key":"REST"},{"floor":15,"key":"REST"},{"data":"Havoc","floor":23,"key":"SMITH"},{"data":"Armaments","floor":25,"key":"SMITH"}],"neow_cost":"NONE","seed_source_timestamp":545620642635302,"circlet_count":0,"master_deck":["Strike_R","Strike_R","Strike_R","Defend_R+1","Defend_R","Defend_R","Defend_R","Bash","Sword Boomerang+1","Spot Weakness","Bandage Up","Combust","Shrug It Off","Evolve","Fiend Fire","Warcry","Inflame+1","Dark Embrace+1","Warcry+1","Havoc+1","Headbutt","Armaments+1","Second Wind","Sentinel"],"relics":["Burning Blood","Frozen Egg 2","Bag of Marbles","Shuriken","Mark of Pain","Lantern","Darkstone Periapt","The Courier"],"potions_floor_usage":[7,22,27,28,28,28],"damage_taken":[{"damage":13,"enemies":"2 Louse","floor":1,"turns":4},{"damage":11,"enemies":"Cultist","floor":2,"turns":4},{"damage":13,"enemies":"Jaw Worm","floor":5,"turns":5},{"damage":1,"enemies":"2 Fungi Beasts","floor":7,"turns":2},{"damage":48,"enemies":"Lagavulin","floor":8,"turns":6},{"damage":32,"enemies":"Gremlin Gang","floor":12,"turns":4},{"damage":5,"enemies":"3 Louse","floor":13,"turns":3},{"damage":45,"enemies":"Slime Boss","floor":16,"turns":7},{"damage":28,"enemies":"2 Thieves","floor":18,"turns":4},{"damage":9,"enemies":"Shell Parasite","floor":20,"turns":2},{"damage":4,"enemies":"Snecko","floor":22,"turns":3},{"damage":23,"enemies":"Gremlin Leader","floor":24,"turns":4},{"damage":34,"enemies":"Sentry and Sphere","floor":27,"turns":6},{"damage":28,"enemies":"Book of Stabbing","floor":28,"turns":4},{"damage":25,"enemies":"3 Cultists","floor":29,"turns":5}],"seed_played":"-5636121165200455232","potions_obtained":[{"floor":5,"key":"Poison Potion"},{"floor":13,"key":"BloodPotion"},{"floor":18,"key":"PowerPotion"},{"floor":21,"key":"FearPotion"},{"floor":22,"key":"FearPotion"},{"floor":27,"key":"AttackPotion"}],"is_trial":false,"path_per_floor":["M","M","$","?","M","R","M","E","T","$","R","M","M","?","R","B",null,"M","?","M","?","M","R","E","R","T","M","E","M"],"character_chosen":"IRONCLAD","items_purchased":["Shuriken"],"campfire_rested":2,"item_purchase_floors":[10],"current_hp_per_floor":[73,68,68,68,65,65,74,36,36,36,60,38,43,43,67,32,80,62,62,59,59,73,73,60,60,60,36,18,0],"gold":169,"neow_bonus":"HUNDRED_GOLD","is_prod":false,"is_daily":false,"chose_seed":false,"campfire_upgraded":3,"win_rate":0,"timestamp":1561823666,"path_taken":["M","M","$","?","M","R","M","E","T","$","R","M","?","?","R","BOSS","M","?","?","?","M","R","E","R","T","M","E","M"],"build_version":"2019-01-23","purchased_purges":1,"victory":false,"max_hp_per_floor":[80,80,80,80,80,80,80,80,80,80,80,80,80,80,80,80,80,80,80,80,80,80,80,80,80,80,80,80,80],"card_choices":[{"not_picked":["Burning Pact","Rage"],"picked":"Sword Boomerang","floor":1},{"not_picked":["Bloodletting","Burning Pact"],"picked":"Spot Weakness","floor":2},{"not_picked":["Headbutt","Dual Wield"],"picked":"Shrug It Off","floor":5},{"not_picked":["Sever Soul","Pommel Strike"],"picked":"Evolve","floor":7},{"not_picked":["Perfected Strike","Pummel"],"picked":"Fiend Fire","floor":8},{"not_picked":["Body Slam","Anger"],"picked":"Warcry","floor":12},{"not_picked":["Heavy Blade","Warcry"],"picked":"Inflame+1","floor":13},{"not_picked":["Double Tap","Bludgeon"],"picked":"Dark Embrace+1","floor":16},{"not_picked":["Cleave","Metallicize+1"],"picked":"Warcry+1","floor":18},{"not_picked":["Clothesline+1","Headbutt"],"picked":"Havoc","floor":20},{"not_picked":["Shrug It Off","Clothesline"],"picked":"Headbutt","floor":22},{"not_picked":["Perfected Strike","True Grit"],"picked":"Armaments","floor":24},{"not_picked":["Warcry+1","Headbutt"],"picked":"Second Wind","floor":27},{"not_picked":["Blood for Blood","Inflame+1"],"picked":"Sentinel","floor":28}],"player_experience":513586,"relics_obtained":[{"floor":8,"key":"Frozen Egg 2"},{"floor":9,"key":"Bag of Marbles"},{"floor":24,"key":"Lantern"},{"floor":26,"key":"Darkstone Periapt"},{"floor":28,"key":"The Courier"}],"event_choices":[{"damage_healed":0,"gold_gain":0,"player_choice":"2 cards matched","damage_taken":0,"max_hp_gain":0,"max_hp_loss":0,"event_name":"Match and Keep!","floor":4,"gold_loss":0,"cards_obtained":["Bandage Up","Combust"]},{"damage_healed":0,"gold_gain":0,"player_choice":"Ignored","damage_taken":0,"max_hp_gain":0,"max_hp_loss":0,"event_name":"Liars Game","floor":14,"gold_loss":0},{"cards_removed":["Strike_R"],"damage_healed":0,"gold_gain":0,"player_choice":"Upgrade and Remove","damage_taken":0,"max_hp_gain":0,"max_hp_loss":0,"event_name":"Designer","floor":19,"gold_loss":90,"cards_upgraded":["Defend_R"]},{"damage_healed":0,"gold_gain":0,"player_choice":"Bought 1 Potion","damage_taken":0,"max_hp_gain":0,"max_hp_loss":0,"event_name":"The Woman in Blue","floor":21,"gold_loss":0}],"is_beta":false,"boss_relics":[{"not_picked":["Runic Dome","Calling Bell"],"picked":"Mark of Pain"}],"items_purged_floors":[3],"is_endless":false,"potions_floor_spawned":[5,13,18,22,24,27],"killed_by":"3 Cultists","ascension_level":4}