{"gold_per_floor":[18,18,35,35,47,47,78,78,104,27,46,66,66,8,8,85,85,102,152,53,53,71,71],"floor_reached":23,"playtime":840,"items_purged":[],"score":369,"play_id":"f61c2989-3f73-4917-933f-1dec12f94e3a","local_time":"20190623195737","is_ascension_mode":true,"campfire_choices":[{"data":"Uppercut","floor":6,"key":"SMITH"},{"data":"Demon Form","floor":8,"key":"SMITH"},{"floor":15,"key":"REST"}],"neow_cost":"NO_GOLD","seed_source_timestamp":939546061402025,"circlet_count":0,"master_deck":["AscendersBane","Strike_R","Strike_R","Strike_R","Strike_R","Defend_R","Defend_R","Defend_R","Defend_R","Bash","Uppercut+1","Clash","True Grit+1","Feel No Pain","Demon Form+1","Battle Trance","Shrug It Off","Shockwave","Juggernaut","Carnage+1","Discovery+1","Intimidate"],"relics":["Burning Blood","Nunchaku","Bag of Marbles","Red Skull","Vajra","Fusion Hammer"],"potions_floor_usage":[7,11,12,23],"damage_taken":[{"damage":11,"enemies":"2 Louse","floor":1,"turns":4},{"damage":0,"enemies":"Cultist","floor":3,"turns":3},{"damage":4,"enemies":"Small Slimes","floor":5,"turns":4},{"damage":22,"enemies":"3 Sentries","floor":7,"turns":13},{"damage":12,"enemies":"Exordium Thugs","floor":11,"turns":4},{"damage":12,"enemies":"Gremlin Gang","floor":12,"turns":8},{"damage":23,"enemies":"Slime Boss","floor":16,"turns":10},{"damage":21,"enemies":"Spheric Guardian","floor":18,"turns":5},{"damage":44,"enemies":"3 Byrds","floor":22,"turns":5},{"damage":24,"enemies":"Gremlin Leader","floor":23,"turns":4}],"seed_played":"3772375131956723215","potions_obtained":[{"floor":5,"key":"Swift Potion"},{"floor":7,"key":"Fire Potion"},{"floor":11,"key":"SpeedPotion"},{"floor":22,"key":"Strength Potion"}],"is_trial":false,"path_per_floor":["M","?","M","?","M","R","E","R","T","$","M","M","?","?","R","B",null,"M","?","$","?","M","E"],"character_chosen":"IRONCLAD","items_purchased":["Battle Trance","Discovery"],"campfire_rested":1,"item_purchase_floors":[10,20],"current_hp_per_floor":[63,63,69,69,71,71,55,55,55,55,49,43,25,25,47,30,64,49,49,49,49,11,0],"gold":71,"neow_bonus":"ONE_RARE_RELIC","is_prod":false,"is_daily":false,"chose_seed":false,"campfire_upgraded":2,"win_rate":0,"timestamp":1561345057,"path_taken":["M","?","?","?","M","R","E","R","T","?","M","?","?","?","R","BOSS","M","?","$","?","?","E"],"build_version":"2019-01-23","purchased_purges":0,"victory":false,"max_hp_per_floor":[75,75,75,75,75,75,75,75,75,75,75,75,75,75,75,75,75,75,75,75,75,75,75],"card_choices":[{"not_picked":["Headbutt","Inflame"],"picked":"Uppercut","floor":1},{"not_picked":["Cleave","Reckless Charge"],"picked":"True Grit","floor":3},{"not_picked":["Sever Soul","Anger"],"picked":"Feel No Pain","floor":5},{"not_picked":["Feed","Carnage"],"picked":"Demon Form","floor":7},{"not_picked":["Armaments","Perfected Strike"],"picked":"Shrug It Off","floor":11},{"not_picked":["Iron Wave","Thunderclap"],"picked":"Shockwave","floor":12},{"not_picked":["Bludgeon","Barricade"],"picked":"Juggernaut","floor":16},{"not_picked":["Burning Pact","True Grit"],"picked":"Carnage+1","floor":18},{"not_picked":["Clash","Rampage"],"picked":"Intimidate","floor":22}],"player_experience":1057783,"relics_obtained":[{"floor":7,"key":"Bag of Marbles"},{"floor":9,"key":"Red Skull"}],"event_choices":[{"damage_healed":0,"gold_gain":0,"cards_transformed":["Strike_R"],"player_choice":"Transformed","damage_taken":0,"max_hp_gain":0,"max_hp_loss":0,"event_name":"Transmorgrifier","floor":2,"gold_loss":0,"cards_obtained":["Clash"]},{"damage_healed":0,"gold_gain":0,"player_choice":"Upgraded","damage_taken":0,"max_hp_gain":0,"max_hp_loss":0,"event_name":"Upgrade Shrine","floor":4,"gold_loss":0,"cards_upgraded":["True Grit"]},{"damage_healed":0,"gold_gain":0,"player_choice":"Success","damage_taken":18,"relics_obtained":["Vajra"],"max_hp_gain":0,"max_hp_loss":0,"event_name":"Scrap Ooze","floor":13,"gold_loss":0},{"damage_healed":0,"gold_gain":0,"player_choice":"Left Gold","damage_taken":0,"max_hp_gain":0,"max_hp_loss":0,"event_name":"World of Goop","floor":14,"gold_loss":58},{"damage_healed":0,"gold_gain":50,"player_choice":"Stole From Cult","damage_taken":0,"max_hp_gain":0,"max_hp_loss":0,"event_name":"Nest","floor":19,"gold_loss":0},{"damage_healed":0,"gold_gain":0,"player_choice":"Forge","damage_taken":0,"max_hp_gain":0,"max_hp_loss":0,"event_name":"Accursed Blacksmith","floor":21,"gold_loss":0,"cards_upgraded":["Discovery"]}],"is_beta":false,"boss_relics":[{"not_picked":["Coffee Dripper","Eternal Feather"],"picked":"Fusion Hammer"}],"items_purged_floors":[],"is_endless":false,"potions_floor_spawned":[5,7,11,22],"killed_by":"Gremlin Leader","ascension_level":19}