{"gold_per_floor":[113,36,48,48,58,58,58,91,115,115,127,139,153,165,165,238,238,238,238,32,32,32,32],"floor_reached":23,"playtime":761,"items_purged":[],"score":328,"play_id":"4263688c-40f6-48db-8dc8-efb11727bf60","local_time":"20181119213133","is_ascension_mode":true,"campfire_choices":[{"data":"Spot Weakness","floor":6,"key":"SMITH"},{"data":"Limit Break","floor":10,"key":"SMITH"},{"floor":15,"key":"REST"}],"neow_cost":"NONE","seed_source_timestamp":14182700813668,"circlet_count":0,"master_deck":["AscendersBane","Strike_R","Strike_R","Strike_R","Strike_R","Strike_R","Defend_R","Defend_R","Defend_R","Defend_R","Bash","Inflame","Spot Weakness+1","Battle Trance","Limit Break+1","Sword Boomerang","Shrug It Off","Cleave","Double Tap","Shrug It Off","Ghostly Armor"],"relics":["Burning Blood","Strawberry","CultistMask","Orichalcum","Bag of Marbles","Ectoplasm","Sling"],"potions_floor_usage":[11,12,13,14,23],"damage_taken":[{"damage":6,"enemies":"Cultist","floor":1,"turns":4},{"damage":2,"enemies":"2 Louse","floor":3,"turns":3},{"damage":12,"enemies":"Small Slimes","floor":5,"turns":3},{"damage":50,"enemies":"Lagavulin","floor":8,"turns":6},{"damage":11,"enemies":"Blue Slaver","floor":11,"turns":5},{"damage":9,"enemies":"Exordium Thugs","floor":12,"turns":3},{"damage":8,"enemies":"3 Louse","floor":13,"turns":4},{"damage":0,"enemies":"2 Fungi Beasts","floor":14,"turns":2},{"damage":25,"enemies":"Slime Boss","floor":16,"turns":8},{"damage":6,"enemies":"Spheric Guardian","floor":18,"turns":3},{"damage":24,"enemies":"Shell Parasite","floor":22,"turns":4},{"damage":76,"enemies":"Slavers","floor":23,"turns":4}],"seed_played":"-7144223475897577321","potions_obtained":[{"floor":1,"key":"Regen Potion"},{"floor":5,"key":"SpeedPotion"},{"floor":11,"key":"SkillPotion"},{"floor":12,"key":"SteroidPotion"},{"floor":18,"key":"Explosive Potion"}],"is_trial":false,"path_per_floor":["M","$","M","?","M","R","?","E","T","R","M","M","M","M","R","B",null,"M","?","$","?","M","E"],"character_chosen":"IRONCLAD","items_purchased":["Spot Weakness","Sling"],"campfire_rested":1,"item_purchase_floors":[2,20],"current_hp_per_floor":[75,75,79,79,73,73,78,34,34,34,41,38,36,42,68,49,78,78,87,87,87,69,0],"gold":32,"neow_bonus":"RANDOM_COMMON_RELIC","is_prod":false,"is_daily":false,"chose_seed":false,"campfire_upgraded":2,"win_rate":0,"timestamp":1542691893,"path_taken":["M","?","?","?","?","R","?","E","T","R","M","M","M","M","R","BOSS","M","?","?","?","M","E"],"build_version":"2018-11-15","purchased_purges":0,"victory":false,"max_hp_per_floor":[82,82,82,82,82,82,87,87,87,87,87,87,87,87,87,87,87,87,87,87,87,87,87],"card_choices":[{"not_picked":["Sever Soul","Hemokinesis"],"picked":"Inflame","floor":1},{"not_picked":["Rage","Heavy Blade"],"picked":"Battle Trance","floor":3},{"not_picked":["Armaments","Sentinel"],"picked":"Burning Pact","floor":5},{"not_picked":["Flame Barrier","Metallicize"],"picked":"Limit Break","floor":8},{"not_picked":["Anger","True Grit"],"picked":"Sword Boomerang","floor":11},{"not_picked":["Sword Boomerang","Rupture"],"picked":"Shrug It Off","floor":12},{"not_picked":["Rupture","Anger"],"picked":"Cleave","floor":13},{"not_picked":["Thunderclap","Corruption","Perfected Strike"],"picked":"SKIP","floor":14},{"not_picked":["Juggernaut","Barricade"],"picked":"Double Tap","floor":16},{"not_picked":["Clash","Havoc+1"],"picked":"Shrug It Off","floor":18},{"not_picked":["Shrug It Off","Cleave"],"picked":"Ghostly Armor","floor":22}],"player_experience":791393,"relics_obtained":[{"floor":8,"key":"Orichalcum"},{"floor":9,"key":"Bag of Marbles"}],"event_choices":[{"damage_healed":0,"gold_gain":0,"player_choice":"Trade","damage_taken":0,"relics_obtained":["CultistMask"],"max_hp_gain":0,"max_hp_loss":0,"event_name":"FaceTrader","floor":4,"gold_loss":0},{"damage_healed":0,"gold_gain":0,"player_choice":"Donut","damage_taken":0,"max_hp_gain":5,"max_hp_loss":0,"event_name":"Big Fish","floor":7,"gold_loss":0},{"cards_removed":["Burning Pact"],"damage_healed":9,"gold_gain":0,"player_choice":"Offered Uncommon","damage_taken":0,"max_hp_gain":0,"max_hp_loss":0,"event_name":"Bonfire Elementals","floor":19,"gold_loss":0},{"damage_healed":0,"gold_gain":0,"player_choice":"Ignored","damage_taken":0,"max_hp_gain":0,"max_hp_loss":0,"event_name":"Beggar","floor":21,"gold_loss":0}],"is_beta":false,"boss_relics":[{"not_picked":["Fusion Hammer","Empty Cage"],"picked":"Ectoplasm"}],"items_purged_floors":[],"is_endless":false,"potions_floor_spawned":[1,5,11,12,18],"killed_by":"Slavers","ascension_level":14}