{"gold_per_floor":[214,232,252,266,277,277,310,310,391,391,407,441,441,406,406,508,508],"floor_reached":17,"playtime":815,"items_purged":[],"score":200,"play_id":"4440ab2e-e9e7-4693-a6f7-bacb74363de3","local_time":"20190620215849","is_ascension_mode":true,"campfire_choices":[{"data":"Bash","floor":6,"key":"SMITH"},{"floor":8,"key":"REST"},{"data":"Rage","floor":13,"key":"SMITH"},{"data":"Iron Wave","floor":15,"key":"SMITH"}],"neow_cost":"NONE","seed_source_timestamp":101281577464748,"circlet_count":0,"master_deck":["Strike_R","Strike_R","Strike_R","Strike_R","Defend_R","Defend_R","Defend_R","Defend_R","Bash+1","Iron Wave+1","Cleave","Pommel Strike","Anger","Shrug It Off","Rage+1","Impervious"],"relics":["Burning Blood","Oddly Smooth Stone","Singing Bowl","Prayer Wheel"],"potions_floor_usage":[7,7],"damage_taken":[{"damage":6,"enemies":"Cultist","floor":1,"turns":3},{"damage":5,"enemies":"Small Slimes","floor":2,"turns":4},{"damage":4,"enemies":"2 Louse","floor":3,"turns":3},{"damage":12,"enemies":"Looter","floor":4,"turns":3},{"damage":10,"enemies":"2 Fungi Beasts","floor":5,"turns":3},{"damage":36,"enemies":"3 Sentries","floor":7,"turns":10},{"damage":12,"enemies":"Exordium Wildlife","floor":11,"turns":4},{"damage":18,"enemies":"Lagavulin","floor":12,"turns":7},{"damage":51,"enemies":"The Guardian","floor":16,"turns":16}],"seed_played":"5480083324744378503","potions_obtained":[{"floor":2,"key":"SneckoOil"},{"floor":5,"key":"Dexterity Potion"},{"floor":12,"key":"Ancient Potion"}],"is_trial":false,"path_per_floor":["M","M","M","M","M","R","E","R","T","?","M","E","R","?","R","B",null],"character_chosen":"IRONCLAD","items_purchased":[],"campfire_rested":1,"item_purchase_floors":[],"current_hp_per_floor":[80,80,80,74,70,70,40,64,64,57,51,41,41,61,61,18,18],"gold":508,"neow_bonus":"HUNDRED_GOLD","is_prod":false,"is_daily":false,"chose_seed":false,"campfire_upgraded":3,"win_rate":0,"timestamp":1561093129,"path_taken":["M","M","M","?","M","R","E","R","T","?","M","E","R","?","R","BOSS"],"build_version":"2019-01-23","purchased_purges":0,"victory":false,"max_hp_per_floor":[80,80,80,80,80,80,80,80,80,80,80,82,82,82,82,84,84],"card_choices":[{"not_picked":["True Grit","Cleave"],"picked":"Iron Wave","floor":1},{"not_picked":["Metallicize","Heavy Blade"],"picked":"Cleave","floor":2},{"not_picked":["Shrug It Off","Havoc"],"picked":"Pommel Strike","floor":3},{"not_picked":["Entrench","Power Through"],"picked":"Anger","floor":4},{"not_picked":["Perfected Strike","Rupture"],"picked":"Shrug It Off","floor":5},{"not_picked":["Havoc","Flex"],"picked":"Rage","floor":7},{"not_picked":["Sword Boomerang","Heavy Blade"],"picked":"Impervious","floor":11},{"not_picked":["Bloodletting","Clothesline","Pommel Strike"],"picked":"Singing Bowl","floor":12},{"not_picked":["Brutality","Fiend Fire","Barricade"],"picked":"Singing Bowl","floor":16}],"player_experience":449679,"relics_obtained":[{"floor":7,"key":"Oddly Smooth Stone"},{"floor":9,"key":"Singing Bowl"},{"floor":12,"key":"Prayer Wheel"}],"event_choices":[{"cards_removed":["Strike_R"],"damage_healed":0,"gold_gain":0,"player_choice":"Card Removal","damage_taken":7,"max_hp_gain":0,"max_hp_loss":0,"event_name":"Golden Wing","floor":10,"gold_loss":0},{"damage_healed":20,"gold_gain":0,"player_choice":"Healed","damage_taken":0,"max_hp_gain":0,"max_hp_loss":0,"event_name":"The Cleric","floor":14,"gold_loss":35}],"is_beta":false,"boss_relics":[],"items_purged_floors":[],"is_endless":false,"potions_floor_spawned":[2,5,12],"ascension_level":4}