{"gold_per_floor":[119,119,44,44,44,79,89,104,131,148,158,158,183,203,203,203],"floor_reached":16,"playtime":519,"items_purged":["Pain"],"score":267,"play_id":"90ac680e-d639-467b-83dc-bb0a3391c426","local_time":"20190625214034","is_ascension_mode":true,"campfire_choices":[{"data":"Flex","floor":12,"key":"SMITH"},{"data":"Whirlwind","floor":15,"key":"SMITH"}],"neow_cost":"CURSE","seed_source_timestamp":1118843525937757,"circlet_count":0,"master_deck":["AscendersBane","Strike_R","Strike_R","Strike_R","Strike_R","Defend_R","Defend_R","Defend_R","Bash","Dropkick","Sword Boomerang","Shrug It Off","Regret","Flex+1","Uppercut","Offering","Headbutt","Whirlwind+1","Heavy Blade","Shockwave"],"relics":["Burning Blood","PreservedInsect","Orichalcum","Question Card","Boot","Bird Faced Urn"],"potions_floor_usage":[6,10,11,13,16],"damage_taken":[{"damage":6,"enemies":"2 Louse","floor":1,"turns":3},{"damage":25,"enemies":"Lagavulin","floor":6,"turns":5},{"damage":4,"enemies":"Jaw Worm","floor":7,"turns":3},{"damage":4,"enemies":"Small Slimes","floor":8,"turns":3},{"damage":13,"enemies":"2 Fungi Beasts","floor":10,"turns":3},{"damage":18,"enemies":"Exordium Thugs","floor":11,"turns":3},{"damage":0,"enemies":"Gremlin Nob","floor":13,"turns":2},{"damage":17,"enemies":"Lots of Slimes","floor":14,"turns":3},{"damage":32,"enemies":"Slime Boss","floor":16,"turns":5}],"seed_played":"9163043400293659809","potions_obtained":[{"floor":1,"key":"EssenceOfSteel"},{"floor":6,"key":"SpeedPotion"},{"floor":7,"key":"BloodPotion"},{"floor":11,"key":"Explosive Potion"},{"floor":14,"key":"SkillPotion"}],"is_trial":false,"path_per_floor":["M","?","$","?","$","E","M","M","T","M","M","R","E","M","R","B"],"character_chosen":"IRONCLAD","items_purchased":[],"campfire_rested":0,"item_purchase_floors":[],"current_hp_per_floor":[68,68,68,63,63,44,46,48,48,48,36,36,42,31,31,0],"gold":203,"neow_bonus":"TRANSFORM_TWO_CARDS","is_prod":false,"is_daily":false,"chose_seed":false,"campfire_upgraded":2,"win_rate":0,"timestamp":1561524034,"path_taken":["M","?","$","?","?","E","?","M","T","M","M","R","E","M","R","BOSS"],"build_version":"2019-01-23","purchased_purges":1,"victory":false,"max_hp_per_floor":[75,75,75,75,75,75,75,75,75,75,75,75,75,75,75,75],"card_choices":[{"not_picked":["Havoc","Pommel Strike"],"picked":"Shrug It Off","floor":1},{"not_picked":["Iron Wave","Hemokinesis"],"picked":"Flex","floor":6},{"not_picked":["Flex","Seeing Red","Rampage"],"picked":"Uppercut","floor":7},{"not_picked":["Fire Breathing","Armaments","Flex"],"picked":"Offering","floor":8},{"not_picked":["True Grit","Sword Boomerang","Fire Breathing"],"picked":"Headbutt","floor":10},{"not_picked":["Feel No Pain","Pommel Strike","Thunderclap"],"picked":"Whirlwind","floor":11},{"not_picked":["Clash","Clothesline","Twin Strike"],"picked":"Heavy Blade","floor":13},{"not_picked":["Thunderclap","Twin Strike","Wild Strike"],"picked":"Shockwave","floor":14}],"player_experience":1082113,"relics_obtained":[{"floor":6,"key":"Question Card"},{"floor":9,"key":"Boot"},{"floor":13,"key":"Bird Faced Urn"}],"event_choices":[{"damage_healed":0,"gold_gain":0,"player_choice":"Box","damage_taken":0,"relics_obtained":["PreservedInsect"],"max_hp_gain":0,"max_hp_loss":0,"event_name":"Big Fish","floor":2,"gold_loss":0,"cards_obtained":["Regret"]},{"damage_healed":0,"gold_gain":0,"player_choice":"Success","damage_taken":5,"relics_obtained":["Orichalcum"],"max_hp_gain":0,"max_hp_loss":0,"event_name":"Scrap Ooze","floor":4,"gold_loss":0}],"is_beta":false,"boss_relics":[],"items_purged_floors":[3],"is_endless":false,"potions_floor_spawned":[1,6,7,11,14],"killed_by":"Slime Boss","ascension_level":19}