{"gold_per_floor":[218,268,23,40,40,40,79,95,95,95,118,159,173,198,198,293,293,314,8,8,8],"floor_reached":21,"playtime":781,"items_purged":[],"score":340,"play_id":"0692877c-87c6-4b85-93f7-3a9f07583abe","local_time":"20190605222945","is_ascension_mode":true,"campfire_choices":[{"data":"Go for the Eyes","floor":6,"key":"SMITH"},{"data":"Consume","floor":15,"key":"SMITH"}],"neow_cost":"NONE","seed_source_timestamp":371055476574231,"circlet_count":0,"master_deck":["AscendersBane","Strike_B","Strike_B","Strike_B","Strike_B","Defend_B","Defend_B","Defend_B","Defend_B","Zap","Dualcast","Go for the Eyes+1","Self Repair","Conserve Battery","Doom and Gloom","Leap","Self Repair","Consume+1","Echo Form","Melter"],"relics":["Cracked Core","Potion Belt","Golden Idol","Blue Candle","PreservedInsect","Singing Bowl","Inserter","Art of War"],"potions_floor_usage":[13,13,14,21,21,21],"damage_taken":[{"damage":7,"enemies":"Jaw Worm","floor":1,"turns":3},{"damage":0,"enemies":"Cultist","floor":4,"turns":3},{"damage":48,"enemies":"3 Sentries","floor":7,"turns":10},{"damage":0,"enemies":"Small Slimes","floor":8,"turns":3},{"damage":1,"enemies":"Looter","floor":11,"turns":3},{"damage":26,"enemies":"Lagavulin","floor":12,"turns":6},{"damage":13,"enemies":"Lots of Slimes","floor":13,"turns":3},{"damage":0,"enemies":"Large Slime","floor":14,"turns":6},{"damage":58,"enemies":"Hexaghost","floor":16,"turns":12},{"damage":39,"enemies":"Spheric Guardian","floor":18,"turns":6},{"damage":43,"enemies":"Colosseum Slavers","floor":21,"turns":3}],"seed_played":"-1428456916001096164","potions_obtained":[{"floor":7,"key":"SpeedPotion"},{"floor":8,"key":"Swift Potion"},{"floor":12,"key":"Block Potion"},{"floor":16,"key":"GamblersBrew"},{"floor":18,"key":"SteroidPotion"}],"is_trial":false,"path_per_floor":["M","?","$","M","?","R","E","M","T","?","M","E","M","M","R","B",null,"M","$","?","?"],"character_chosen":"DEFECT","items_purchased":["Self Repair","Potion Belt","Art of War","Regen Potion","PowerPotion"],"campfire_rested":0,"item_purchase_floors":[3,3,19,19,19],"current_hp_per_floor":[57,50,50,57,57,57,16,23,23,64,64,45,48,62,62,18,54,29,29,29,0],"gold":8,"neow_bonus":"HUNDRED_GOLD","is_prod":false,"is_daily":false,"chose_seed":false,"campfire_upgraded":2,"win_rate":0,"timestamp":1559798985,"path_taken":["M","?","$","?","?","R","E","M","T","?","?","E","M","M","R","BOSS","M","$","?","?"],"build_version":"2019-01-23","purchased_purges":0,"victory":false,"max_hp_per_floor":[71,71,71,71,64,64,64,64,64,64,64,64,66,66,66,66,66,66,66,66,66],"card_choices":[{"not_picked":["Hologram","Steam"],"picked":"Go for the Eyes","floor":1},{"not_picked":["Streamline","Go for the Eyes"],"picked":"Conserve Battery","floor":4},{"not_picked":["Conserve Battery","Barrage"],"picked":"BootSequence","floor":7},{"not_picked":["Capacitor","Multi-Cast"],"picked":"Doom and Gloom","floor":8},{"not_picked":["Coolheaded","Capacitor"],"picked":"Leap","floor":11},{"not_picked":["Cold Snap","Sweeping Beam"],"picked":"Self Repair","floor":12},{"not_picked":["Heatsinks","Ball Lightning","Rebound"],"picked":"Singing Bowl","floor":13},{"not_picked":["Cold Snap","Coolheaded"],"picked":"Consume","floor":14},{"not_picked":["Core Surge","Machine Learning"],"picked":"Echo Form","floor":16},{"not_picked":["Compile Driver+1","Hologram"],"picked":"Melter","floor":18}],"player_experience":953843,"relics_obtained":[{"floor":7,"key":"Blue Candle"},{"floor":9,"key":"PreservedInsect"},{"floor":12,"key":"Singing Bowl"}],"event_choices":[{"damage_healed":0,"gold_gain":50,"player_choice":"Touch","damage_taken":7,"max_hp_gain":0,"max_hp_loss":0,"event_name":"FaceTrader","floor":2,"gold_loss":0},{"damage_healed":0,"gold_gain":0,"player_choice":"Lose Max HP","damage_taken":0,"relics_obtained":["Golden Idol"],"max_hp_gain":0,"max_hp_loss":7,"event_name":"Golden Idol","floor":5,"gold_loss":0},{"cards_removed":["BootSequence"],"damage_healed":41,"gold_gain":0,"player_choice":"Offered Uncommon","damage_taken":0,"max_hp_gain":0,"max_hp_loss":0,"event_name":"Bonfire Elementals","floor":10,"gold_loss":0},{"damage_healed":0,"gold_gain":0,"player_choice":"Ignored","damage_taken":0,"max_hp_gain":0,"max_hp_loss":0,"event_name":"Beggar","floor":20,"gold_loss":0},{"damage_healed":0,"gold_gain":0,"player_choice":"Fight","damage_taken":0,"max_hp_gain":0,"max_hp_loss":0,"event_name":"Colosseum","floor":21,"gold_loss":0}],"is_beta":false,"boss_relics":[{"not_picked":["Lizard Tail","Pandora\u0027s Box"],"picked":"Inserter"}],"items_purged_floors":[],"is_endless":false,"potions_floor_spawned":[7,8,12,16,18],"killed_by":"Colosseum Slavers","ascension_level":16}