{"gold_per_floor":[114,128,138,156,172,198,198,198,198,148,163,163,163,180,180,283,283,293,305,16,16,26,26,36,36,61,92,118,130,152,164],"floor_reached":31,"playtime":3049,"items_purged":[],"score":243,"play_id":"7de3076f-03f8-47eb-b083-e4645de6f647","local_time":"20190127143901","is_ascension_mode":false,"campfire_choices":[{"floor":7,"key":"REST"},{"data":"Iron Wave","floor":12,"key":"SMITH"},{"data":"Clothesline","floor":15,"key":"SMITH"},{"data":"Armaments","floor":23,"key":"SMITH"},{"data":"Metallicize","floor":25,"key":"SMITH"},{"data":"Flex","floor":29,"key":"SMITH"}],"neow_cost":"NONE","seed_source_timestamp":789383814196390,"circlet_count":0,"master_deck":["Strike_R","Strike_R","Strike_R","Strike_R","Strike_R","Defend_R","Defend_R","Defend_R","Defend_R","Bash","Iron Wave+1","Metallicize+1","Armaments+1","Shockwave","Clothesline+1","Bludgeon+1","Fire Breathing+1","Shrug It Off","Juggernaut+1","Thunderclap+1","Power Through","Berserk+1","Heavy Blade+1","Dropkick","Flex+1","Flex+1","Rage+1"],"relics":["Burning Blood","Frozen Egg 2","Shuriken","Gremlin Horn","Eternal Feather","Oddly Smooth Stone","MawBank"],"potions_floor_usage":[31,31],"damage_taken":[{"damage":8,"enemies":"Jaw Worm","floor":1,"turns":4},{"damage":17,"enemies":"Small Slimes","floor":2,"turns":5},{"damage":0,"enemies":"Cultist","floor":3,"turns":4},{"damage":21,"enemies":"Gremlin Gang","floor":4,"turns":7},{"damage":7,"enemies":"3 Louse","floor":5,"turns":5},{"damage":33,"enemies":"3 Sentries","floor":6,"turns":12},{"damage":5,"enemies":"2 Fungi Beasts","floor":11,"turns":3},{"damage":10,"enemies":"Looter","floor":14,"turns":3},{"damage":40,"enemies":"Slime Boss","floor":16,"turns":10},{"damage":4,"enemies":"Shell Parasite","floor":18,"turns":7},{"damage":32,"enemies":"2 Thieves","floor":19,"turns":5},{"damage":12,"enemies":"Cultist and Chosen","floor":22,"turns":7},{"damage":8,"enemies":"Snecko","floor":24,"turns":6},{"damage":26,"enemies":"Centurion and Healer","floor":27,"turns":6},{"damage":26,"enemies":"Snake Plant","floor":28,"turns":4},{"damage":41,"enemies":"Chosen and Byrds","floor":30,"turns":7},{"damage":26,"enemies":"Sentry and Sphere","floor":31,"turns":5}],"seed_played":"-9212633868589214653","potions_obtained":[{"floor":1,"key":"Energy Potion"},{"floor":5,"key":"SpeedPotion"},{"floor":6,"key":"Swift Potion"},{"floor":16,"key":"Strength Potion"},{"floor":18,"key":"BloodPotion"},{"floor":22,"key":"EssenceOfSteel"}],"is_trial":false,"path_per_floor":["M","M","M","M","M","E","R","?","T","?","M","R","?","M","R","B",null,"M","M","$","?","M","R","M","R","T","M","M","R","M","M"],"character_chosen":"IRONCLAD","items_purchased":["Berserk+1","Oddly Smooth Stone"],"campfire_rested":1,"item_purchase_floors":[20,20],"current_hp_per_floor":[86,75,81,66,65,38,64,64,64,64,65,65,65,61,61,27,88,88,62,62,62,56,68,66,78,78,58,38,53,18,0],"gold":164,"neow_bonus":"TEN_PERCENT_HP_BONUS","is_prod":false,"is_daily":false,"chose_seed":false,"campfire_upgraded":5,"win_rate":0.0,"timestamp":1548617941,"path_taken":["M","M","M","M","M","E","R","?","T","?","M","R","?","M","R","BOSS","M","M","$","?","M","R","M","R","T","M","?","R","M","M"],"build_version":"2019-01-23","purchased_purges":0,"victory":false,"max_hp_per_floor":[88,88,88,88,88,88,88,88,88,88,88,88,88,88,88,88,88,88,88,88,88,88,88,88,88,88,88,88,88,88,88],"card_choices":[{"not_picked":["Ghostly Armor","Clothesline"],"picked":"Iron Wave","floor":1},{"not_picked":["Bloodletting","Cleave"],"picked":"Metallicize","floor":2},{"not_picked":["Bloodletting","Perfected Strike"],"picked":"Armaments","floor":3},{"not_picked":["Iron Wave","Sword Boomerang"],"picked":"Shockwave","floor":4},{"not_picked":["Headbutt","Infernal Blade"],"picked":"Clothesline","floor":5},{"not_picked":["Clash","Perfected Strike"],"picked":"Bludgeon","floor":6},{"not_picked":["Thunderclap","Shockwave"],"picked":"Fire Breathing+1","floor":11},{"not_picked":["Clothesline","Headbutt"],"picked":"Shrug It Off","floor":14},{"not_picked":["Berserk+1","Limit Break"],"picked":"Juggernaut+1","floor":16},{"not_picked":["True Grit+1","Cleave"],"picked":"Thunderclap+1","floor":18},{"not_picked":["True Grit","Sword Boomerang"],"picked":"Power Through","floor":19},{"not_picked":["Ghostly Armor","Blood for Blood"],"picked":"Heavy Blade+1","floor":22},{"not_picked":["Blood for Blood","Combust+1"],"picked":"Dropkick","floor":24},{"not_picked":["Pummel","Body Slam"],"picked":"Flex","floor":27},{"not_picked":["True Grit","Power Through"],"picked":"Flex+1","floor":28},{"not_picked":["Perfected Strike","Bloodletting"],"picked":"Rage+1","floor":30}],"player_experience":12938,"relics_obtained":[{"floor":6,"key":"Frozen Egg 2"},{"floor":9,"key":"Gremlin Horn"},{"floor":26,"key":"MawBank"}],"event_choices":[{"damage_healed":0,"gold_gain":0,"player_choice":"Box","damage_taken":0,"relics_obtained":["Shuriken"],"max_hp_gain":0,"max_hp_loss":0,"event_name":"Big Fish","floor":8,"gold_loss":0,"cards_obtained":["Regret"]},{"cards_removed":["Regret"],"damage_healed":0,"gold_gain":0,"player_choice":"Card Removal","damage_taken":0,"max_hp_gain":0,"max_hp_loss":0,"event_name":"The Cleric","floor":10,"gold_loss":50},{"damage_healed":0,"gold_gain":0,"player_choice":"Bought 0 Potions","damage_taken":0,"max_hp_gain":0,"max_hp_loss":0,"event_name":"The Woman in Blue","floor":13,"gold_loss":0},{"damage_healed":0,"gold_gain":0,"player_choice":"Forge","damage_taken":0,"max_hp_gain":0,"max_hp_loss":0,"event_name":"Accursed Blacksmith","floor":21,"gold_loss":0,"cards_upgraded":["Bludgeon"]}],"is_beta":false,"boss_relics":[{"not_picked":["Tiny House","Cursed Key"],"picked":"Eternal Feather"}],"items_purged_floors":[],"is_endless":false,"potions_floor_spawned":[1,5,6,16,18,22],"killed_by":"Sentry and Sphere","ascension_level":0}