{"gold_per_floor":[112,126,139,139,152,152,152,152,152,152,179,213,213],"floor_reached":13,"playtime":396,"items_purged":[],"score":163,"play_id":"f3d834fd-fe4d-4ec9-a95e-d67cd96a6f40","local_time":"20190503125629","is_ascension_mode":true,"campfire_choices":[{"data":"Thunderclap","floor":6,"key":"SMITH"},{"data":"Hemokinesis","floor":8,"key":"SMITH"},{"data":"Defend_R","floor":10,"key":"SMITH"}],"neow_cost":"PERCENT_DAMAGE","seed_source_timestamp":579022787570232,"circlet_count":0,"master_deck":["AscendersBane","Strike_R","Strike_R","Strike_R","Strike_R","Strike_R","Defend_R","Defend_R","Defend_R","Defend_R+1","Bash","Hemokinesis+1","Wild Strike+1","Thunderclap+1","Disarm","Ghostly Armor"],"relics":["Burning Blood","Incense Burner","Blue Candle","WingedGreaves","Sundial"],"potions_floor_usage":[11,13],"damage_taken":[{"damage":6,"enemies":"Cultist","floor":1,"turns":4},{"damage":4,"enemies":"2 Louse","floor":2,"turns":4},{"damage":15,"enemies":"Jaw Worm","floor":3,"turns":2},{"damage":31,"enemies":"Exordium Thugs","floor":5,"turns":5},{"damage":17,"enemies":"Lagavulin","floor":11,"turns":5},{"damage":15,"enemies":"Gremlin Nob","floor":12,"turns":4},{"damage":34,"enemies":"3 Sentries","floor":13,"turns":5}],"seed_played":"8531169299856902636","potions_obtained":[{"floor":2,"key":"Weak Potion"},{"floor":12,"key":"BloodPotion"}],"is_trial":false,"path_per_floor":["M","M","M","?","M","R","?","R","T","R","E","E","E"],"character_chosen":"IRONCLAD","items_purchased":[],"campfire_rested":0,"item_purchase_floors":[],"current_hp_per_floor":[50,52,43,68,43,43,43,43,43,43,32,23,0],"gold":213,"neow_bonus":"ONE_RARE_RELIC","is_prod":false,"is_daily":false,"chose_seed":false,"campfire_upgraded":3,"win_rate":0,"timestamp":1556913389,"path_taken":["M","M","M","?","M","R","?","R","T","R","E","E","E"],"build_version":"2019-01-23","purchased_purges":0,"victory":false,"max_hp_per_floor":[75,75,75,75,75,75,75,75,75,75,75,75,75],"card_choices":[{"not_picked":["Sword Boomerang","True Grit"],"picked":"Hemokinesis","floor":1},{"not_picked":["Iron Wave","Clash"],"picked":"Wild Strike","floor":2},{"not_picked":["Body Slam","Clash","Sword Boomerang"],"picked":"SKIP","floor":3},{"not_picked":["Havoc","Searing Blow"],"picked":"Thunderclap","floor":5},{"not_picked":["Warcry","Sword Boomerang"],"picked":"Disarm","floor":11},{"not_picked":["Carnage","Warcry"],"picked":"Ghostly Armor","floor":12}],"player_experience":879996,"relics_obtained":[{"floor":9,"key":"Blue Candle"},{"floor":11,"key":"WingedGreaves"},{"floor":12,"key":"Sundial"}],"event_choices":[{"damage_healed":25,"gold_gain":0,"player_choice":"Banana","damage_taken":0,"max_hp_gain":0,"max_hp_loss":0,"event_name":"Big Fish","floor":4,"gold_loss":0},{"damage_healed":0,"gold_gain":0,"player_choice":"Grow","damage_taken":0,"max_hp_gain":0,"max_hp_loss":0,"event_name":"Living Wall","floor":7,"gold_loss":0,"cards_upgraded":["Wild Strike"]}],"is_beta":false,"boss_relics":[],"items_purged_floors":[],"is_endless":false,"potions_floor_spawned":[2,12],"killed_by":"3 Sentries","ascension_level":15}