{"gold_per_floor":[110,123,143,157,157,188,188,216,267,323,323,336,336,369,369,369],"floor_reached":16,"playtime":730,"items_purged":[],"score":144,"play_id":"48359d97-f49a-45ed-82c1-1b55dda0e67d","local_time":"20190623021317","is_ascension_mode":true,"campfire_choices":[{"floor":7,"key":"REST"},{"floor":13,"key":"REST"},{"floor":15,"key":"REST"}],"neow_cost":"NONE","seed_source_timestamp":4241542080118,"circlet_count":0,"master_deck":["Strike_R","Strike_R","Strike_R","Strike_R","Strike_R","Defend_R","Defend_R","Defend_R","Defend_R","Bash+1","Searing Blow","Twin Strike","Thunderclap","Whirlwind","Entrench","Seeing Red","Shrug It Off+1"],"relics":["Burning Blood","Darkstone Periapt","Letter Opener","Anchor","Omamori","Toxic Egg 2"],"potions_floor_usage":[3,8,14,16],"damage_taken":[{"damage":6,"enemies":"Cultist","floor":1,"turns":3},{"damage":7,"enemies":"Small Slimes","floor":2,"turns":3},{"damage":9,"enemies":"2 Louse","floor":3,"turns":4},{"damage":13,"enemies":"Red Slaver","floor":4,"turns":3},{"damage":45,"enemies":"3 Sentries","floor":6,"turns":8},{"damage":40,"enemies":"Lagavulin","floor":8,"turns":5},{"damage":11,"enemies":"Blue Slaver","floor":12,"turns":4},{"damage":33,"enemies":"3 Sentries","floor":14,"turns":7},{"damage":53,"enemies":"Slime Boss","floor":16,"turns":7}],"seed_played":"3692741639014267659","potions_obtained":[{"floor":1,"key":"FearPotion"},{"floor":6,"key":"BloodPotion"},{"floor":12,"key":"Dexterity Potion"},{"floor":14,"key":"SkillPotion"}],"is_trial":false,"path_per_floor":["M","M","M","M","T","E","R","E","T","?","?","M","R","E","R","B"],"character_chosen":"IRONCLAD","items_purchased":[],"campfire_rested":3,"item_purchase_floors":[],"current_hp_per_floor":[80,79,76,69,69,30,54,28,28,28,28,23,47,20,44,0],"gold":369,"neow_bonus":"UPGRADE_CARD","is_prod":false,"is_daily":false,"chose_seed":false,"campfire_upgraded":0,"win_rate":0,"timestamp":1561281197,"path_taken":["M","M","M","M","?","E","R","E","T","?","?","M","R","E","R","BOSS"],"build_version":"2019-01-23","purchased_purges":0,"victory":false,"max_hp_per_floor":[80,80,80,80,80,80,80,80,80,80,80,80,80,80,80,80],"card_choices":[{"not_picked":["Evolve","Havoc"],"picked":"Searing Blow","floor":1},{"not_picked":["Sentinel","Pummel"],"picked":"Twin Strike","floor":2},{"not_picked":["Infernal Blade","Sentinel","Anger"],"picked":"SKIP","floor":3},{"not_picked":["Rampage","Shockwave"],"picked":"Thunderclap","floor":4},{"not_picked":["Heavy Blade","Brutality"],"picked":"Whirlwind","floor":6},{"not_picked":["Whirlwind","Twin Strike"],"picked":"Entrench","floor":8},{"not_picked":["Dual Wield","Rampage"],"picked":"Seeing Red","floor":12},{"not_picked":["Entrench","Brutality"],"picked":"Shrug It Off","floor":14}],"player_experience":478818,"relics_obtained":[{"floor":5,"key":"Darkstone Periapt"},{"floor":6,"key":"Letter Opener"},{"floor":8,"key":"Anchor"},{"floor":9,"key":"Omamori"},{"floor":14,"key":"Toxic Egg 2"}],"event_choices":[{"damage_healed":0,"gold_gain":56,"player_choice":"Gained Gold","damage_taken":0,"max_hp_gain":0,"max_hp_loss":0,"event_name":"Golden Wing","floor":10,"gold_loss":0},{"damage_healed":0,"gold_gain":0,"player_choice":"Ignored","damage_taken":0,"max_hp_gain":0,"max_hp_loss":0,"event_name":"Liars Game","floor":11,"gold_loss":0}],"is_beta":false,"boss_relics":[],"items_purged_floors":[],"is_endless":false,"potions_floor_spawned":[1,6,12,14],"killed_by":"Slime Boss","ascension_level":4}