{"gold_per_floor":[363,374,394,405,405,405,438,452,452,325,341,341],"floor_reached":12,"playtime":492,"items_purged":[],"score":144,"play_id":"841b322e-a2c8-4a3a-8db8-a058a3a49e07","local_time":"20190503190332","is_ascension_mode":true,"campfire_choices":[{"data":"Sweeping Beam","floor":6,"key":"SMITH"}],"neow_cost":"TEN_PERCENT_HP_LOSS","seed_source_timestamp":600946927876626,"circlet_count":0,"master_deck":["AscendersBane","Strike_B","Strike_B","Strike_B","Strike_B","Defend_B","Defend_B","Defend_B","Defend_B","Zap+1","Dualcast+1","Compile Driver","Sweeping Beam+1","Steam","Leap+1","Streamline","Rebound"],"relics":["Cracked Core","War Paint","Singing Bowl"],"potions_floor_usage":[],"damage_taken":[{"damage":1,"enemies":"Small Slimes","floor":1,"turns":4},{"damage":1,"enemies":"Cultist","floor":2,"turns":3},{"damage":8,"enemies":"2 Louse","floor":3,"turns":3},{"damage":5,"enemies":"Looter","floor":4,"turns":4},{"damage":32,"enemies":"Lagavulin","floor":7,"turns":9},{"damage":8,"enemies":"Blue Slaver","floor":8,"turns":3},{"damage":1,"enemies":"Exordium Thugs","floor":11,"turns":4},{"damage":13,"enemies":"Large Slime","floor":12,"turns":1}],"seed_played":"1625650462627328035","potions_obtained":[{"floor":7,"key":"SpeedPotion"},{"floor":8,"key":"SpeedPotion"}],"is_trial":false,"path_per_floor":["M","M","M","M","?","R","E","M","T","$","M","M"],"character_chosen":"DEFECT","items_purchased":["PowerPotion","Rebound","Energy Potion"],"campfire_rested":0,"item_purchase_floors":[10,10,10],"current_hp_per_floor":[63,62,54,49,49,49,17,9,9,9,10,0],"gold":341,"neow_bonus":"TWO_FIFTY_GOLD","is_prod":false,"is_daily":false,"chose_seed":false,"campfire_upgraded":1,"win_rate":0,"timestamp":1556935412,"path_taken":["M","M","M","M","?","R","E","M","T","$","M","?"],"build_version":"2019-01-23","purchased_purges":0,"victory":false,"max_hp_per_floor":[64,64,64,64,64,64,64,64,64,64,66,66],"card_choices":[{"not_picked":["Turbo","Steam Power"],"picked":"Compile Driver","floor":1},{"not_picked":["Steam","Coolheaded"],"picked":"Sweeping Beam","floor":2},{"not_picked":["Storm","Chill"],"picked":"Steam","floor":3},{"not_picked":["Beam Cell","Hello World"],"picked":"Leap","floor":4},{"not_picked":["Double Energy","Beam Cell","Turbo"],"picked":"SKIP","floor":7},{"not_picked":["Steam","Hologram"],"picked":"Streamline","floor":8},{"not_picked":["Skim","Lockon","Steam"],"picked":"Singing Bowl","floor":11}],"player_experience":900988,"relics_obtained":[{"floor":7,"key":"War Paint"},{"floor":9,"key":"Singing Bowl"}],"event_choices":[{"damage_healed":0,"gold_gain":0,"player_choice":"Upgraded","damage_taken":0,"max_hp_gain":0,"max_hp_loss":0,"event_name":"Upgrade Shrine","floor":5,"gold_loss":0,"cards_upgraded":["Leap"]}],"is_beta":false,"boss_relics":[],"items_purged_floors":[],"is_endless":false,"potions_floor_spawned":[7,8,11],"killed_by":"Large Slime","ascension_level":15}