{"gold_per_floor":[110,129,148,165,165,165,208,1,1,17,17,42,42,81,81,170,170,194,207,220,220,220,220],"floor_reached":23,"playtime":988,"items_purged":["Strike_B"],"score":406,"play_id":"54a2ec31-5bd9-4698-9529-cfb22b904185","local_time":"20190617092758","is_ascension_mode":true,"campfire_choices":[{"data":"Ball Lightning","floor":6,"key":"SMITH"},{"data":"Consume","floor":11,"key":"SMITH"},{"data":"Capacitor","floor":13,"key":"SMITH"},{"data":"Genetic Algorithm","floor":15,"key":"SMITH"}],"neow_cost":"NONE","seed_source_timestamp":292594847244669,"circlet_count":0,"master_deck":["AscendersBane","Strike_B","Strike_B","Strike_B","Defend_B","Defend_B","Defend_B","Defend_B","Zap","Dualcast","Genetic Algorithm+1","Cold Snap","Rebound","Ball Lightning+1","Rip and Tear","Capacitor+1","Consume+1","Coolheaded","Conserve Battery","Echo Form","Beam Cell+1","Hologram"],"relics":["Cracked Core","Strawberry","Golden Idol","Gremlin Horn","Pantograph","Mercury Hourglass","Snecko Eye"],"potions_floor_usage":[7,14,20,23],"damage_taken":[{"damage":7,"enemies":"Cultist","floor":1,"turns":4},{"damage":13,"enemies":"Small Slimes","floor":2,"turns":4},{"damage":4,"enemies":"2 Louse","floor":3,"turns":3},{"damage":9,"enemies":"Red Slaver","floor":4,"turns":4},{"damage":6,"enemies":"Gremlin Nob","floor":7,"turns":3},{"damage":6,"enemies":"Blue Slaver","floor":10,"turns":4},{"damage":0,"enemies":"3 Louse","floor":12,"turns":3},{"damage":10,"enemies":"3 Sentries","floor":14,"turns":5},{"damage":16,"enemies":"The Guardian","floor":16,"turns":11},{"damage":0,"enemies":"3 Byrds","floor":18,"turns":4},{"damage":15,"enemies":"Shell Parasite","floor":19,"turns":5},{"damage":27,"enemies":"3 Cultists","floor":20,"turns":5},{"damage":39,"enemies":"Slavers","floor":23,"turns":3}],"seed_played":"-8845860215837072000","potions_obtained":[{"floor":1,"key":"FearPotion"},{"floor":3,"key":"Energy Potion"},{"floor":14,"key":"PowerPotion"},{"floor":18,"key":"FocusPotion"}],"is_trial":false,"path_per_floor":["M","M","M","M","?","R","E","$","T","M","R","M","R","E","R","B",null,"M","M","M","?","?","E"],"character_chosen":"DEFECT","items_purchased":["Capacitor","Consume"],"campfire_rested":0,"item_purchase_floors":[8,8],"current_hp_per_floor":[64,51,47,38,38,38,32,32,32,26,26,26,26,16,16,25,60,60,45,18,32,32,0],"gold":220,"neow_bonus":"RANDOM_COMMON_RELIC","is_prod":false,"is_daily":false,"chose_seed":false,"campfire_upgraded":4,"win_rate":0,"timestamp":1560778078,"path_taken":["M","M","M","?","?","R","E","$","T","M","R","M","R","E","R","BOSS","M","M","M","?","?","E"],"build_version":"2019-01-23","purchased_purges":1,"victory":false,"max_hp_per_floor":[78,78,78,78,71,71,71,71,71,71,71,71,71,71,71,71,71,71,71,71,71,71,71],"card_choices":[{"not_picked":["Sweeping Beam","Compile Driver"],"picked":"Genetic Algorithm","floor":1},{"not_picked":["Chaos","Rebound"],"picked":"Cold Snap","floor":2},{"not_picked":["Redo","Gash"],"picked":"Rebound","floor":3},{"not_picked":["Barrage","Compile Driver"],"picked":"Ball Lightning","floor":4},{"not_picked":["Skim","Recycle"],"picked":"Rip and Tear","floor":7},{"not_picked":["Fusion","Gash"],"picked":"Coolheaded","floor":10},{"not_picked":["Turbo","Beam Cell"],"picked":"Conserve Battery","floor":12},{"not_picked":["Aggregate","Gash","Creative AI"],"picked":"SKIP","floor":14},{"not_picked":["Thunder Strike","Creative AI"],"picked":"Echo Form","floor":16},{"not_picked":["Gash","Redo"],"picked":"Beam Cell+1","floor":18},{"not_picked":["Reinforced Body","Darkness"],"picked":"Hologram","floor":19},{"not_picked":["Beam Cell","Streamline","Seek"],"picked":"SKIP","floor":20}],"player_experience":917136,"relics_obtained":[{"floor":7,"key":"Gremlin Horn"},{"floor":9,"key":"Pantograph"},{"floor":14,"key":"Mercury Hourglass"}],"event_choices":[{"damage_healed":0,"gold_gain":0,"player_choice":"Lose Max HP","damage_taken":0,"relics_obtained":["Golden Idol"],"max_hp_gain":0,"max_hp_loss":7,"event_name":"Golden Idol","floor":5,"gold_loss":0},{"damage_healed":14,"gold_gain":0,"player_choice":"Heal","damage_taken":0,"max_hp_gain":0,"max_hp_loss":0,"event_name":"The Library","floor":21,"gold_loss":0},{"damage_healed":0,"gold_gain":0,"player_choice":"Ignored","damage_taken":0,"max_hp_gain":0,"max_hp_loss":0,"event_name":"Cursed Tome","floor":22,"gold_loss":0}],"is_beta":false,"boss_relics":[{"not_picked":["Astrolabe","Empty Cage"],"picked":"Snecko Eye"}],"items_purged_floors":[8],"is_endless":false,"potions_floor_spawned":[1,3,14,18],"killed_by":"Slavers","ascension_level":20}