{"gold_per_floor":[114,114,128,144,94,120,120,146,146,173,208,208,226,240,240,337,337,352,370,125,141,141,155,167,167,167,167,167,185,201,151,151,151],"floor_reached":33,"playtime":1145,"items_purged":[],"score":417,"play_id":"8693632b-723e-4766-b9ec-1436b3acbef3","local_time":"20190312230854","is_ascension_mode":true,"campfire_choices":[{"data":"Demon Form","floor":7,"key":"SMITH"},{"floor":12,"key":"REST"},{"data":"Whirlwind","floor":15,"key":"SMITH"},{"floor":25,"key":"REST"},{"floor":32,"key":"REST"}],"neow_cost":"NONE","seed_source_timestamp":2169900442490185,"circlet_count":0,"master_deck":["AscendersBane","Strike_R","Strike_R","Strike_R","Strike_R","Defend_R","Defend_R","Defend_R","Defend_R","Bash","Bludgeon","Headbutt","Demon Form+1","Shrug It Off","Cleave","Shrug It Off","Whirlwind+1","Immolate","Shockwave+1","Heavy Blade","Body Slam+1","RitualDagger","Double Tap","Shrug It Off"],"relics":["Burning Blood","CultistMask","Question Card","Thread and Needle","Torii","Art of War","Bronze Scales","Fusion Hammer","Frozen Egg 2","MutagenicStrength","Juzu Bracelet","Enchiridion"],"potions_floor_usage":[8,16,16,23,29,33],"damage_taken":[{"damage":0,"enemies":"Small Slimes","floor":1,"turns":3},{"damage":6,"enemies":"Cultist","floor":3,"turns":3},{"damage":7,"enemies":"Jaw Worm","floor":4,"turns":3},{"damage":40,"enemies":"3 Sentries","floor":6,"turns":8},{"damage":20,"enemies":"Lagavulin","floor":8,"turns":5},{"damage":18,"enemies":"3 Sentries","floor":11,"turns":9},{"damage":9,"enemies":"Large Slime","floor":13,"turns":6},{"damage":0,"enemies":"3 Louse","floor":14,"turns":3},{"damage":10,"enemies":"Hexaghost","floor":16,"turns":9},{"damage":3,"enemies":"3 Byrds","floor":18,"turns":3},{"damage":0,"enemies":"Spheric Guardian","floor":19,"turns":3},{"damage":6,"enemies":"Snecko","floor":21,"turns":4},{"damage":0,"enemies":"3 Cultists","floor":23,"turns":2},{"damage":8,"enemies":"Snake Plant","floor":24,"turns":4},{"damage":22,"enemies":"Shelled Parasite and Fungi","floor":29,"turns":3},{"damage":7,"enemies":"Centurion and Healer","floor":30,"turns":3},{"damage":93,"enemies":"Automaton","floor":33,"turns":6}],"seed_played":"6379740204215321350","potions_obtained":[{"floor":4,"key":"FearPotion"},{"floor":11,"key":"PowerPotion"},{"floor":14,"key":"SkillPotion"},{"floor":18,"key":"Explosive Potion"},{"floor":24,"key":"SteroidPotion"},{"floor":30,"key":"Swift Potion"}],"is_trial":false,"path_per_floor":["M","?","M","M","?","E","R","E","T","T","E","R","M","M","R","B",null,"M","M","$","M","?","M","M","R","T","?","?","M","M","?","R","B"],"character_chosen":"IRONCLAD","items_purchased":["Frozen Egg 2"],"campfire_rested":3,"item_purchase_floors":[20],"current_hp_per_floor":[78,78,78,77,77,43,43,29,29,29,17,41,38,44,44,40,70,73,79,79,79,79,80,78,80,80,64,58,42,41,41,65,0],"gold":151,"neow_bonus":"ONE_RANDOM_RARE_CARD","is_prod":false,"is_daily":false,"chose_seed":false,"campfire_upgraded":2,"win_rate":0,"timestamp":1552446534,"path_taken":["M","?","?","M","?","E","R","E","T","?","E","R","M","M","R","BOSS","M","M","$","M","?","M","M","R","T","?","?","M","M","?","R","BOSS"],"build_version":"2019-01-23","purchased_purges":0,"victory":false,"max_hp_per_floor":[80,80,80,80,80,80,80,80,80,80,80,80,80,80,80,80,80,80,80,80,80,80,80,80,80,80,80,80,80,80,80,80,80],"card_choices":[{"not_picked":["Pommel Strike","Reckless Charge","Heavy Blade"],"picked":"SKIP","floor":1},{"not_picked":["Twin Strike","Evolve"],"picked":"Headbutt","floor":3},{"not_picked":["Warcry","Body Slam"],"picked":"Demon Form","floor":4},{"not_picked":["Second Wind","Anger"],"picked":"Shrug It Off","floor":6},{"not_picked":["Rampage","Sword Boomerang","Evolve"],"picked":"Cleave","floor":8},{"not_picked":["Havoc","Cleave","Twin Strike"],"picked":"Shrug It Off","floor":11},{"not_picked":["Anger","Iron Wave","Clash","Blood for Blood"],"picked":"SKIP","floor":13},{"not_picked":["Metallicize","Carnage","Sever Soul"],"picked":"Whirlwind","floor":14},{"not_picked":["Demon Form","Barricade","Bludgeon"],"picked":"Immolate","floor":16},{"not_picked":["Spot Weakness","Second Wind","Pommel Strike+1"],"picked":"Shockwave+1","floor":18},{"not_picked":["Inflame","Havoc+1","Sword Boomerang","Spot Weakness"],"picked":"SKIP","floor":19},{"not_picked":["Searing Blow","Spot Weakness+1","Thunderclap+1"],"picked":"Heavy Blade","floor":21},{"not_picked":["Sever Soul","Pummel","Perfected Strike"],"picked":"Body Slam+1","floor":23},{"not_picked":["Combust+1","Twin Strike","Havoc","Sentinel"],"picked":"SKIP","floor":24},{"not_picked":["Pommel Strike","Iron Wave","Searing Blow"],"picked":"Double Tap","floor":29},{"not_picked":["Sword Boomerang+1","Havoc","Evolve+1"],"picked":"Shrug It Off","floor":30}],"player_experience":371239,"relics_obtained":[{"floor":6,"key":"Question Card"},{"floor":8,"key":"Thread and Needle"},{"floor":9,"key":"Torii"},{"floor":10,"key":"Art of War"},{"floor":11,"key":"Bronze Scales"},{"floor":26,"key":"Juzu Bracelet"},{"floor":27,"key":"Enchiridion"}],"event_choices":[{"damage_healed":0,"gold_gain":0,"player_choice":"Trade","damage_taken":0,"relics_obtained":["CultistMask"],"max_hp_gain":0,"max_hp_loss":0,"event_name":"FaceTrader","floor":2,"gold_loss":0},{"cards_removed":["Strike_R"],"damage_healed":0,"gold_gain":0,"player_choice":"Card Removal","damage_taken":0,"max_hp_gain":0,"max_hp_loss":0,"event_name":"The Cleric","floor":5,"gold_loss":50},{"damage_healed":0,"gold_gain":0,"player_choice":"Inject Mutagens","damage_taken":0,"relics_obtained":["MutagenicStrength"],"max_hp_gain":0,"max_hp_loss":0,"event_name":"Drug Dealer","floor":22,"gold_loss":0},{"damage_healed":0,"gold_gain":0,"player_choice":"Obtained Book","damage_taken":16,"max_hp_gain":0,"max_hp_loss":0,"event_name":"Cursed Tome","floor":27,"gold_loss":0},{"damage_healed":0,"gold_gain":0,"player_choice":"Joined the Cult","damage_taken":6,"max_hp_gain":0,"max_hp_loss":0,"event_name":"Nest","floor":28,"gold_loss":0,"cards_obtained":["RitualDagger"]},{"damage_healed":0,"gold_gain":0,"player_choice":"Bet on Owner","damage_taken":0,"max_hp_gain":0,"max_hp_loss":0,"event_name":"The Joust","floor":31,"gold_loss":50}],"is_beta":false,"boss_relics":[{"not_picked":["Orrery","Ectoplasm"],"picked":"Fusion Hammer"}],"items_purged_floors":[],"is_endless":false,"potions_floor_spawned":[4,11,14,18,24,30],"killed_by":"Automaton","ascension_level":11}