{"gold_per_floor":[111,131,131,145,163,163,227,239,289,289,299,299,299,325,325,423,423,433,445,459,25,41,41,59,59,82,82,82,112,112,37,37,37],"floor_reached":33,"playtime":3263,"items_purged":["Strike_G"],"score":277,"play_id":"416d4ce3-8608-42d7-bbd2-97378f7c77d2","local_time":"20190510170059","is_ascension_mode":false,"campfire_choices":[{"data":"Forethought","floor":6,"key":"SMITH"},{"data":"Backflip","floor":10,"key":"SMITH"},{"data":"Neutralize","floor":12,"key":"SMITH"},{"floor":15,"key":"REST"},{"floor":23,"key":"REST"},{"floor":25,"key":"REST"},{"floor":27,"key":"REST"},{"floor":32,"key":"REST"}],"neow_cost":"NONE","seed_source_timestamp":1061766186920982,"circlet_count":0,"master_deck":["Defend_G","Defend_G","Defend_G","Strike_G","Strike_G","Strike_G","Strike_G","Survivor","Neutralize+1","Forethought+1","Dash","Evolve","Dagger Spray","Unload","Backflip+1","Blur","Crippling Poison","Grand Finale","Terror","Dagger Spray+1","Leg Sweep","Bane","After Image","Bouncing Flask"],"relics":["Ring of the Snake","Tiny Chest","Orichalcum","Ornamental Fan","Runic Pyramid","Snake Skull","Centennial Puzzle","PreservedInsect","Smiling Mask"],"potions_floor_usage":[7,7,7,8,24,33],"damage_taken":[{"damage":0,"enemies":"2 Louse","floor":1,"turns":5},{"damage":0,"enemies":"Cultist","floor":2,"turns":5},{"damage":0,"enemies":"Small Slimes","floor":4,"turns":3},{"damage":1,"enemies":"3 Louse","floor":5,"turns":4},{"damage":5,"enemies":"Gremlin Nob","floor":7,"turns":4},{"damage":1,"enemies":"Blue Slaver","floor":8,"turns":4},{"damage":3,"enemies":"Exordium Wildlife","floor":11,"turns":8},{"damage":4,"enemies":"3 Sentries","floor":14,"turns":7},{"damage":36,"enemies":"Slime Boss","floor":16,"turns":17},{"damage":5,"enemies":"Spheric Guardian","floor":18,"turns":4},{"damage":0,"enemies":"3 Byrds","floor":19,"turns":5},{"damage":11,"enemies":"Snake Plant","floor":20,"turns":5},{"damage":32,"enemies":"Cultist and Chosen","floor":22,"turns":9},{"damage":6,"enemies":"Centurion and Healer","floor":24,"turns":7},{"damage":57,"enemies":"Gremlin Leader","floor":29,"turns":9},{"damage":45,"enemies":"Automaton","floor":33,"turns":6}],"seed_played":"1747976715842531971","potions_obtained":[{"floor":2,"key":"GamblersBrew"},{"floor":4,"key":"Swift Potion"},{"floor":5,"key":"AttackPotion"},{"floor":7,"key":"GhostInAJar"},{"floor":22,"key":"Block Potion"},{"floor":24,"key":"Strength Potion"},{"floor":29,"key":"PowerPotion"}],"is_trial":false,"path_per_floor":["M","M","?","M","M","R","E","M","T","R","M","R","?","E","R","B",null,"M","M","M","$","M","R","M","R","T","R","?","E","?","?","R","B"],"character_chosen":"THE_SILENT","items_purchased":["Bane","After Image","Snake Skull"],"campfire_rested":5,"item_purchase_floors":[21,21,21],"current_hp_per_floor":[70,70,70,70,69,69,64,63,63,63,60,60,60,56,70,34,70,65,65,54,54,22,43,37,58,58,70,70,13,13,13,34,0],"gold":37,"neow_bonus":"RANDOM_COLORLESS","is_prod":false,"is_daily":false,"chose_seed":false,"campfire_upgraded":3,"win_rate":0,"timestamp":1557532859,"path_taken":["M","M","?","?","M","R","E","M","T","R","M","R","?","E","R","BOSS","M","M","?","$","M","R","M","R","T","R","?","E","?","?","R","BOSS"],"build_version":"2019-01-23","purchased_purges":1,"victory":false,"max_hp_per_floor":[70,70,70,70,70,70,70,70,70,70,70,70,70,70,70,70,70,70,70,70,70,70,70,70,70,70,70,70,70,70,70,70,70],"card_choices":[{"not_picked":["Dagger Spray","Choke"],"picked":"Expertise","floor":1},{"not_picked":["Deflect","Dodge and Roll"],"picked":"Dash","floor":2},{"not_picked":["PiercingWail","Bane","Acrobatics"],"picked":"SKIP","floor":4},{"not_picked":["Finisher","PiercingWail"],"picked":"Dagger Spray","floor":5},{"not_picked":["Slice","Choke"],"picked":"Unload","floor":7},{"not_picked":["Calculated Gamble","Flying Knee"],"picked":"Backflip","floor":8},{"not_picked":["Terror","Dodge and Roll"],"picked":"Blur","floor":11},{"not_picked":["Dodge and Roll","Underhanded Strike"],"picked":"Crippling Poison","floor":14},{"not_picked":["Venomology","Tools of the Trade"],"picked":"Grand Finale","floor":16},{"not_picked":["Accuracy","Sucker Punch+1"],"picked":"Terror","floor":18},{"not_picked":["Dodge and Roll","Slice"],"picked":"Dagger Spray+1","floor":19},{"not_picked":["Eviscerate","Dagger Throw"],"picked":"Leg Sweep","floor":20},{"not_picked":["Dodge and Roll","Backflip"],"picked":"Bouncing Flask","floor":22},{"not_picked":["Finisher","Underhanded Strike","Acrobatics+1"],"picked":"SKIP","floor":24},{"not_picked":["Dodge and Roll","Poisoned Stab","Dagger Spray+1"],"picked":"SKIP","floor":29}],"player_experience":152464,"relics_obtained":[{"floor":7,"key":"Tiny Chest"},{"floor":9,"key":"Orichalcum"},{"floor":14,"key":"Ornamental Fan"},{"floor":26,"key":"Centennial Puzzle"},{"floor":29,"key":"PreservedInsect"}],"event_choices":[{"cards_removed":["Defend_G"],"damage_healed":0,"gold_gain":0,"player_choice":"Took Card","damage_taken":0,"max_hp_gain":0,"max_hp_loss":0,"event_name":"NoteForYourself","floor":3,"gold_loss":0,"cards_obtained":["Evolve"]},{"cards_removed":["Defend_G"],"damage_healed":0,"gold_gain":0,"player_choice":"Purged","damage_taken":0,"max_hp_gain":0,"max_hp_loss":0,"event_name":"Purifier","floor":13,"gold_loss":0},{"damage_healed":0,"gold_gain":0,"player_choice":"Ignored","damage_taken":0,"max_hp_gain":0,"max_hp_loss":0,"event_name":"Ghosts","floor":28,"gold_loss":0},{"damage_healed":0,"gold_gain":0,"player_choice":"Opened","damage_taken":0,"relics_obtained":["Smiling Mask"],"max_hp_gain":0,"max_hp_loss":0,"event_name":"The Mausoleum","floor":30,"gold_loss":0},{"cards_removed":["Expertise"],"damage_healed":0,"gold_gain":0,"player_choice":"Gave Gold","damage_taken":0,"max_hp_gain":0,"max_hp_loss":0,"event_name":"Beggar","floor":31,"gold_loss":75}],"is_beta":false,"boss_relics":[{"not_picked":["White Beast Statue","Philosopher\u0027s Stone"],"picked":"Runic Pyramid"}],"items_purged_floors":[21],"is_endless":false,"potions_floor_spawned":[2,4,5,7,22,24,29],"killed_by":"Automaton","ascension_level":0}