{"gold_per_floor":[114,114,38,51,65,65,65,92,92,110,126,126,154,169,169,241,241,256,8,8,8,8,8,61,61,130,130,143,168,168,183,183,183],"floor_reached":33,"playtime":1041,"items_purged":["Strike_R"],"score":596,"play_id":"734c3a36-7071-4b13-83c3-75b16ace4193","local_time":"20190517220456","is_ascension_mode":true,"campfire_choices":[{"data":"Bash","floor":6,"key":"SMITH"},{"data":"Sword Boomerang","floor":12,"key":"SMITH"},{"data":"Whirlwind","floor":15,"key":"SMITH"},{"data":"Heavy Blade","floor":23,"key":"SMITH"},{"data":"Juggernaut","floor":25,"key":"SMITH"},{"data":"Metallicize","floor":27,"key":"SMITH"},{"floor":32,"key":"REST"}],"neow_cost":"TEN_PERCENT_HP_LOSS","seed_source_timestamp":17010266135248,"circlet_count":0,"master_deck":["AscendersBane","Strike_R+1","Strike_R+1","Defend_R+1","Defend_R+1","Defend_R+1","Defend_R+1","Bash+1","Spot Weakness+1","Flame Barrier+1","Twin Strike+1","Metallicize+1","Sword Boomerang+1","Whirlwind+1","Juggernaut+1","Heavy Blade+1","Bash","Clothesline"],"relics":["Burning Blood","Du-Vu Doll","Gremlin Horn","Blood Vial","Velvet Choker","Regal Pillow","War Paint","Bottled Flame","Oddly Smooth Stone"],"potions_floor_usage":[13,16,16,33],"damage_taken":[{"damage":12,"enemies":"Cultist","floor":1,"turns":4},{"damage":14,"enemies":"Jaw Worm","floor":4,"turns":6},{"damage":5,"enemies":"Small Slimes","floor":5,"turns":4},{"damage":11,"enemies":"Gremlin Nob","floor":8,"turns":3},{"damage":8,"enemies":"Looter","floor":10,"turns":3},{"damage":0,"enemies":"Exordium Wildlife","floor":11,"turns":4},{"damage":3,"enemies":"3 Sentries","floor":13,"turns":8},{"damage":5,"enemies":"Blue Slaver","floor":14,"turns":4},{"damage":55,"enemies":"Slime Boss","floor":16,"turns":9},{"damage":21,"enemies":"2 Thieves","floor":18,"turns":3},{"damage":9,"enemies":"Shell Parasite","floor":28,"turns":3},{"damage":0,"enemies":"Gremlin Leader","floor":29,"turns":4},{"damage":14,"enemies":"Snake Plant","floor":31,"turns":4},{"damage":93,"enemies":"Champ","floor":33,"turns":12}],"seed_played":"3411380543617139147","potions_obtained":[{"floor":1,"key":"Dexterity Potion"},{"floor":4,"key":"Energy Potion"},{"floor":14,"key":"Explosive Potion"},{"floor":18,"key":"EssenceOfSteel"},{"floor":31,"key":"LiquidBronze"}],"is_trial":false,"path_per_floor":["M","?","$","M","M","R","?","E","T","M","M","R","E","M","R","B",null,"M","$","?","$","?","R","T","R","T","R","M","E","?","M","R","B"],"character_chosen":"IRONCLAD","items_purchased":["Flame Barrier","Regal Pillow"],"campfire_rested":1,"item_purchase_floors":[3,19],"current_hp_per_floor":[62,62,62,54,55,55,55,50,50,48,54,54,57,60,60,13,54,41,41,41,41,41,41,41,41,41,41,40,48,48,42,68,0],"gold":183,"neow_bonus":"REMOVE_TWO","is_prod":false,"is_daily":false,"chose_seed":false,"campfire_upgraded":6,"win_rate":0,"timestamp":1558145096,"path_taken":["M","?","$","M","M","R","?","E","T","?","M","R","E","M","R","BOSS","M","$","?","?","?","R","?","R","T","R","?","E","?","M","R","BOSS"],"build_version":"2019-01-23","purchased_purges":1,"victory":false,"max_hp_per_floor":[68,68,68,68,68,68,68,68,68,68,68,68,68,68,68,68,68,68,68,68,68,68,68,68,68,68,68,68,68,68,68,68,68],"card_choices":[{"not_picked":["Pommel Strike","Shrug It Off"],"picked":"Spot Weakness","floor":1},{"not_picked":["Combust","Headbutt"],"picked":"Twin Strike","floor":4},{"not_picked":["Inflame","True Grit","Clash"],"picked":"SKIP","floor":5},{"not_picked":["Warcry","Headbutt"],"picked":"Metallicize","floor":8},{"not_picked":["Cleave","Ghostly Armor"],"picked":"Sword Boomerang","floor":10},{"not_picked":["Clash","Seeing Red","Havoc"],"picked":"SKIP","floor":11},{"not_picked":["Armaments","Shrug It Off"],"picked":"Whirlwind","floor":13},{"not_picked":["Corruption","Pommel Strike","Cleave"],"picked":"SKIP","floor":14},{"not_picked":["Brutality","Impervious"],"picked":"Juggernaut","floor":16},{"not_picked":["Body Slam","Battle Trance"],"picked":"Heavy Blade","floor":18},{"not_picked":["Perfected Strike","Flex","Dual Wield"],"picked":"SKIP","floor":28},{"not_picked":["Pommel Strike","True Grit","Flex"],"picked":"SKIP","floor":29},{"not_picked":["Cleave+1","Clothesline","Feel No Pain"],"picked":"SKIP","floor":31},{"not_picked":["Cleave+1","Feel No Pain"],"picked":"Clothesline","floor":31}],"player_experience":722598,"relics_obtained":[{"floor":8,"key":"Du-Vu Doll"},{"floor":9,"key":"Gremlin Horn"},{"floor":13,"key":"Blood Vial"},{"floor":24,"key":"War Paint"},{"floor":26,"key":"Bottled Flame"},{"floor":29,"key":"Oddly Smooth Stone"}],"event_choices":[{"damage_healed":0,"gold_gain":0,"player_choice":"Ignored","damage_taken":0,"max_hp_gain":0,"max_hp_loss":0,"event_name":"Shining Light","floor":2,"gold_loss":0},{"damage_healed":0,"gold_gain":0,"player_choice":"Forge","damage_taken":0,"max_hp_gain":0,"max_hp_loss":0,"event_name":"Accursed Blacksmith","floor":7,"gold_loss":0,"cards_upgraded":["Twin Strike"]},{"damage_healed":0,"gold_gain":0,"player_choice":"1 cards matched","damage_taken":0,"max_hp_gain":0,"max_hp_loss":0,"event_name":"Match and Keep!","floor":20,"gold_loss":0,"cards_obtained":["Bash"]},{"damage_healed":0,"gold_gain":0,"player_choice":"Simplicity","damage_taken":0,"max_hp_gain":0,"max_hp_loss":0,"event_name":"Back to Basics","floor":22,"gold_loss":0,"cards_upgraded":["Strike_R","Strike_R","Defend_R","Defend_R","Defend_R","Defend_R"]},{"damage_healed":0,"gold_gain":0,"player_choice":"Ignored","damage_taken":0,"max_hp_gain":0,"max_hp_loss":0,"event_name":"The Mausoleum","floor":30,"gold_loss":0}],"is_beta":false,"boss_relics":[{"not_picked":["Eternal Feather","Black Star"],"picked":"Velvet Choker"}],"items_purged_floors":[19],"is_endless":false,"potions_floor_spawned":[1,4,8,11,14,18,31],"killed_by":"Champ","ascension_level":20}