{"gold_per_floor":[110,110,75,75,89,116,116,116,116,116,146,157,157,190,190,190],"floor_reached":16,"playtime":419,"items_purged":[],"score":197,"play_id":"cb79e0e1-e95b-4a51-b169-6ce31d8fc064","local_time":"20190323132225","is_ascension_mode":true,"campfire_choices":[{"floor":8,"key":"REST"},{"data":"Zap","floor":10,"key":"SMITH"},{"floor":13,"key":"REST"},{"data":"Buffer","floor":15,"key":"SMITH"}],"neow_cost":"PERCENT_DAMAGE","seed_source_timestamp":243933230864585,"circlet_count":0,"master_deck":["AscendersBane","Strike_B","Strike_B","Strike_B","Strike_B","Defend_B","Defend_B","Defend_B","Defend_B","Zap+1","Dualcast","Self Repair+1","Gash","Beam Cell","Self Repair","Self Repair","Buffer+1"],"relics":["Cracked Core","Nunchaku","Orichalcum","Happy Flower","Pantograph","Pen Nib"],"potions_floor_usage":[5,6],"damage_taken":[{"damage":12,"enemies":"Small Slimes","floor":1,"turns":3},{"damage":11,"enemies":"Jaw Worm","floor":5,"turns":4},{"damage":40,"enemies":"3 Sentries","floor":6,"turns":7},{"damage":33,"enemies":"Lagavulin","floor":11,"turns":8},{"damage":10,"enemies":"2 Louse","floor":12,"turns":3},{"damage":24,"enemies":"Gremlin Nob","floor":14,"turns":5},{"damage":68,"enemies":"Hexaghost","floor":16,"turns":9}],"seed_played":"-2777122304366015906","potions_obtained":[{"floor":1,"key":"SkillPotion"},{"floor":5,"key":"Fire Potion"}],"is_trial":false,"path_per_floor":["M","?","?","?","M","E","?","R","T","R","E","M","R","E","R","B"],"character_chosen":"DEFECT","items_purchased":[],"campfire_rested":2,"item_purchase_floors":[],"current_hp_per_floor":[34,34,51,51,47,14,14,35,35,35,12,19,40,40,40,0],"gold":190,"neow_bonus":"ONE_RARE_RELIC","is_prod":false,"is_daily":false,"chose_seed":false,"campfire_upgraded":2,"win_rate":0,"timestamp":1553361745,"path_taken":["M","?","?","?","M","E","?","R","T","R","E","M","R","E","R","BOSS"],"build_version":"2019-01-23","purchased_purges":0,"victory":false,"max_hp_per_floor":[71,71,71,71,71,71,71,71,71,71,71,71,71,71,71,71],"card_choices":[{"not_picked":["Leap","Streamline"],"picked":"Self Repair","floor":1},{"not_picked":["Scrape","Sweeping Beam"],"picked":"Gash","floor":5},{"not_picked":["Coolheaded","Hologram"],"picked":"Beam Cell","floor":6},{"not_picked":["Leap","Defragment"],"picked":"Self Repair","floor":11},{"not_picked":["Beam Cell","Buffer"],"picked":"Self Repair","floor":12},{"not_picked":["Beam Cell","Auto Shields"],"picked":"Buffer","floor":14}],"player_experience":446231,"relics_obtained":[{"floor":6,"key":"Orichalcum"},{"floor":9,"key":"Happy Flower"},{"floor":11,"key":"Pantograph"},{"floor":14,"key":"Pen Nib"}],"event_choices":[{"damage_healed":0,"gold_gain":0,"player_choice":"Ignored","damage_taken":0,"max_hp_gain":0,"max_hp_loss":0,"event_name":"Golden Wing","floor":2,"gold_loss":0},{"damage_healed":17,"gold_gain":0,"player_choice":"Healed","damage_taken":0,"max_hp_gain":0,"max_hp_loss":0,"event_name":"The Cleric","floor":3,"gold_loss":35},{"damage_healed":0,"gold_gain":0,"player_choice":"Ignored","damage_taken":0,"max_hp_gain":0,"max_hp_loss":0,"event_name":"Shining Light","floor":4,"gold_loss":0},{"damage_healed":0,"gold_gain":0,"player_choice":"Grow","damage_taken":0,"max_hp_gain":0,"max_hp_loss":0,"event_name":"Living Wall","floor":7,"gold_loss":0,"cards_upgraded":["Self Repair"]}],"is_beta":false,"boss_relics":[],"items_purged_floors":[],"is_endless":false,"potions_floor_spawned":[1,5],"killed_by":"Hexaghost","ascension_level":14}