{"gold_per_floor":[114,289,364,364,377,377,405,405,431,441,468,96,22,22,22,115,115,104,125,125,175,100,100,131,131,131,131,147,166,191,101,101,197,197,221,27,27,27,27,27,47,47],"floor_reached":42,"playtime":1453,"items_purged":["Shame"],"score":765,"play_id":"9d4c5871-328c-45f6-8e2f-2badfdc33ded","local_time":"20181120225551","is_ascension_mode":true,"campfire_choices":[{"floor":6,"key":"REST"},{"data":"Carnage","floor":8,"key":"SMITH"},{"data":"Mayhem","floor":15,"key":"SMITH"},{"data":"Barricade","floor":23,"key":"SMITH"},{"floor":25,"key":"REST"},{"data":"Defend_R","floor":27,"key":"SMITH"},{"floor":32,"key":"REST"}],"neow_cost":"NONE","seed_source_timestamp":17875501849878,"circlet_count":0,"master_deck":["AscendersBane","Strike_R","Strike_R","Strike_R","Strike_R","Defend_R","Defend_R+1","Defend_R","Defend_R+1","Bash","Impervious","Carnage+1","Clothesline","Disarm","Carnage","Flame Barrier","Mayhem+1","Battle Trance","Barricade+1","Wild Strike+1","Corruption","Uppercut","Shrug It Off","Limit Break+1","Heavy Blade","Inflame","Inflame","Good Instincts","Cleave+1"],"relics":["Black Blood","Shuriken","Regal Pillow","Letter Opener","Toolbox","Golden Idol","Velvet Choker","Mummified Hand","Bottled Flame","The Courier"],"potions_floor_usage":[7,18,30,40,41,42],"damage_taken":[{"damage":9,"enemies":"Jaw Worm","floor":1,"turns":5},{"damage":1,"enemies":"2 Louse","floor":5,"turns":4},{"damage":15,"enemies":"Lagavulin","floor":7,"turns":7},{"damage":12,"enemies":"Small Slimes","floor":10,"turns":2},{"damage":24,"enemies":"Gremlin Nob","floor":11,"turns":4},{"damage":33,"enemies":"Slime Boss","floor":16,"turns":9},{"damage":8,"enemies":"2 Thieves","floor":18,"turns":4},{"damage":1,"enemies":"Chosen","floor":19,"turns":3},{"damage":46,"enemies":"Slavers","floor":24,"turns":7},{"damage":14,"enemies":"Snake Plant","floor":28,"turns":4},{"damage":8,"enemies":"Chosen and Byrds","floor":29,"turns":6},{"damage":19,"enemies":"Centurion and Healer","floor":30,"turns":8},{"damage":51,"enemies":"Automaton","floor":33,"turns":12},{"damage":14,"enemies":"Orb Walker","floor":35,"turns":4},{"damage":0,"enemies":"Reptomancer","floor":40,"turns":1},{"damage":43,"enemies":"3 Darklings","floor":41,"turns":6},{"damage":37,"enemies":"Spire Growth","floor":42,"turns":3}],"seed_played":"7041569289448478411","potions_obtained":[{"floor":1,"key":"PowerPotion"},{"floor":7,"key":"SneckoOil"},{"floor":16,"key":"PowerPotion"},{"floor":29,"key":"BloodPotion"},{"floor":33,"key":"Energy Potion"},{"floor":41,"key":"Fire Potion"}],"is_trial":false,"path_per_floor":["M","?","?","?","M","R","E","R","T","M","E","$","$","?","R","B",null,"M","M","?","?","$","R","E","R","T","R","M","M","M","?","R","B",null,"M","$","?","?","$","E","M","M"],"character_chosen":"IRONCLAD","items_purchased":["Mayhem","Toolbox","Battle Trance","SmokeBomb","Inflame","Inflame"],"campfire_rested":3,"item_purchase_floors":[12,12,13,36,36,36],"current_hp_per_floor":[65,65,54,47,52,74,65,65,65,59,41,41,41,41,41,14,55,53,58,58,58,58,58,18,53,53,53,45,43,36,36,69,24,58,54,54,54,54,54,64,31,0],"gold":47,"neow_bonus":"ONE_RANDOM_RARE_CARD","is_prod":false,"is_daily":false,"chose_seed":false,"campfire_upgraded":4,"win_rate":0,"timestamp":1542783351,"path_taken":["M","?","?","?","M","R","E","R","T","?","E","?","$","?","R","BOSS","M","M","?","?","$","R","E","R","T","R","M","?","M","?","R","BOSS","M","$","?","?","$","E","M","?"],"build_version":"2018-11-15","purchased_purges":1,"victory":false,"max_hp_per_floor":[75,75,75,75,75,75,75,75,75,75,75,75,75,69,69,69,69,69,69,69,69,69,69,69,69,69,69,69,69,69,69,69,69,69,69,69,69,69,69,69,69,69],"card_choices":[{"not_picked":["Entrench","Iron Wave"],"picked":"Carnage","floor":1},{"not_picked":["Rampage","Body Slam"],"picked":"Clothesline","floor":5},{"not_picked":["Headbutt","Thunderclap"],"picked":"Disarm","floor":7},{"not_picked":["Flex","Iron Wave"],"picked":"Carnage","floor":10},{"not_picked":["Thunderclap","Entrench"],"picked":"Flame Barrier","floor":11},{"not_picked":["Feed","Impervious"],"picked":"Barricade","floor":16},{"not_picked":["Sword Boomerang","Warcry"],"picked":"Wild Strike+1","floor":18},{"not_picked":["Rupture+1","Heavy Blade","Anger"],"picked":"SKIP","floor":19},{"not_picked":["Heavy Blade","Anger","Iron Wave"],"picked":"SKIP","floor":24},{"not_picked":["Power Through","Reckless Charge"],"picked":"Corruption","floor":28},{"not_picked":["Perfected Strike","Armaments"],"picked":"Uppercut","floor":29},{"not_picked":["Reaper","Twin Strike"],"picked":"Shrug It Off","floor":30},{"not_picked":["Double Tap","Fiend Fire"],"picked":"Limit Break","floor":33},{"not_picked":["Searing Blow+2","Warcry"],"picked":"Heavy Blade","floor":35},{"not_picked":["Transmutation","Mayhem"],"picked":"Good Instincts","floor":37},{"not_picked":["Headbutt+1","Uppercut"],"picked":"Cleave+1","floor":41}],"player_experience":812441,"relics_obtained":[{"floor":7,"key":"Shuriken"},{"floor":9,"key":"Regal Pillow"},{"floor":11,"key":"Letter Opener"},{"floor":24,"key":"Bottled Flame"},{"floor":26,"key":"The Courier"}],"event_choices":[{"damage_healed":0,"gold_gain":175,"player_choice":"AGREE","damage_taken":0,"max_hp_gain":0,"max_hp_loss":0,"event_name":"Liars Game","floor":2,"gold_loss":0,"cards_obtained":["Doubt"]},{"damage_healed":0,"gold_gain":75,"player_choice":"Gather Gold","damage_taken":11,"max_hp_gain":0,"max_hp_loss":0,"event_name":"World of Goop","floor":3,"gold_loss":0},{"cards_removed":["Doubt"],"damage_healed":0,"gold_gain":0,"player_choice":"Card Removal","damage_taken":7,"max_hp_gain":0,"max_hp_loss":0,"event_name":"Golden Wing","floor":4,"gold_loss":0},{"damage_healed":0,"gold_gain":0,"player_choice":"Lose Max HP","damage_taken":0,"relics_obtained":["Golden Idol"],"max_hp_gain":0,"max_hp_loss":6,"event_name":"Golden Idol","floor":14,"gold_loss":0},{"damage_healed":0,"gold_gain":0,"player_choice":"Stole Relic","damage_taken":0,"relics_obtained":["Mummified Hand"],"max_hp_gain":0,"max_hp_loss":0,"event_name":"Addict","floor":20,"gold_loss":0,"cards_obtained":["Shame"]},{"damage_healed":0,"gold_gain":100,"player_choice":"Bet on Murderer","damage_taken":0,"max_hp_gain":0,"max_hp_loss":0,"event_name":"The Joust","floor":21,"gold_loss":50},{"cards_removed":["Strike_R"],"damage_healed":0,"gold_gain":0,"player_choice":"Upgrade and Remove","damage_taken":0,"max_hp_gain":0,"max_hp_loss":0,"event_name":"Designer","floor":31,"gold_loss":90,"cards_upgraded":["Defend_R"]},{"damage_healed":0,"gold_gain":0,"player_choice":"Memory 1","damage_taken":0,"max_hp_gain":0,"max_hp_loss":0,"event_name":"SensoryStone","floor":37,"gold_loss":0},{"damage_healed":0,"gold_gain":0,"player_choice":"Upgraded","damage_taken":0,"max_hp_gain":0,"max_hp_loss":0,"event_name":"Upgrade Shrine","floor":38,"gold_loss":0,"cards_upgraded":["Limit Break"]}],"is_beta":false,"boss_relics":[{"not_picked":["Runic Cube","Snecko Eye"],"picked":"Velvet Choker"},{"not_picked":["Coffee Dripper","Black Star"],"picked":"Black Blood"}],"items_purged_floors":[22],"is_endless":false,"potions_floor_spawned":[1,7,16,29,33,41],"killed_by":"Spire Growth","ascension_level":14}