{"gold_per_floor":[115,125,125,125,138,138,138,154,232,310,327,67,83,111,111,216,216,234,234,249,164,10,24,24,39,39,70,70,105,105,117,117,216,266,278,278,12,26,46,46,46],"floor_reached":41,"playtime":2388,"items_purged":["Strike_R","Strike_R","Strike_R"],"score":520,"play_id":"72cd8fa2-3835-40db-a017-dae7beb70dd0","local_time":"20190629180320","is_ascension_mode":true,"campfire_choices":[{"data":"Sentinel","floor":6,"key":"SMITH"},{"floor":15,"key":"REST"},{"data":"Barricade","floor":24,"key":"SMITH"},{"floor":28,"key":"REST"},{"floor":32,"key":"REST"},{"data":"Limit Break","floor":40,"key":"SMITH"}],"neow_cost":"NONE","seed_source_timestamp":577993059201759,"circlet_count":0,"master_deck":["Strike_R","Strike_R","Defend_R","Defend_R","Defend_R+1","Defend_R","Bash+1","Spot Weakness+1","Sentinel+1","Headbutt+1","Cleave","Dark Shackles","Pommel Strike","Armaments","Barricade+1","Ghostly Armor","Headbutt","Shrug It Off","Warcry","Heavy Blade","Cleave","Limit Break+1","Shrug It Off","Sword Boomerang+1","Body Slam+1"],"relics":["Burning Blood","Matryoshka","Oddly Smooth Stone","The Courier","Boot","Letter Opener","Sozu","Torii","Dream Catcher","Shuriken","Question Card","Ornamental Fan","Tiny House","Omamori"],"potions_floor_usage":[8,11,16],"damage_taken":[{"damage":7,"enemies":"2 Louse","floor":1,"turns":2},{"damage":8,"enemies":"Jaw Worm","floor":2,"turns":4},{"damage":1,"enemies":"Cultist","floor":5,"turns":3},{"damage":18,"enemies":"Large Slime","floor":8,"turns":5},{"damage":1,"enemies":"3 Louse","floor":11,"turns":5},{"damage":9,"enemies":"Red Slaver","floor":13,"turns":4},{"damage":24,"enemies":"Gremlin Nob","floor":14,"turns":5},{"damage":34,"enemies":"Hexaghost","floor":16,"turns":10},{"damage":26,"enemies":"2 Thieves","floor":18,"turns":5},{"damage":9,"enemies":"Chosen","floor":20,"turns":6},{"damage":17,"enemies":"Snake Plant","floor":23,"turns":5},{"damage":0,"enemies":"Snecko","floor":25,"turns":8},{"damage":51,"enemies":"Book of Stabbing","floor":27,"turns":6},{"damage":1,"enemies":"Gremlin Leader","floor":29,"turns":6},{"damage":13,"enemies":"Centurion and Healer","floor":31,"turns":9},{"damage":79,"enemies":"Automaton","floor":33,"turns":8},{"damage":3,"enemies":"Orb Walker","floor":35,"turns":5},{"damage":42,"enemies":"3 Darklings","floor":38,"turns":6},{"damage":6,"enemies":"Sphere and 2 Shapes","floor":39,"turns":5},{"damage":62,"enemies":"Giant Head","floor":41,"turns":6}],"seed_played":"-4469414179361551963","potions_obtained":[{"floor":1,"key":"Regen Potion"},{"floor":8,"key":"SkillPotion"},{"floor":14,"key":"AttackPotion"}],"is_trial":false,"path_per_floor":["M","M","?","?","M","R","?","M","T","T","M","$","M","E","R","B",null,"M","?","M","?","$","M","R","M","T","E","R","E","?","M","R","B",null,"M","?","$","M","M","R","E"],"character_chosen":"IRONCLAD","items_purchased":["Dark Shackles","Boot","Headbutt","Shrug It Off","Shrug It Off","Omamori"],"campfire_rested":3,"item_purchase_floors":[12,12,22,22,37,37],"current_hp_per_floor":[79,77,61,66,71,71,71,64,64,64,69,69,66,48,73,45,85,65,85,82,82,82,71,71,77,77,32,57,62,62,55,80,7,90,90,90,90,54,54,54,0],"gold":46,"neow_bonus":"THREE_CARDS","is_prod":false,"is_daily":false,"chose_seed":false,"campfire_upgraded":3,"win_rate":0,"timestamp":1561856600,"path_taken":["M","M","?","?","M","R","?","M","T","?","?","$","M","E","R","BOSS","M","?","M","?","$","?","R","?","T","E","R","E","?","M","R","BOSS","M","?","$","?","M","R","E"],"build_version":"2019-01-23","purchased_purges":3,"victory":false,"max_hp_per_floor":[80,80,80,85,85,85,85,85,85,85,85,85,85,85,85,85,85,85,85,85,85,85,85,85,85,85,85,85,85,85,85,85,85,90,90,90,90,90,90,90,90],"card_choices":[{"not_picked":["Cleave","True Grit"],"picked":"Spot Weakness","floor":0},{"not_picked":["Power Through","Clash","Body Slam"],"picked":"SKIP","floor":1},{"not_picked":["True Grit","Flex"],"picked":"Sentinel","floor":2},{"not_picked":["Sword Boomerang","Immolate"],"picked":"Headbutt","floor":5},{"not_picked":["Sword Boomerang","Entrench","Havoc"],"picked":"SKIP","floor":8},{"not_picked":["Feel No Pain","Iron Wave"],"picked":"Cleave","floor":11},{"not_picked":["Havoc","Infernal Blade"],"picked":"Pommel Strike","floor":13},{"not_picked":["Corruption","Fiend Fire"],"picked":"Armaments","floor":14},{"not_picked":["Double Tap","Dark Embrace"],"picked":"Barricade","floor":16},{"not_picked":["Twin Strike","Bloodletting","Thunderclap+1"],"picked":"SKIP","floor":18},{"not_picked":["Flex+1","Pummel+1"],"picked":"Ghostly Armor","floor":20},{"not_picked":["Thunderclap","Sentinel","Cleave"],"picked":"SKIP","floor":23},{"not_picked":["Twin Strike","Power Through","Rage+1"],"picked":"SKIP","floor":25},{"not_picked":["Havoc","Headbutt+1"],"picked":"Warcry","floor":27},{"not_picked":["Iron Wave","Thunderclap+1","Clash","Uppercut"],"picked":"SKIP","floor":29},{"not_picked":["Anger","Exhume","Iron Wave"],"picked":"Heavy Blade","floor":31},{"not_picked":["True Grit","Rage","Pommel Strike"],"picked":"Cleave","floor":32},{"not_picked":["Exhume","Bludgeon","Double Tap"],"picked":"Limit Break","floor":33},{"not_picked":["Cleave+1","Flex+1","Infernal Blade","Wild Strike+1"],"picked":"SKIP","floor":35},{"not_picked":["Clothesline","Inflame","Ghostly Armor+1"],"picked":"Sword Boomerang+1","floor":38},{"not_picked":["Clothesline","Hemokinesis+1","Disarm+1"],"picked":"Body Slam+1","floor":39}],"player_experience":529101,"relics_obtained":[{"floor":9,"key":"Matryoshka"},{"floor":10,"key":"Oddly Smooth Stone"},{"floor":10,"key":"The Courier"},{"floor":14,"key":"Letter Opener"},{"floor":26,"key":"Dream Catcher"},{"floor":26,"key":"Shuriken"},{"floor":27,"key":"Question Card"},{"floor":29,"key":"Ornamental Fan"}],"event_choices":[{"damage_healed":0,"gold_gain":0,"player_choice":"Entered Light","damage_taken":16,"max_hp_gain":0,"max_hp_loss":0,"event_name":"Shining Light","floor":3,"gold_loss":0,"cards_upgraded":["Defend_R","Spot Weakness"]},{"damage_healed":0,"gold_gain":0,"player_choice":"Donut","damage_taken":0,"max_hp_gain":5,"max_hp_loss":0,"event_name":"Big Fish","floor":4,"gold_loss":0},{"damage_healed":0,"gold_gain":0,"player_choice":"Grow","damage_taken":0,"max_hp_gain":0,"max_hp_loss":0,"event_name":"Living Wall","floor":7,"gold_loss":0,"cards_upgraded":["Headbutt"]},{"damage_healed":28,"gold_gain":0,"player_choice":"Heal","damage_taken":0,"max_hp_gain":0,"max_hp_loss":0,"event_name":"The Library","floor":19,"gold_loss":0},{"damage_healed":0,"gold_gain":0,"player_choice":"Obtained Relic","damage_taken":0,"relics_obtained":["Torii"],"max_hp_gain":0,"max_hp_loss":0,"event_name":"Addict","floor":21,"gold_loss":85},{"damage_healed":0,"gold_gain":0,"player_choice":"Ignored","damage_taken":0,"max_hp_gain":0,"max_hp_loss":0,"event_name":"Ghosts","floor":30,"gold_loss":0},{"damage_healed":0,"gold_gain":0,"player_choice":"0 cards matched","damage_taken":0,"max_hp_gain":0,"max_hp_loss":0,"event_name":"Match and Keep!","floor":36,"gold_loss":0,"cards_obtained":[]}],"is_beta":false,"boss_relics":[{"not_picked":["Runic Dome","Pandora\u0027s Box"],"picked":"Sozu"},{"not_picked":["Calling Bell","Black Star"],"picked":"Tiny House"}],"items_purged_floors":[12,22,37],"is_endless":false,"potions_floor_spawned":[1,8,14,18,20,23,33,35],"killed_by":"Giant Head","ascension_level":4}