{"gold_per_floor":[113,123,142,242,256,287,304,36,63,80,4,4],"floor_reached":12,"playtime":579,"items_purged":["Storm of Steel"],"score":98,"play_id":"0d4c2d6e-f5b9-4c25-ae6a-046f47b3df88","local_time":"20190206080740","is_ascension_mode":true,"campfire_choices":[],"neow_cost":"NONE","seed_source_timestamp":516317294953445,"circlet_count":0,"master_deck":["Defend_G","Defend_G","Defend_G","Defend_G","Defend_G","Strike_G","Strike_G","Strike_G","Strike_G","Strike_G","Survivor","Neutralize","Dagger Spray","Footwork","Dagger Spray","Cloak And Dagger","Predator","Accuracy","Apotheosis","PiercingWail","Dash"],"relics":["Ring of the Snake","Regal Pillow","Potion Belt"],"potions_floor_usage":[6,12,12],"damage_taken":[{"damage":2,"enemies":"Jaw Worm","floor":1,"turns":5},{"damage":1,"enemies":"Cultist","floor":2,"turns":3},{"damage":10,"enemies":"Small Slimes","floor":3,"turns":3},{"damage":3,"enemies":"Exordium Wildlife","floor":5,"turns":4},{"damage":45,"enemies":"Gremlin Nob","floor":6,"turns":5},{"damage":0,"enemies":"Looter","floor":7,"turns":4},{"damage":5,"enemies":"3 Louse","floor":10,"turns":3},{"damage":5,"enemies":"3 Sentries","floor":12,"turns":6}],"seed_played":"8991503812537089620","potions_obtained":[{"floor":2,"key":"Swift Potion"},{"floor":3,"key":"Strength Potion"},{"floor":6,"key":"SpeedPotion"}],"is_trial":false,"path_per_floor":["M","M","M","?","M","E","M","$","T","M","$","E"],"character_chosen":"THE_SILENT","items_purchased":["Apotheosis","Dash"],"campfire_rested":0,"item_purchase_floors":[8,11],"current_hp_per_floor":[68,67,57,57,54,9,9,9,9,4,4,0],"gold":4,"neow_bonus":"ONE_RANDOM_RARE_CARD","is_prod":false,"is_daily":false,"chose_seed":false,"campfire_upgraded":0,"win_rate":0,"timestamp":1549458460,"path_taken":["M","M","M","?","M","E","M","$","T","?","$","E"],"build_version":"2019-01-23","purchased_purges":1,"victory":false,"max_hp_per_floor":[70,70,70,70,70,70,70,70,70,70,70,70],"card_choices":[{"not_picked":["Prepared","Expertise"],"picked":"Dagger Spray","floor":1},{"not_picked":["Bane","Backflip"],"picked":"Footwork","floor":2},{"not_picked":["Phantasmal Killer","Underhanded Strike"],"picked":"Dagger Spray","floor":3},{"not_picked":["Backflip","Flying Knee"],"picked":"Cloak And Dagger","floor":5},{"not_picked":["Calculated Gamble","Blade Dance"],"picked":"Predator","floor":6},{"not_picked":["Underhanded Strike","Tools of the Trade"],"picked":"Accuracy","floor":7},{"not_picked":["Infinite Blades","Acrobatics"],"picked":"PiercingWail","floor":10}],"player_experience":163070,"relics_obtained":[{"floor":6,"key":"Regal Pillow"},{"floor":9,"key":"Potion Belt"}],"event_choices":[{"damage_healed":0,"gold_gain":100,"player_choice":"Gold","damage_taken":0,"max_hp_gain":0,"max_hp_loss":0,"event_name":"Wheel of Change","floor":4,"gold_loss":0}],"is_beta":false,"boss_relics":[],"items_purged_floors":[8],"is_endless":false,"potions_floor_spawned":[2,3,6],"killed_by":"3 Sentries","ascension_level":4}