{"gold_per_floor":[111,130,130,146,156,183,247,247,247,247,282,293,304,304,304,304],"floor_reached":16,"playtime":761,"items_purged":[],"score":112,"play_id":"b149eba3-dd3b-4939-910d-27891029e3d3","local_time":"20190615194406","is_ascension_mode":false,"campfire_choices":[{"floor":8,"key":"REST"},{"floor":15,"key":"REST"}],"neow_cost":"NONE","seed_source_timestamp":677070990669003,"circlet_count":0,"master_deck":["Defend_G","Defend_G","Defend_G","Defend_G","Defend_G","Strike_G","Strike_G","Strike_G","Strike_G","Strike_G","Survivor","Neutralize","All Out Attack","Dagger Throw","Underhanded Strike","Riddle With Holes","Leg Sweep","Escape Plan","Dagger Throw","Dagger Throw","Unload","Calculated Gamble","Eviscerate"],"relics":["Orrery","Potion Belt","Mummified Hand","Snake Skull","Omamori"],"potions_floor_usage":[6,6,11,13],"damage_taken":[{"damage":0,"enemies":"2 Louse","floor":1,"turns":2},{"damage":1,"enemies":"Cultist","floor":2,"turns":3},{"damage":0,"enemies":"Small Slimes","floor":4,"turns":2},{"damage":6,"enemies":"2 Fungi Beasts","floor":5,"turns":3},{"damage":21,"enemies":"Lagavulin","floor":6,"turns":5},{"damage":17,"enemies":"3 Sentries","floor":7,"turns":7},{"damage":26,"enemies":"3 Sentries","floor":11,"turns":6},{"damage":0,"enemies":"Large Slime","floor":12,"turns":3},{"damage":0,"enemies":"Looter","floor":13,"turns":3},{"damage":69,"enemies":"Slime Boss","floor":16,"turns":9}],"seed_played":"5412448882345445039","potions_obtained":[{"floor":1,"key":"Fire Potion"},{"floor":5,"key":"Weak Potion"},{"floor":6,"key":"Swift Potion"},{"floor":12,"key":"Swift Potion"}],"is_trial":false,"path_per_floor":["M","M","?","M","M","E","?","R","T","?","E","M","M","?","R","B"],"character_chosen":"THE_SILENT","items_purchased":[],"campfire_rested":2,"item_purchase_floors":[],"current_hp_per_floor":[70,69,69,69,63,42,25,46,46,46,20,20,20,37,58,0],"gold":304,"neow_bonus":"BOSS_RELIC","is_prod":false,"is_daily":false,"chose_seed":false,"campfire_upgraded":0,"win_rate":0,"timestamp":1560653046,"path_taken":["M","M","?","M","?","E","?","R","T","?","E","M","M","?","R","BOSS"],"build_version":"2019-01-23","purchased_purges":0,"victory":false,"max_hp_per_floor":[70,70,70,70,70,70,70,70,70,70,70,70,70,70,70,70],"card_choices":[{"not_picked":["Bane","PiercingWail"],"picked":"All Out Attack","floor":0},{"not_picked":["PiercingWail","Calculated Gamble"],"picked":"Dagger Throw","floor":0},{"not_picked":["Poisoned Stab","All Out Attack"],"picked":"Underhanded Strike","floor":0},{"not_picked":["Outmaneuver","Deflect"],"picked":"Riddle With Holes","floor":0},{"not_picked":["Cloak And Dagger","Outmaneuver"],"picked":"Leg Sweep","floor":0},{"not_picked":["Dash","Blade Dance"],"picked":"Escape Plan","floor":1},{"not_picked":["Quick Slash","Leg Sweep","Flechettes"],"picked":"SKIP","floor":2},{"not_picked":["Quick Slash","Cloak And Dagger"],"picked":"Dagger Throw","floor":4},{"not_picked":["Expertise","Sucker Punch"],"picked":"Dagger Throw","floor":5},{"not_picked":["Choke","Sucker Punch"],"picked":"Unload","floor":6},{"not_picked":["Blade Dance","Predator"],"picked":"Calculated Gamble","floor":7},{"not_picked":["Prepared","Bane","Infinite Blades"],"picked":"SKIP","floor":11},{"not_picked":["PiercingWail","Distraction","Poisoned Stab"],"picked":"SKIP","floor":12},{"not_picked":["Backflip","Bane"],"picked":"Eviscerate","floor":13}],"player_experience":401577,"relics_obtained":[{"floor":3,"key":"Potion Belt"},{"floor":6,"key":"Mummified Hand"},{"floor":7,"key":"Snake Skull"},{"floor":11,"key":"Omamori"}],"event_choices":[{"damage_healed":0,"gold_gain":0,"player_choice":"Relic","damage_taken":0,"max_hp_gain":0,"max_hp_loss":0,"event_name":"Wheel of Change","floor":3,"gold_loss":0},{"damage_healed":0,"gold_gain":0,"player_choice":"Searched \u00271\u0027 times","damage_taken":0,"max_hp_gain":0,"max_hp_loss":0,"event_name":"Dead Adventurer","floor":7,"gold_loss":0},{"damage_healed":0,"gold_gain":0,"player_choice":"Fled","damage_taken":0,"max_hp_gain":0,"max_hp_loss":0,"event_name":"Scrap Ooze","floor":10,"gold_loss":0},{"damage_healed":17,"gold_gain":0,"player_choice":"Healed and dodged fight","damage_taken":0,"max_hp_gain":0,"max_hp_loss":0,"event_name":"Mushrooms","floor":14,"gold_loss":0,"cards_obtained":["Parasite"]}],"is_beta":false,"boss_relics":[],"items_purged_floors":[],"is_endless":false,"potions_floor_spawned":[1,5,6,12],"killed_by":"Slime Boss","ascension_level":0}