{"gold_per_floor":[115,128,128,128,153,153,184,184,184,109,138,150,183,199,199,297,297,317,332,432,210,210,210,223,223,223,241,256,181,214,214,214,318,318,331,351,351,34,34,34,34,60,60,60,76,76,86,86,86,86],"floor_reached":50,"playtime":4134,"items_purged":["Strike_R","Strike_R","Defend_R"],"score":662,"play_id":"8b60c24c-ee5c-446b-be78-21bc9cfe156c","local_time":"20190627223625","is_ascension_mode":true,"campfire_choices":[{"data":"Bash","floor":6,"key":"SMITH"},{"data":"Hemokinesis","floor":8,"key":"SMITH"},{"data":"Armaments","floor":15,"key":"SMITH"},{"floor":23,"key":"REST"},{"floor":25,"key":"REST"},{"data":"Spot Weakness","floor":32,"key":"SMITH"},{"data":"Demon Form","floor":40,"key":"SMITH"},{"data":"Berserk","floor":46,"key":"SMITH"},{"floor":49,"key":"REST"}],"neow_cost":"NONE","seed_source_timestamp":419832867991992,"circlet_count":0,"master_deck":["Defend_R","Defend_R","Defend_R","Bash+1","Whirlwind","Cleave","Hemokinesis+1","Evolve","Armaments+1","Warcry","Demon Form+1","Spot Weakness+1","Iron Wave+1","Warcry","Offering+1","Sword Boomerang+1","Flame Barrier+1","Burning Pact","Flame Barrier+1","Berserk+1","True Grit+1","Power Through","Battle Trance","Impervious","Disarm+1"],"relics":["Burning Blood","NeowsBlessing","Blood Vial","Mango","StoneCalendar","The Courier","Thread and Needle","Empty Cage","Incense Burner","Ornamental Fan","Letter Opener","Bronze Scales","White Beast Statue","Omamori","Pantograph"],"potions_floor_usage":[11,11,19,24,24,27,28,30,33,36,42,45,47,50],"damage_taken":[{"damage":0,"enemies":"Small Slimes","floor":1,"turns":1},{"damage":0,"enemies":"Jaw Worm","floor":2,"turns":1},{"damage":0,"enemies":"Lagavulin","floor":7,"turns":1},{"damage":19,"enemies":"3 Sentries","floor":11,"turns":4},{"damage":1,"enemies":"Cultist","floor":12,"turns":3},{"damage":18,"enemies":"Gremlin Nob","floor":13,"turns":3},{"damage":6,"enemies":"Blue Slaver","floor":14,"turns":3},{"damage":60,"enemies":"Hexaghost","floor":16,"turns":10},{"damage":7,"enemies":"Chosen","floor":18,"turns":5},{"damage":26,"enemies":"2 Thieves","floor":19,"turns":4},{"damage":26,"enemies":"Colosseum Slavers","floor":20,"turns":4},{"damage":38,"enemies":"Colosseum Nobs","floor":20,"turns":7},{"damage":20,"enemies":"Sentry and Sphere","floor":24,"turns":4},{"damage":11,"enemies":"Centurion and Healer","floor":27,"turns":5},{"damage":7,"enemies":"Cultist and Chosen","floor":28,"turns":6},{"damage":9,"enemies":"Book of Stabbing","floor":30,"turns":7},{"damage":57,"enemies":"Automaton","floor":33,"turns":10},{"damage":16,"enemies":"Orb Walker","floor":35,"turns":5},{"damage":42,"enemies":"3 Shapes","floor":36,"turns":6},{"damage":56,"enemies":"Nemesis","floor":42,"turns":9},{"damage":31,"enemies":"Writhing Mass","floor":45,"turns":4},{"damage":51,"enemies":"Sphere and 2 Shapes","floor":47,"turns":4},{"damage":96,"enemies":"Awakened One","floor":50,"turns":8}],"seed_played":"6250289457015342416","potions_obtained":[{"floor":1,"key":"LiquidBronze"},{"floor":2,"key":"GamblersBrew"},{"floor":16,"key":"GamblersBrew"},{"floor":20,"key":"Dexterity Potion"},{"floor":24,"key":"Weak Potion"},{"floor":28,"key":"Dexterity Potion"},{"floor":30,"key":"Fruit Juice"},{"floor":35,"key":"Regen Potion"},{"floor":36,"key":"Weak Potion"},{"floor":42,"key":"Fire Potion"},{"floor":45,"key":"Fruit Juice"},{"floor":47,"key":"FearPotion"}],"is_trial":false,"path_per_floor":["M","M","?","?","T","R","E","R","T","$","E","M","E","M","R","B",null,"M","M","?","$","?","R","M","R","T","M","M","?","E","?","R","B",null,"M","M","?","$","?","R","$","E","T","?","M","R","M","?","R","B"],"character_chosen":"IRONCLAD","items_purchased":["Offering","SpeedPotion","Explosive Potion","Power Through","Battle Trance","Impervious"],"campfire_rested":3,"item_purchase_floors":[21,21,21,38,38,38],"current_hp_per_floor":[80,80,73,73,73,73,94,94,94,94,81,88,78,80,80,28,94,93,74,26,26,26,54,42,70,70,67,68,68,67,67,67,23,99,89,70,70,70,70,70,70,22,22,99,74,74,36,36,67,0],"gold":86,"neow_bonus":"THREE_ENEMY_KILL","is_prod":false,"is_daily":false,"chose_seed":false,"campfire_upgraded":6,"win_rate":0,"timestamp":1561700185,"path_taken":["M","M","?","?","?","R","E","R","T","$","E","?","E","M","R","BOSS","M","M","?","$","?","R","?","R","T","M","M","?","E","?","R","BOSS","M","M","?","$","?","R","$","E","T","?","M","R","M","?","R","BOSS"],"build_version":"2019-01-23","purchased_purges":3,"victory":false,"max_hp_per_floor":[80,80,80,80,80,80,94,94,94,94,94,94,94,94,94,94,94,94,94,94,94,94,94,94,94,94,94,94,94,94,94,94,99,99,99,99,99,99,99,99,99,99,99,99,99,99,104,104,104,104],"card_choices":[{"not_picked":["Inflame","Intimidate"],"picked":"Whirlwind","floor":1},{"not_picked":["Ghostly Armor","Body Slam"],"picked":"Cleave","floor":2},{"not_picked":["Havoc","Anger"],"picked":"Hemokinesis","floor":7},{"not_picked":["Immolate","Thunderclap"],"picked":"Evolve","floor":11},{"not_picked":["Evolve","Seeing Red"],"picked":"Armaments","floor":12},{"not_picked":["Second Wind","Disarm"],"picked":"Warcry","floor":13},{"not_picked":["Searing Blow","Anger"],"picked":"Clothesline","floor":14},{"not_picked":["Limit Break","Offering"],"picked":"Demon Form","floor":16},{"not_picked":["Iron Wave","Anger"],"picked":"Spot Weakness","floor":18},{"not_picked":["Armaments","Clothesline"],"picked":"Iron Wave+1","floor":19},{"not_picked":["Searing Blow+1","Flex+1"],"picked":"Warcry","floor":20},{"not_picked":["Clothesline","Evolve","Cleave"],"picked":"SKIP","floor":24},{"not_picked":["Carnage","Twin Strike+1"],"picked":"Sword Boomerang+1","floor":27},{"not_picked":["Impervious","Burning Pact"],"picked":"Flame Barrier+1","floor":28},{"not_picked":["Limit Break","Dropkick"],"picked":"Burning Pact","floor":30},{"not_picked":["Impervious","Immolate"],"picked":"Berserk","floor":33},{"not_picked":["Whirlwind","Body Slam+1"],"picked":"True Grit+1","floor":35},{"not_picked":["Clothesline","Twin Strike","True Grit"],"picked":"SKIP","floor":42},{"not_picked":["Infernal Blade","Thunderclap"],"picked":"Disarm+1","floor":45},{"not_picked":["Wild Strike","Twin Strike+1","Havoc"],"picked":"SKIP","floor":47}],"player_experience":498427,"relics_obtained":[{"floor":5,"key":"Blood Vial"},{"floor":7,"key":"Mango"},{"floor":9,"key":"StoneCalendar"},{"floor":11,"key":"The Courier"},{"floor":13,"key":"Thread and Needle"},{"floor":20,"key":"Incense Burner"},{"floor":20,"key":"Ornamental Fan"},{"floor":26,"key":"Letter Opener"},{"floor":30,"key":"Bronze Scales"},{"floor":42,"key":"Omamori"},{"floor":43,"key":"Pantograph"}],"event_choices":[{"cards_removed":["Strike_R"],"damage_healed":0,"gold_gain":0,"player_choice":"Card Removal","damage_taken":7,"max_hp_gain":0,"max_hp_loss":0,"event_name":"Golden Wing","floor":3,"gold_loss":0},{"damage_healed":0,"gold_gain":0,"player_choice":"Ignored","damage_taken":0,"max_hp_gain":0,"max_hp_loss":0,"event_name":"Liars Game","floor":4,"gold_loss":0},{"damage_healed":0,"gold_gain":0,"player_choice":"Fight","damage_taken":0,"max_hp_gain":0,"max_hp_loss":0,"event_name":"Colosseum","floor":20,"gold_loss":0},{"damage_healed":0,"gold_gain":0,"player_choice":"Fought Nobs","damage_taken":0,"max_hp_gain":0,"max_hp_loss":0,"event_name":"Colosseum","floor":20,"gold_loss":0},{"damage_healed":0,"gold_gain":0,"player_choice":"Smashed Altar","damage_taken":0,"max_hp_gain":0,"max_hp_loss":0,"event_name":"Forgotten Altar","floor":22,"gold_loss":0,"cards_obtained":["Decay"]},{"cards_removed":["Decay"],"damage_healed":0,"gold_gain":0,"player_choice":"Gave Gold","damage_taken":0,"max_hp_gain":0,"max_hp_loss":0,"event_name":"Beggar","floor":29,"gold_loss":75},{"damage_healed":0,"gold_gain":0,"player_choice":"Copied","damage_taken":0,"max_hp_gain":0,"max_hp_loss":0,"event_name":"Duplicator","floor":31,"gold_loss":0,"cards_obtained":["Flame Barrier"]},{"damage_healed":0,"gold_gain":0,"player_choice":"Ignored","damage_taken":0,"max_hp_gain":0,"max_hp_loss":0,"event_name":"Tomb of Lord Red Mask","floor":37,"gold_loss":0},{"cards_removed":["Clothesline"],"damage_healed":0,"gold_gain":0,"player_choice":"Removed Attack","damage_taken":0,"max_hp_gain":0,"max_hp_loss":0,"event_name":"Falling","floor":39,"gold_loss":0},{"damage_healed":77,"gold_gain":0,"player_choice":"Heal","damage_taken":0,"max_hp_gain":0,"max_hp_loss":0,"event_name":"MindBloom","floor":44,"gold_loss":0,"cards_obtained":["Doubt"]},{"damage_healed":0,"gold_gain":0,"player_choice":"Upgraded","damage_taken":0,"max_hp_gain":0,"max_hp_loss":0,"event_name":"Upgrade Shrine","floor":48,"gold_loss":0,"cards_upgraded":["Offering"]}],"is_beta":false,"boss_relics":[{"not_picked":["Cursed Key","Busted Crown"],"picked":"Empty Cage"},{"not_picked":["Snecko Eye","Fusion Hammer"],"picked":"White Beast Statue"}],"items_purged_floors":[10,21,38],"is_endless":false,"potions_floor_spawned":[1,2,16,20,24,28,30,35,36,42,45,47],"killed_by":"Awakened One","ascension_level":4}