{"gold_per_floor":[15,15,15,25,25,25,60,60,60,3,0,10,10,24,24,24],"floor_reached":16,"playtime":681,"items_purged":[],"score":196,"play_id":"227ad04a-57d9-4897-9f9b-43fa4710afe4","local_time":"20190622135920","is_ascension_mode":true,"campfire_choices":[{"floor":6,"key":"DIG"},{"floor":8,"key":"DIG"},{"floor":13,"key":"DIG"},{"floor":15,"key":"DIG"}],"neow_cost":"NO_GOLD","seed_source_timestamp":0,"circlet_count":0,"master_deck":["AscendersBane","Strike_R","Strike_R","Strike_R","Strike_R","Defend_R","Defend_R","Defend_R","Defend_R","Bash","Thunderclap","Anger","Clothesline+1","True Grit","Clothesline+1"],"special_seed":0,"relics":["Burning Blood","Shovel","Orichalcum","Molten Egg 2","Lantern","Charon\u0027s Ashes","Oddly Smooth Stone","Blood Vial"],"potions_floor_usage":[7],"damage_taken":[{"damage":12,"enemies":"Small Slimes","floor":1,"turns":4},{"damage":9,"enemies":"Jaw Worm","floor":4,"turns":5},{"damage":34,"enemies":"3 Sentries","floor":7,"turns":10},{"damage":2,"enemies":"2 Louse","floor":12,"turns":3},{"damage":0,"enemies":"Lots of Slimes","floor":14,"turns":4},{"damage":36,"enemies":"Hexaghost","floor":16,"turns":10}],"seed_played":"4643115278198164368","potions_obtained":[{"floor":1,"key":"Swift Potion"}],"is_trial":false,"path_per_floor":["M","$","?","M","?","R","E","R","T","$","?","M","R","M","R","B"],"character_chosen":"IRONCLAD","items_purchased":["True Grit"],"campfire_rested":0,"item_purchase_floors":[10],"current_hp_per_floor":[62,62,55,52,52,52,24,24,24,24,24,28,28,34,34,0],"gold":24,"neow_bonus":"ONE_RARE_RELIC","is_prod":false,"is_daily":false,"chose_seed":false,"campfire_upgraded":0,"win_rate":0,"timestamp":1561226360,"path_taken":["M","$","?","M","?","R","E","R","T","$","?","M","R","M","R","BOSS"],"build_version":"2019-01-23","purchased_purges":0,"victory":false,"max_hp_per_floor":[75,75,75,75,75,75,75,75,75,75,75,75,75,75,75,75],"card_choices":[{"not_picked":["Body Slam","Sword Boomerang"],"picked":"Thunderclap","floor":1},{"not_picked":["Warcry","Dual Wield"],"picked":"Anger","floor":4},{"not_picked":["Entrench","Havoc"],"picked":"Clothesline","floor":7},{"not_picked":["Flex","Thunderclap+1"],"picked":"Clothesline+1","floor":12},{"not_picked":["Clothesline+1","Heavy Blade+1","Clash+1"],"picked":"SKIP","floor":14}],"player_experience":958350,"relics_obtained":[{"floor":6,"key":"Orichalcum"},{"floor":7,"key":"Molten Egg 2"},{"floor":8,"key":"Lantern"},{"floor":9,"key":"Charon\u0027s Ashes"},{"floor":13,"key":"Oddly Smooth Stone"},{"floor":15,"key":"Blood Vial"}],"event_choices":[{"cards_removed":["Strike_R"],"damage_healed":0,"gold_gain":0,"player_choice":"Card Removal","damage_taken":7,"max_hp_gain":0,"max_hp_loss":0,"event_name":"Golden Wing","floor":3,"gold_loss":0},{"damage_healed":0,"gold_gain":0,"player_choice":"Leave","damage_taken":0,"max_hp_gain":0,"max_hp_loss":0,"event_name":"The Cleric","floor":5,"gold_loss":0},{"damage_healed":0,"gold_gain":0,"player_choice":"Left Gold","damage_taken":0,"max_hp_gain":0,"max_hp_loss":0,"event_name":"World of Goop","floor":11,"gold_loss":3}],"is_beta":false,"boss_relics":[],"items_purged_floors":[],"is_endless":false,"potions_floor_spawned":[1],"killed_by":"Hexaghost","ascension_level":20}