{"gold_per_floor":[115,134,134,209,11,36,10,41,66,66,84,99,99,12,12,116,116,134,134,134,148,148,148,42,55,55,55],"floor_reached":27,"playtime":927,"items_purged":["Parasite"],"score":390,"play_id":"1479bf50-d6b3-4011-ac22-9038657e904a","local_time":"20181116004350","is_ascension_mode":true,"campfire_choices":[{"data":"Echo Form","floor":13,"key":"SMITH"},{"data":"White Noise","floor":15,"key":"SMITH"},{"floor":23,"key":"REST"}],"neow_cost":"NONE","seed_source_timestamp":23156183133162,"circlet_count":0,"master_deck":["AscendersBane","Strike_B","Strike_B","Strike_B","Strike_B","Defend_B","Defend_B","Defend_B","Defend_B","Zap","Dualcast","Conserve Battery","Echo Form+1","Leap","Self Repair","Ball Lightning","BootSequence","Leap","White Noise+1","Reboot","White Noise","Self Repair","Consume"],"relics":["Cracked Core","NeowsBlessing","Regal Pillow","Smiling Mask","Question Card","Happy Flower","Sozu","Gremlin Horn"],"potions_floor_usage":[8,8,27],"damage_taken":[{"damage":0,"enemies":"Jaw Worm","floor":1,"turns":1},{"damage":0,"enemies":"Small Slimes","floor":2,"turns":1},{"damage":0,"enemies":"Lagavulin","floor":6,"turns":1},{"damage":21,"enemies":"3 Sentries","floor":8,"turns":7},{"damage":2,"enemies":"Cultist","floor":11,"turns":4},{"damage":4,"enemies":"Blue Slaver","floor":12,"turns":5},{"damage":48,"enemies":"Hexaghost","floor":16,"turns":13},{"damage":16,"enemies":"Spheric Guardian","floor":18,"turns":6},{"damage":39,"enemies":"Colosseum Slavers","floor":19,"turns":8},{"damage":12,"enemies":"Shell Parasite","floor":21,"turns":6},{"damage":55,"enemies":"Chosen and Byrds","floor":25,"turns":7},{"damage":28,"enemies":"Snecko","floor":27,"turns":4}],"seed_played":"-4854886876985960281","potions_obtained":[{"floor":2,"key":"Energy Potion"},{"floor":6,"key":"EssenceOfSteel"},{"floor":11,"key":"FearPotion"},{"floor":16,"key":"SpeedPotion"}],"is_trial":false,"path_per_floor":["M","M","?","?","$","E","$","E","T","?","M","M","R","$","R","B",null,"M","?","?","M","$","R","$","M","T","M"],"character_chosen":"DEFECT","items_purchased":["Regal Pillow","Leap","Ball Lightning","White Noise","Self Repair","Consume"],"campfire_rested":1,"item_purchase_floors":[5,5,7,14,24,24],"current_hp_per_floor":[68,68,68,57,57,57,57,43,43,61,73,69,69,69,69,35,63,61,36,36,38,38,72,72,24,24,0],"gold":55,"neow_bonus":"THREE_ENEMY_KILL","is_prod":false,"is_daily":false,"chose_seed":false,"campfire_upgraded":2,"win_rate":0,"timestamp":1542357830,"path_taken":["M","M","?","?","?","E","$","E","T","?","?","M","R","$","R","BOSS","M","?","?","?","$","R","$","M","T","M"],"build_version":"2018-11-15","purchased_purges":1,"victory":false,"max_hp_per_floor":[75,75,75,75,75,75,75,75,75,75,75,75,75,72,72,72,72,72,72,72,72,72,72,72,72,72,72],"card_choices":[{"not_picked":["Beam Cell","Capacitor"],"picked":"Conserve Battery","floor":1},{"not_picked":["Static Discharge","Coolheaded"],"picked":"Ball Lightning","floor":2},{"not_picked":["Ball Lightning","Turbo"],"picked":"Self Repair","floor":6},{"not_picked":["Conserve Battery","Cold Snap"],"picked":"BootSequence","floor":8},{"not_picked":["Redo","Rebound","Heatsinks"],"picked":"Leap","floor":11},{"not_picked":["Turbo","Gash","Double Energy","Sweeping Beam"],"picked":"SKIP","floor":12},{"not_picked":["Rainbow","Multi-Cast","Thunder Strike"],"picked":"Reboot","floor":16},{"not_picked":["Beam Cell","Blizzard","Hologram"],"picked":"White Noise","floor":18},{"not_picked":["Ball Lightning","Streamline","Coolheaded","Barrage"],"picked":"SKIP","floor":21},{"not_picked":["Barrage+1","Coolheaded+1","Gash","Steam Power"],"picked":"SKIP","floor":25}],"player_experience":737329,"relics_obtained":[{"floor":6,"key":"Smiling Mask"},{"floor":8,"key":"Question Card"},{"floor":9,"key":"Happy Flower"},{"floor":26,"key":"Gremlin Horn"}],"event_choices":[{"damage_healed":0,"gold_gain":0,"cards_transformed":["Ball Lightning"],"player_choice":"Change","damage_taken":0,"max_hp_gain":0,"max_hp_loss":0,"event_name":"Living Wall","floor":3,"gold_loss":0,"cards_obtained":["Echo Form"]},{"damage_healed":0,"gold_gain":75,"player_choice":"Gather Gold","damage_taken":11,"max_hp_gain":0,"max_hp_loss":0,"event_name":"World of Goop","floor":4,"gold_loss":0},{"damage_healed":18,"gold_gain":0,"player_choice":"Healed and dodged fight","damage_taken":0,"max_hp_gain":0,"max_hp_loss":0,"event_name":"Mushrooms","floor":10,"gold_loss":0,"cards_obtained":["Parasite"]},{"damage_healed":0,"gold_gain":0,"player_choice":"Fight","damage_taken":0,"max_hp_gain":0,"max_hp_loss":0,"event_name":"Colosseum","floor":19,"gold_loss":0},{"damage_healed":0,"gold_gain":0,"player_choice":"Fled From Nobs","damage_taken":0,"max_hp_gain":0,"max_hp_loss":0,"event_name":"Colosseum","floor":19,"gold_loss":0},{"damage_healed":0,"gold_gain":0,"player_choice":"Bought 0 Potions","damage_taken":0,"max_hp_gain":0,"max_hp_loss":0,"event_name":"The Woman in Blue","floor":20,"gold_loss":0}],"is_beta":false,"boss_relics":[{"not_picked":["White Beast Statue","Runic Dome"],"picked":"Sozu"}],"items_purged_floors":[14],"is_endless":false,"potions_floor_spawned":[2,6,11,16,21],"killed_by":"Snecko","ascension_level":12}