{"gold_per_floor":[119,133,152,152,167,202,202,202,226,256,270,270,48,82,82,158,158,133,151,151,151,212,212,246,246],"floor_reached":25,"playtime":998,"items_purged":[],"score":507,"play_id":"dba4a8e1-479e-434e-8b45-086c8010e204","local_time":"20190630094924","is_ascension_mode":true,"campfire_choices":[{"data":"Bash","floor":7,"key":"SMITH"},{"data":"Armaments","floor":15,"key":"SMITH"}],"neow_cost":"PERCENT_DAMAGE","seed_source_timestamp":742709754305492,"circlet_count":0,"master_deck":["AscendersBane","Defend_R","Defend_R","Defend_R","Bash+1","Shrug It Off","Thunderclap","Uppercut","Iron Wave","Twin Strike","Armaments+1","Immolate","Shrug It Off","Reaper","Combust+1","Bite","Bite","Bite","Bite","Bite","True Grit"],"relics":["Burning Blood","Bag of Preparation","Smiling Mask","Happy Flower","Letter Opener","Lee\u0027s Waffle","Mummified Hand","Runic Pyramid","SsserpentHead","The Courier"],"potions_floor_usage":[5,6,16],"damage_taken":[{"damage":2,"enemies":"Cultist","floor":1,"turns":4},{"damage":0,"enemies":"Jaw Worm","floor":2,"turns":5},{"damage":0,"enemies":"Small Slimes","floor":3,"turns":2},{"damage":6,"enemies":"3 Louse","floor":5,"turns":4},{"damage":27,"enemies":"Gremlin Nob","floor":6,"turns":4},{"damage":41,"enemies":"Lagavulin","floor":10,"turns":6},{"damage":1,"enemies":"Looter","floor":11,"turns":3},{"damage":17,"enemies":"3 Sentries","floor":14,"turns":6},{"damage":19,"enemies":"The Guardian","floor":16,"turns":12},{"damage":29,"enemies":"2 Thieves","floor":18,"turns":4},{"damage":21,"enemies":"Shell Parasite","floor":19,"turns":5},{"damage":10,"enemies":"Centurion and Healer","floor":22,"turns":6},{"damage":45,"enemies":"Slavers","floor":24,"turns":5},{"damage":52,"enemies":"Sentry and Sphere","floor":25,"turns":7}],"seed_played":"4689332068819421613","potions_obtained":[{"floor":2,"key":"SkillPotion"},{"floor":3,"key":"PowerPotion"},{"floor":11,"key":"LiquidBronze"},{"floor":16,"key":"SpeedPotion"},{"floor":18,"key":"Ancient Potion"}],"is_trial":false,"path_per_floor":["M","M","M","?","M","E","R","?","T","E","M","?","$","E","R","B",null,"M","M","?","?","M","$","E","M"],"character_chosen":"IRONCLAD","items_purchased":["Lee\u0027s Waffle"],"campfire_rested":0,"item_purchase_floors":[13],"current_hp_per_floor":[54,60,66,71,71,50,50,50,50,15,20,20,87,76,76,63,81,68,53,53,53,60,60,42,0],"gold":246,"neow_bonus":"REMOVE_TWO","is_prod":false,"is_daily":false,"chose_seed":false,"campfire_upgraded":2,"win_rate":0,"timestamp":1561902564,"path_taken":["M","M","M","?","M","E","R","?","T","E","M","?","$","E","R","BOSS","M","M","?","?","?","$","E","M"],"build_version":"2019-01-23","purchased_purges":0,"victory":false,"max_hp_per_floor":[75,75,75,80,80,80,80,80,80,80,80,80,87,87,87,87,87,87,87,60,60,60,60,60,60],"card_choices":[{"not_picked":["Battle Trance","Dropkick"],"picked":"Shrug It Off","floor":1},{"not_picked":["Battle Trance","Rage"],"picked":"Thunderclap","floor":2},{"not_picked":["Armaments","Heavy Blade"],"picked":"Uppercut","floor":3},{"not_picked":["Shrug It Off","Ghostly Armor"],"picked":"Iron Wave","floor":5},{"not_picked":["Hemokinesis","Rupture"],"picked":"Twin Strike","floor":6},{"not_picked":["Wild Strike","Sword Boomerang"],"picked":"Armaments","floor":10},{"not_picked":["Flex","Feel No Pain"],"picked":"Immolate","floor":11},{"not_picked":["Clash","Twin Strike"],"picked":"Shrug It Off","floor":14},{"not_picked":["Bludgeon","Feed"],"picked":"Reaper","floor":16},{"not_picked":["Anger+1","Body Slam"],"picked":"Combust+1","floor":18},{"not_picked":["Body Slam","Armaments","Twin Strike"],"picked":"SKIP","floor":19},{"not_picked":["Headbutt+1","Sword Boomerang","Iron Wave"],"picked":"SKIP","floor":22},{"not_picked":["Bludgeon","Power Through"],"picked":"True Grit","floor":24}],"player_experience":994989,"relics_obtained":[{"floor":6,"key":"Bag of Preparation"},{"floor":9,"key":"Smiling Mask"},{"floor":10,"key":"Happy Flower"},{"floor":14,"key":"Mummified Hand"},{"floor":24,"key":"The Courier"}],"event_choices":[{"damage_healed":0,"gold_gain":0,"player_choice":"Donut","damage_taken":0,"max_hp_gain":5,"max_hp_loss":0,"event_name":"Big Fish","floor":4,"gold_loss":0},{"damage_healed":0,"gold_gain":0,"player_choice":"Ignored","damage_taken":0,"max_hp_gain":0,"max_hp_loss":0,"event_name":"Liars Game","floor":8,"gold_loss":0},{"damage_healed":0,"gold_gain":0,"player_choice":"Searched \u00271\u0027 times","damage_taken":0,"relics_obtained":["Letter Opener"],"max_hp_gain":0,"max_hp_loss":0,"event_name":"Dead Adventurer","floor":12,"gold_loss":0},{"damage_healed":0,"gold_gain":0,"player_choice":"Became a vampire","damage_taken":0,"max_hp_gain":0,"max_hp_loss":27,"event_name":"Vampires","floor":20,"gold_loss":0,"cards_obtained":["Bite","Bite","Bite","Bite","Bite"]},{"damage_healed":0,"gold_gain":0,"player_choice":"Trade","damage_taken":0,"relics_obtained":["SsserpentHead"],"max_hp_gain":0,"max_hp_loss":0,"event_name":"FaceTrader","floor":21,"gold_loss":0}],"is_beta":false,"boss_relics":[{"not_picked":["Black Star","Calling Bell"],"picked":"Runic Pyramid"}],"items_purged_floors":[],"is_endless":false,"potions_floor_spawned":[2,3,11,16,18,24],"killed_by":"Sentry and Sphere","ascension_level":20}