{"gold_per_floor":[118,118,118,118,137,462,478,506,506,506,506],"floor_reached":11,"playtime":320,"items_purged":[],"score":89,"play_id":"d422a962-7a63-4a18-9f1b-d60ec016649b","local_time":"20190630112402","is_ascension_mode":true,"campfire_choices":[{"data":"Bloodletting","floor":10,"key":"SMITH"}],"neow_cost":"NONE","seed_source_timestamp":1165941844810470,"circlet_count":0,"master_deck":["Strike_R","Strike_R+1","Strike_R+1","Strike_R","Defend_R","Defend_R","Defend_R","Defend_R","Bash","Bloodletting+1","Rage","Searing Blow","Headbutt"],"relics":["Sozu","Old Coin","Magic Flower","Turnip"],"potions_floor_usage":[],"damage_taken":[{"damage":0,"enemies":"Jaw Worm","floor":1,"turns":3},{"damage":3,"enemies":"2 Louse","floor":5,"turns":3},{"damage":23,"enemies":"Gremlin Nob","floor":6,"turns":4},{"damage":0,"enemies":"Small Slimes","floor":7,"turns":3},{"damage":8,"enemies":"3 Sentries","floor":8,"turns":9},{"damage":30,"enemies":"The Mushroom Lair","floor":11,"turns":3}],"seed_played":"-6224630391876213556","potions_obtained":[],"is_trial":false,"path_per_floor":["M","?","?","?","M","E","M","E","T","R","?"],"character_chosen":"IRONCLAD","items_purchased":[],"campfire_rested":0,"item_purchase_floors":[],"current_hp_per_floor":[80,85,78,61,58,35,35,27,27,27,0],"gold":506,"neow_bonus":"BOSS_RELIC","is_prod":false,"is_daily":false,"chose_seed":false,"campfire_upgraded":1,"win_rate":0,"timestamp":1561919042,"path_taken":["M","?","?","?","M","E","?","E","T","R","?"],"build_version":"2019-01-23","purchased_purges":0,"victory":false,"max_hp_per_floor":[80,85,85,85,85,85,85,85,85,85,85],"card_choices":[{"not_picked":["Searing Blow","Sword Boomerang"],"picked":"Bloodletting","floor":1},{"not_picked":["Perfected Strike","Iron Wave"],"picked":"Rage","floor":5},{"not_picked":["Wild Strike","Fiend Fire"],"picked":"Searing Blow","floor":6},{"not_picked":["Sword Boomerang","Reckless Charge","Havoc"],"picked":"SKIP","floor":7},{"not_picked":["Carnage","Cleave"],"picked":"Headbutt","floor":8}],"player_experience":52523,"relics_obtained":[{"floor":6,"key":"Old Coin"},{"floor":8,"key":"Magic Flower"},{"floor":9,"key":"Turnip"}],"event_choices":[{"damage_healed":0,"gold_gain":0,"player_choice":"Donut","damage_taken":0,"max_hp_gain":5,"max_hp_loss":0,"event_name":"Big Fish","floor":2,"gold_loss":0},{"cards_removed":["Strike_R"],"damage_healed":0,"gold_gain":0,"player_choice":"Card Removal","damage_taken":7,"max_hp_gain":0,"max_hp_loss":0,"event_name":"Golden Wing","floor":3,"gold_loss":0},{"damage_healed":0,"gold_gain":0,"player_choice":"Entered Light","damage_taken":17,"max_hp_gain":0,"max_hp_loss":0,"event_name":"Shining Light","floor":4,"gold_loss":0,"cards_upgraded":["Strike_R","Strike_R"]},{"damage_healed":0,"gold_gain":0,"player_choice":"Fought Mushrooms","damage_taken":0,"max_hp_gain":0,"max_hp_loss":0,"event_name":"Mushrooms","floor":11,"gold_loss":0}],"is_beta":false,"boss_relics":[],"items_purged_floors":[],"is_endless":false,"potions_floor_spawned":[1,6],"killed_by":"The Mushroom Lair","ascension_level":2}