{"gold_per_floor":[116,116,25,40,90,115,115,147,173,173,192,221,236,268,268,345,345,362,28,28,38,58,58,91,91,91,91,91,117,9,35,35,110,110,126,146,196,208,220,249,249,82,382,409,409,420,420,83,83,83,83],"floor_reached":52,"playtime":2744,"items_purged":["Strike_B","Writhe","Strike_B+1"],"score":2163,"play_id":"f5a4f4cf-37d1-4396-b06c-fc2e5dfe4647","local_time":"20190621191328","is_ascension_mode":true,"campfire_choices":[{"data":"Doom and Gloom","floor":7,"key":"SMITH"},{"floor":10,"key":"REST"},{"data":"Buffer","floor":15,"key":"SMITH"},{"floor":23,"key":"REST"},{"floor":27,"key":"REST"},{"floor":32,"key":"REST"},{"floor":41,"key":"REST"},{"floor":45,"key":"REST"},{"data":"Machine Learning","floor":49,"key":"SMITH"}],"neow_cost":"TEN_PERCENT_HP_LOSS","seed_source_timestamp":671581306443070,"circlet_count":0,"master_deck":["AscendersBane","Strike_B+1","Defend_B+1","Defend_B+1","Defend_B+1","Defend_B+1","Zap","Dualcast","Lockon+1","Doom and Gloom+1","Ball Lightning","Conserve Battery","Buffer+1","Ball Lightning","Multi-Cast","Echo Form","Undo","Chill+1","Self Repair","Force Field+1","Machine Learning+1","Coolheaded","Thunder Strike","Compile Driver","Biased Cognition","Glacier+1"],"relics":["Cracked Core","Mango","Lantern","Ice Cream","Smiling Mask","Bag of Marbles","Dream Catcher","Nuclear Battery","Matryoshka","Bronze Scales","Gambling Chip","Strawberry","Juzu Bracelet","MutagenicStrength","Mummified Hand","Centennial Puzzle","Sozu","War Paint","DataDisk","Regal Pillow","Old Coin","Blue Candle","Bottled Tornado"],"potions_floor_usage":[4,29,51],"damage_taken":[{"damage":1,"enemies":"Cultist","floor":1,"turns":3},{"damage":7,"enemies":"Jaw Worm","floor":4,"turns":2},{"damage":18,"enemies":"3 Sentries","floor":6,"turns":4},{"damage":35,"enemies":"Lagavulin","floor":8,"turns":5},{"damage":3,"enemies":"Small Slimes","floor":11,"turns":2},{"damage":4,"enemies":"Gremlin Nob","floor":12,"turns":3},{"damage":1,"enemies":"Looter","floor":13,"turns":3},{"damage":10,"enemies":"Lagavulin","floor":14,"turns":5},{"damage":0,"enemies":"Slime Boss","floor":16,"turns":5},{"damage":0,"enemies":"Chosen","floor":18,"turns":3},{"damage":4,"enemies":"3 Byrds","floor":21,"turns":3},{"damage":21,"enemies":"Snecko","floor":22,"turns":5},{"damage":52,"enemies":"Slavers","floor":24,"turns":8},{"damage":1,"enemies":"Book of Stabbing","floor":29,"turns":6},{"damage":11,"enemies":"Gremlin Leader","floor":31,"turns":6},{"damage":0,"enemies":"Automaton","floor":33,"turns":10},{"damage":0,"enemies":"3 Shapes","floor":35,"turns":6},{"damage":1,"enemies":"Orb Walker","floor":36,"turns":2},{"damage":0,"enemies":"4 Shapes","floor":38,"turns":6},{"damage":9,"enemies":"3 Darklings","floor":39,"turns":4},{"damage":43,"enemies":"Nemesis","floor":40,"turns":7},{"damage":33,"enemies":"Reptomancer","floor":44,"turns":7},{"damage":0,"enemies":"Jaw Worm Horde","floor":46,"turns":4},{"damage":65,"enemies":"Time Eater","floor":50,"turns":14},{"damage":14,"enemies":"Awakened One","floor":51,"turns":20}],"seed_played":"-9083099656661863895","potions_obtained":[{"floor":4,"key":"Fruit Juice"},{"floor":11,"key":"Energy Potion"},{"floor":13,"key":"EssenceOfSteel"},{"floor":29,"key":"Dexterity Potion"}],"is_trial":false,"path_per_floor":["M","?","$","M","?","E","R","E","T","R","M","E","M","E","R","B",null,"M","$","?","M","M","R","E","?","T","R","?","E","$","E","R","B",null,"M","M","?","M","M","E","R","$","T","E","R","M","?","$","R","B","B",null],"character_chosen":"DEFECT","items_purchased":["Doom and Gloom","Ball Lightning","Matryoshka","Coolheaded","DataDisk","Bottled Tornado"],"campfire_rested":6,"item_purchase_floors":[3,3,19,30,42,48],"current_hp_per_floor":[77,77,77,75,75,57,57,22,22,46,43,39,38,28,28,28,69,69,69,69,65,44,68,16,16,23,50,50,56,56,52,79,86,89,90,90,90,90,81,45,72,72,72,46,88,88,88,88,88,30,23],"gold":83,"neow_bonus":"ONE_RARE_RELIC","is_prod":false,"is_daily":false,"chose_seed":false,"campfire_upgraded":3,"win_rate":0,"timestamp":1561158808,"path_taken":["M","?","?","M","?","E","R","E","T","R","?","E","M","E","R","BOSS","M","$","?","M","M","R","E","?","T","R","?","E","?","E","R","BOSS","M","M","?","M","M","E","R","?","T","E","R","M","?","$","R","BOSS","BOSS"],"build_version":"2019-01-23","purchased_purges":3,"victory":true,"max_hp_per_floor":[78,78,78,83,83,83,83,83,83,83,83,83,83,83,83,83,83,83,83,83,83,83,83,83,83,90,90,90,90,90,90,90,90,90,90,90,90,90,90,90,90,90,90,90,90,90,90,90,90,90,90],"card_choices":[{"not_picked":["Beam Cell","Hologram"],"picked":"Lockon","floor":1},{"not_picked":["Scrape","Ball Lightning"],"picked":"Conserve Battery","floor":4},{"not_picked":["Streamline","Beam Cell","Fusion"],"picked":"SKIP","floor":6},{"not_picked":["Cold Snap","Ball Lightning"],"picked":"Buffer","floor":8},{"not_picked":["Hello World","Scrape"],"picked":"Ball Lightning","floor":11},{"not_picked":["Go for the Eyes","Heatsinks","Gash"],"picked":"SKIP","floor":12},{"not_picked":["Auto Shields","Hello World","Go for the Eyes"],"picked":"SKIP","floor":13},{"not_picked":["Sweeping Beam","Redo"],"picked":"Multi-Cast","floor":14},{"not_picked":["Rainbow","Machine Learning"],"picked":"Echo Form","floor":16},{"not_picked":["Turbo","Leap","Redo"],"picked":"SKIP","floor":18},{"not_picked":["Leap+1","Hello World+1"],"picked":"Undo","floor":21},{"not_picked":["Undo","Rebound"],"picked":"Chill","floor":22},{"not_picked":["Go for the Eyes","All For One"],"picked":"Self Repair","floor":24},{"not_picked":["Ball Lightning","Streamline"],"picked":"Force Field+1","floor":27},{"not_picked":["Hologram","Sweeping Beam"],"picked":"Machine Learning","floor":29},{"not_picked":["Streamline","Go for the Eyes"],"picked":"Thunder Strike","floor":31},{"not_picked":["Cold Snap","Doom and Gloom"],"picked":"Compile Driver","floor":32},{"not_picked":["Creative AI","Multi-Cast"],"picked":"Biased Cognition","floor":33},{"not_picked":["Turbo","Reinforced Body","Chill"],"picked":"SKIP","floor":35},{"not_picked":["Rebound","Streamline","Go for the Eyes"],"picked":"SKIP","floor":36},{"not_picked":["Recycle","Sweeping Beam","FTL"],"picked":"SKIP","floor":38},{"not_picked":["Cold Snap","Stack","Leap"],"picked":"SKIP","floor":39},{"not_picked":["Double Energy+1","Thunder Strike"],"picked":"Glacier","floor":40},{"not_picked":["Doom and Gloom+1","Coolheaded","Genetic Algorithm"],"picked":"SKIP","floor":44},{"not_picked":["Undo","Coolheaded","Hologram"],"picked":"SKIP","floor":46}],"player_experience":950401,"relics_obtained":[{"floor":6,"key":"Lantern"},{"floor":8,"key":"Ice Cream"},{"floor":9,"key":"Smiling Mask"},{"floor":12,"key":"Bag of Marbles"},{"floor":14,"key":"Dream Catcher"},{"floor":24,"key":"Bronze Scales"},{"floor":26,"key":"Strawberry"},{"floor":26,"key":"Juzu Bracelet"},{"floor":29,"key":"Mummified Hand"},{"floor":31,"key":"Centennial Puzzle"},{"floor":40,"key":"War Paint"},{"floor":43,"key":"Regal Pillow"},{"floor":43,"key":"Old Coin"},{"floor":44,"key":"Blue Candle"}],"event_choices":[{"damage_healed":0,"gold_gain":0,"player_choice":"Upgraded","damage_taken":0,"max_hp_gain":0,"max_hp_loss":0,"event_name":"Upgrade Shrine","floor":2,"gold_loss":0,"cards_upgraded":["Lockon"]},{"damage_healed":0,"gold_gain":50,"player_choice":"Pray","damage_taken":0,"max_hp_gain":0,"max_hp_loss":0,"event_name":"Golden Shrine","floor":5,"gold_loss":0},{"damage_healed":0,"gold_gain":0,"player_choice":"Simplicity","damage_taken":0,"max_hp_gain":0,"max_hp_loss":0,"event_name":"Back to Basics","floor":20,"gold_loss":0,"cards_upgraded":["Strike_B","Strike_B","Strike_B","Defend_B","Defend_B","Defend_B","Defend_B"]},{"damage_healed":0,"gold_gain":0,"player_choice":"Opened","damage_taken":0,"relics_obtained":["Gambling Chip"],"max_hp_gain":0,"max_hp_loss":0,"event_name":"The Mausoleum","floor":25,"gold_loss":0,"cards_obtained":["Writhe"]},{"damage_healed":0,"gold_gain":0,"player_choice":"Inject Mutagens","damage_taken":0,"relics_obtained":["MutagenicStrength"],"max_hp_gain":0,"max_hp_loss":0,"event_name":"Drug Dealer","floor":28,"gold_loss":0},{"damage_healed":0,"gold_gain":50,"player_choice":"Pray","damage_taken":0,"max_hp_gain":0,"max_hp_loss":0,"event_name":"Golden Shrine","floor":37,"gold_loss":0},{"cards_removed":["Strike_B"],"damage_healed":0,"gold_gain":0,"player_choice":"Removed Attack","damage_taken":0,"max_hp_gain":0,"max_hp_loss":0,"event_name":"Falling","floor":47,"gold_loss":0}],"is_beta":false,"boss_relics":[{"not_picked":["Runic Dome","Velvet Choker"],"picked":"Nuclear Battery"},{"not_picked":["White Beast Statue","Philosopher\u0027s Stone"],"picked":"Sozu"}],"items_purged_floors":[19,30,48],"is_endless":false,"potions_floor_spawned":[4,11,13,18,21,22,29,36,46],"ascension_level":20}