{"gold_per_floor":[110,110,120,295,308,308,326,326,371,381,398,398,421,433,433,433],"floor_reached":16,"playtime":492,"items_purged":[],"score":150,"play_id":"abe86f9c-ba56-4e77-bf45-f1a84c2e986a","local_time":"20180819094924","is_ascension_mode":true,"campfire_choices":[{"data":"Sucker Punch","floor":6,"key":"SMITH"},{"data":"Dagger Spray","floor":8,"key":"SMITH"},{"floor":15,"key":"REST"}],"neow_cost":"NONE","seed_source_timestamp":234815086604246,"circlet_count":0,"master_deck":["Defend_G","Defend_G","Defend_G","Defend_G","Defend_G","Strike_G","Strike_G","Strike_G","Strike_G","Strike_G","Survivor","Neutralize+1","AscendersBane","Dagger Spray+1","Prepared","Doubt","Sucker Punch+1","Backflip","Quick Slash"],"relics":["Ring of the Snake","Centennial Puzzle","Snake Skull","Anchor"],"potions_floor_usage":[11],"damage_taken":[{"damage":0,"enemies":"Cultist","floor":1,"turns":5},{"damage":4,"enemies":"Small Slimes","floor":3,"turns":3},{"damage":0,"enemies":"2 Louse","floor":5,"turns":2},{"damage":35,"enemies":"Gremlin Gang","floor":7,"turns":4},{"damage":0,"enemies":"3 Louse","floor":10,"turns":3},{"damage":1,"enemies":"Red Slaver","floor":11,"turns":3},{"damage":11,"enemies":"Large Slime","floor":14,"turns":6},{"damage":67,"enemies":"The Guardian","floor":16,"turns":8}],"seed_played":"8552301680821567497","potions_obtained":[{"floor":3,"key":"LiquidBronze"},{"floor":7,"key":"Poison Potion"},{"floor":10,"key":"AttackPotion"},{"floor":11,"key":"GhostInAJar"}],"is_trial":false,"path_per_floor":["M","?","M","?","M","R","M","R","T","M","M","?","T","M","R"],"character_chosen":"THE_SILENT","items_purchased":[],"campfire_rested":1,"item_purchase_floors":[],"current_hp_per_floor":[63,63,59,59,59,59,24,24,24,24,23,23,23,12,33,0],"gold":433,"neow_bonus":"RANDOM_COMMON_RELIC","is_prod":false,"is_daily":false,"chose_seed":false,"campfire_upgraded":2,"win_rate":0,"timestamp":1534697364,"path_taken":["M","?","M","?","M","R","?","R","T","M","M","?","?","?","R","BOSS"],"build_version":"2018-08-16","purchased_purges":0,"victory":false,"max_hp_per_floor":[70,70,70,70,70,70,70,70,70,70,70,70,70,70,70,70],"card_choices":[{"not_picked":["Outmaneuver","Blade Dance"],"picked":"Dagger Spray","floor":1},{"not_picked":["Outmaneuver","Underhanded Strike"],"picked":"Prepared","floor":3},{"not_picked":["Choke","Flying Knee"],"picked":"Sucker Punch","floor":5},{"not_picked":["Blade Dance","Slice","Bane"],"picked":"SKIP","floor":7},{"not_picked":["Dodge and Roll","Deflect"],"picked":"Backflip","floor":10},{"not_picked":["Deflect","Poisoned Stab"],"picked":"Quick Slash","floor":11},{"not_picked":["Blade Dance","Dodge and Roll","Tactician"],"picked":"SKIP","floor":14}],"player_experience":783292,"relics_obtained":[{"floor":9,"key":"Snake Skull"},{"floor":13,"key":"Anchor"}],"event_choices":[{"event_name":"Accursed Blacksmith","player_choice":"Forge","floor":2,"damage_taken":0},{"event_name":"Liars Game","player_choice":"agreed","floor":4,"damage_taken":0},{"event_name":"The Woman in Blue","player_choice":"Bought 0 Potions","floor":12,"damage_taken":0}],"is_beta":true,"boss_relics":[],"items_purged_floors":[],"is_endless":false,"potions_floor_spawned":[3,7,10,11],"killed_by":"The Guardian","ascension_level":12}