{"gold_per_floor":[109,121,67,67,67,67,94,111,165,177,196,196,213,21,21,95,95,71,81,38,1,1,1,1,1,1,1,11,26,55,67,67,145,145,160,179,179,205,205,239,257,257,304,304,319,51,51,62,62,62],"floor_reached":50,"playtime":3233,"items_purged":["Parasite"],"score":1009,"play_id":"2fef0853-fba6-4342-bfa7-2e7de560a035","local_time":"20190608130321","is_ascension_mode":true,"campfire_choices":[{"data":"Predator","floor":6,"key":"SMITH"},{"data":"Leg Sweep","floor":12,"key":"SMITH"},{"data":"Well Laid Plans","floor":15,"key":"SMITH"},{"data":"A Thousand Cuts","floor":23,"key":"SMITH"},{"data":"Noxious Fumes","floor":25,"key":"SMITH"},{"data":"Catalyst","floor":32,"key":"SMITH"},{"data":"After Image","floor":42,"key":"SMITH"},{"data":"Metamorphosis","floor":47,"key":"SMITH"},{"data":"Calculated Gamble","floor":49,"key":"SMITH"}],"neow_cost":"CURSE","seed_source_timestamp":389570685883749,"circlet_count":0,"master_deck":["AscendersBane","Defend_G","Defend_G","Defend_G","Defend_G","Defend_G","Survivor","Neutralize","Predator+1","Quick Slash","Crippling Poison","Leg Sweep+1","Heel Hook","Leg Sweep","Well Laid Plans+1","Terror","A Thousand Cuts+1","PiercingWail","Caltrops","Infinite Blades+1","Noxious Fumes+1","Bite+1","Bite","Bite+1","Bite","Bite","Catalyst+1","Noxious Fumes+1","Dash","PiercingWail","After Image+1","Metamorphosis+1","Calculated Gamble+1","Accuracy"],"relics":["Ring of the Snake","Bird Faced Urn","Dream Catcher","Lantern","Coffee Dripper","Smiling Mask","Whetstone","Busted Crown","Bag of Preparation","Potion Belt","Pen Nib"],"potions_floor_usage":[11,28,30,33,40,50],"damage_taken":[{"damage":11,"enemies":"Cultist","floor":1,"turns":4},{"damage":1,"enemies":"Jaw Worm","floor":2,"turns":3},{"damage":30,"enemies":"3 Sentries","floor":7,"turns":10},{"damage":2,"enemies":"2 Louse","floor":8,"turns":3},{"damage":3,"enemies":"Blue Slaver","floor":10,"turns":4},{"damage":0,"enemies":"Lots of Slimes","floor":11,"turns":1},{"damage":0,"enemies":"3 Louse","floor":13,"turns":3},{"damage":4,"enemies":"The Guardian","floor":16,"turns":15},{"damage":11,"enemies":"2 Thieves","floor":18,"turns":4},{"damage":11,"enemies":"Chosen","floor":19,"turns":7},{"damage":6,"enemies":"Shelled Parasite and Fungi","floor":28,"turns":6},{"damage":21,"enemies":"Snecko","floor":29,"turns":5},{"damage":19,"enemies":"Book of Stabbing","floor":30,"turns":5},{"damage":16,"enemies":"Sentry and Sphere","floor":31,"turns":5},{"damage":43,"enemies":"Automaton","floor":33,"turns":10},{"damage":0,"enemies":"3 Shapes","floor":35,"turns":4},{"damage":6,"enemies":"Orb Walker","floor":36,"turns":4},{"damage":19,"enemies":"Nemesis","floor":40,"turns":7},{"damage":41,"enemies":"3 Darklings","floor":41,"turns":11},{"damage":24,"enemies":"Spire Growth","floor":45,"turns":6},{"damage":16,"enemies":"Maw","floor":48,"turns":7},{"damage":72,"enemies":"Time Eater","floor":50,"turns":8}],"seed_played":"-3893191828416439351","potions_obtained":[{"floor":2,"key":"SteroidPotion"},{"floor":8,"key":"AttackPotion"},{"floor":11,"key":"Weak Potion"},{"floor":16,"key":"GhostInAJar"},{"floor":28,"key":"Swift Potion"},{"floor":36,"key":"SkillPotion"},{"floor":45,"key":"PowerPotion"}],"is_trial":false,"path_per_floor":["M","M","?","?","?","R","E","M","T","M","M","R","M","$","R","B",null,"M","M","$","$","?","R","?","R","T","$","M","M","E","M","R","B",null,"M","M","$","T","$","E","M","R","T","?","M","$","R","M","R","B"],"character_chosen":"THE_SILENT","items_purchased":["Well Laid Plans","Terror","Infinite Blades","Noxious Fumes","Metamorphosis","Calculated Gamble"],"campfire_rested":0,"item_purchase_floors":[14,14,20,21,46,46],"current_hp_per_floor":[48,47,47,47,52,52,22,20,20,17,17,17,17,17,17,15,55,48,41,41,41,41,41,41,41,41,41,46,34,35,37,37,25,42,47,47,47,47,47,33,39,39,39,39,31,31,31,40,40,0],"gold":62,"neow_bonus":"ONE_RARE_RELIC","is_prod":false,"is_daily":false,"chose_seed":false,"campfire_upgraded":9,"win_rate":0,"timestamp":1560013401,"path_taken":["M","M","?","?","?","R","E","M","T","M","M","R","?","$","R","BOSS","M","M","?","$","?","R","?","R","T","$","?","M","E","M","R","BOSS","M","M","?","?","?","E","M","R","T","?","M","$","R","M","R","BOSS"],"build_version":"2019-01-23","purchased_purges":1,"victory":false,"max_hp_per_floor":[66,66,66,66,71,71,71,71,71,71,71,71,71,68,68,68,68,68,68,68,68,47,47,47,47,47,47,47,47,47,47,47,47,47,47,47,47,47,47,47,47,47,47,47,47,47,47,47,47,47],"card_choices":[{"not_picked":["Escape Plan","Infinite Blades"],"picked":"Predator","floor":1},{"not_picked":["Crippling Poison","Choke"],"picked":"Quick Slash","floor":2},{"not_picked":["Choke","Setup"],"picked":"Crippling Poison","floor":7},{"not_picked":["PiercingWail","Prepared"],"picked":"Leg Sweep","floor":8},{"not_picked":["Deflect","Outmaneuver"],"picked":"Heel Hook","floor":10},{"not_picked":["Grand Finale","Reflex","Slice"],"picked":"SKIP","floor":11},{"not_picked":["Quick Slash","Crippling Poison"],"picked":"Leg Sweep","floor":13},{"not_picked":["Storm of Steel","Adrenaline"],"picked":"A Thousand Cuts","floor":16},{"not_picked":["Heel Hook","Deadly Poison+1"],"picked":"PiercingWail","floor":18},{"not_picked":["Cloak And Dagger","Calculated Gamble"],"picked":"Caltrops","floor":19},{"not_picked":["Cloak And Dagger","Deadly Poison"],"picked":"Catalyst","floor":28},{"not_picked":["Dodge and Roll","Finisher"],"picked":"Noxious Fumes+1","floor":29},{"not_picked":["Dagger Throw","Underhanded Strike"],"picked":"Dash","floor":30},{"not_picked":["Outmaneuver","Endless Agony"],"picked":"PiercingWail","floor":31},{"not_picked":["Malaise","Venomology"],"picked":"After Image","floor":33},{"not_picked":["Cloak And Dagger+1"],"picked":"SKIP","floor":35},{"not_picked":["Slice"],"picked":"SKIP","floor":36},{"not_picked":["Underhanded Strike"],"picked":"SKIP","floor":40},{"not_picked":["Blade Dance"],"picked":"SKIP","floor":41},{"not_picked":["Noxious Fumes"],"picked":"SKIP","floor":45},{"not_picked":[],"picked":"Accuracy","floor":48}],"player_experience":867614,"relics_obtained":[{"floor":7,"key":"Dream Catcher"},{"floor":9,"key":"Lantern"},{"floor":26,"key":"Smiling Mask"},{"floor":30,"key":"Whetstone"},{"floor":38,"key":"Bag of Preparation"},{"floor":40,"key":"Potion Belt"},{"floor":43,"key":"Pen Nib"}],"event_choices":[{"damage_healed":0,"gold_gain":0,"player_choice":"Left Gold","damage_taken":0,"max_hp_gain":0,"max_hp_loss":0,"event_name":"World of Goop","floor":3,"gold_loss":54},{"damage_healed":0,"gold_gain":0,"player_choice":"Ignored","damage_taken":0,"max_hp_gain":0,"max_hp_loss":0,"event_name":"Liars Game","floor":4,"gold_loss":0},{"damage_healed":0,"gold_gain":0,"player_choice":"Donut","damage_taken":0,"max_hp_gain":5,"max_hp_loss":0,"event_name":"Big Fish","floor":5,"gold_loss":0},{"damage_healed":0,"gold_gain":0,"player_choice":"Became a vampire","damage_taken":0,"max_hp_gain":0,"max_hp_loss":21,"event_name":"Vampires","floor":22,"gold_loss":0,"cards_obtained":["Bite","Bite","Bite","Bite","Bite"]},{"damage_healed":0,"gold_gain":0,"player_choice":"Upgraded","damage_taken":0,"max_hp_gain":0,"max_hp_loss":0,"event_name":"Upgrade Shrine","floor":24,"gold_loss":0,"cards_upgraded":["Infinite Blades"]},{"damage_healed":0,"gold_gain":0,"player_choice":"Ignored","damage_taken":0,"max_hp_gain":0,"max_hp_loss":0,"event_name":"Mysterious Sphere","floor":44,"gold_loss":0}],"is_beta":false,"boss_relics":[{"not_picked":["Pandora\u0027s Box","Empty Cage"],"picked":"Coffee Dripper"},{"not_picked":["WristBlade","Velvet Choker"],"picked":"Busted Crown"}],"items_purged_floors":[14],"is_endless":false,"potions_floor_spawned":[2,8,11,13,16,28,36,45],"killed_by":"Time Eater","ascension_level":20}