{"gold_per_floor":[115,12,22,22,32,58,58,77,77,20,20,46,63,63,63,63],"floor_reached":16,"playtime":497,"items_purged":["Regret"],"score":209,"play_id":"f02ae669-ee93-4541-b522-8201d00092be","local_time":"20190617214620","is_ascension_mode":true,"campfire_choices":[{"data":"Dash","floor":7,"key":"SMITH"},{"data":"Deadly Poison","floor":11,"key":"SMITH"},{"floor":15,"key":"REST"}],"neow_cost":"CURSE","seed_source_timestamp":428016154433458,"circlet_count":0,"master_deck":["AscendersBane","Defend_G","Defend_G","Defend_G","Defend_G","Defend_G","Strike_G","Strike_G","Strike_G","Strike_G","Strike_G","Survivor","Neutralize","Dash+1","Deadly Poison+1","Dagger Spray","Quick Slash","Cloak And Dagger","Well Laid Plans+1","All Out Attack","Deflect"],"relics":["Ring of the Snake","Unceasing Top","Frozen Egg 2","Du-Vu Doll","Ice Cream","Centennial Puzzle"],"potions_floor_usage":[6,6,8,16],"damage_taken":[{"damage":8,"enemies":"2 Louse","floor":1,"turns":3},{"damage":1,"enemies":"Cultist","floor":3,"turns":4},{"damage":0,"enemies":"Small Slimes","floor":5,"turns":2},{"damage":12,"enemies":"3 Sentries","floor":6,"turns":7},{"damage":0,"enemies":"Looter","floor":8,"turns":3},{"damage":30,"enemies":"Gremlin Nob","floor":12,"turns":4},{"damage":0,"enemies":"Exordium Wildlife","floor":13,"turns":2},{"damage":43,"enemies":"Slime Boss","floor":16,"turns":8}],"seed_played":"868945119713660911","potions_obtained":[{"floor":1,"key":"AttackPotion"},{"floor":3,"key":"Block Potion"},{"floor":6,"key":"Block Potion"},{"floor":13,"key":"Fire Potion"}],"is_trial":false,"path_per_floor":["M","$","M","$","M","E","R","M","T","?","R","E","M","?","R","B"],"character_chosen":"THE_SILENT","items_purchased":["Deadly Poison"],"campfire_rested":1,"item_purchase_floors":[2],"current_hp_per_floor":[51,51,50,50,50,38,38,38,38,38,38,8,8,8,27,0],"gold":63,"neow_bonus":"ONE_RARE_RELIC","is_prod":false,"is_daily":false,"chose_seed":false,"campfire_upgraded":2,"win_rate":0,"timestamp":1560833180,"path_taken":["M","$","M","$","M","E","R","M","T","?","R","E","?","?","R","BOSS"],"build_version":"2019-01-23","purchased_purges":1,"victory":false,"max_hp_per_floor":[66,66,66,66,66,66,66,66,66,66,66,66,66,66,66,66],"card_choices":[{"not_picked":["Endless Agony","Flying Knee"],"picked":"Dash","floor":1},{"not_picked":["Calculated Gamble","Terror"],"picked":"Dagger Spray","floor":3},{"not_picked":["Accuracy","Bane"],"picked":"Quick Slash","floor":5},{"not_picked":["Underhanded Strike","Flying Knee"],"picked":"Cloak And Dagger","floor":6},{"not_picked":["Skewer","Outmaneuver"],"picked":"Well Laid Plans+1","floor":8},{"not_picked":["PiercingWail","Sucker Punch"],"picked":"All Out Attack","floor":12},{"not_picked":["Dodge and Roll","PiercingWail"],"picked":"Deflect","floor":13}],"player_experience":1029098,"relics_obtained":[{"floor":6,"key":"Frozen Egg 2"},{"floor":9,"key":"Du-Vu Doll"},{"floor":12,"key":"Centennial Puzzle"}],"event_choices":[{"damage_healed":0,"gold_gain":0,"player_choice":"Paid Gold","damage_taken":0,"relics_obtained":["Ice Cream"],"max_hp_gain":0,"max_hp_loss":0,"event_name":"WeMeetAgain","floor":10,"gold_loss":57},{"damage_healed":0,"gold_gain":0,"player_choice":"Fled","damage_taken":0,"max_hp_gain":0,"max_hp_loss":0,"event_name":"Scrap Ooze","floor":14,"gold_loss":0}],"is_beta":false,"boss_relics":[],"items_purged_floors":[2],"is_endless":false,"potions_floor_spawned":[1,3,6,13],"killed_by":"Slime Boss","ascension_level":18}