{"gold_per_floor":[113,38,38,38,52,52,52,87,87,87,87,108,8,26,26,121,121,146,160,180,70,95,95,95],"floor_reached":24,"playtime":892,"items_purged":["Strike_G","Pain"],"score":431,"play_id":"32b385ae-38a6-46bb-a6a0-85bb2b28f746","local_time":"20190526224436","is_ascension_mode":true,"campfire_choices":[{"data":"Neutralize","floor":6,"key":"SMITH"},{"data":"Storm of Steel","floor":15,"key":"SMITH"},{"floor":23,"key":"REST"}],"neow_cost":"NONE","seed_source_timestamp":797173657518177,"circlet_count":0,"master_deck":["AscendersBane","Defend_G","Defend_G","Defend_G","Defend_G","Defend_G","Strike_G","Strike_G","Strike_G","Strike_G","Survivor","Neutralize+1","Dagger Throw","Dagger Throw","Storm of Steel+1","Dagger Spray+1","Cloak And Dagger","Wraith Form v2","Deflect+1"],"relics":["Ring of the Snake","NeowsBlessing","WarpedTongs","Golden Idol","Kunai","Incense Burner","Busted Crown"],"potions_floor_usage":[16,18,18,19,22,24],"damage_taken":[{"damage":0,"enemies":"Jaw Worm","floor":1,"turns":1},{"damage":0,"enemies":"2 Louse","floor":5,"turns":1},{"damage":3,"enemies":"3 Sentries","floor":8,"turns":1},{"damage":3,"enemies":"Cultist","floor":12,"turns":4},{"damage":3,"enemies":"Blue Slaver","floor":14,"turns":3},{"damage":15,"enemies":"Hexaghost","floor":16,"turns":10},{"damage":0,"enemies":"Chosen","floor":18,"turns":3},{"damage":1,"enemies":"Spheric Guardian","floor":19,"turns":4},{"damage":14,"enemies":"Shelled Parasite and Fungi","floor":20,"turns":7},{"damage":11,"enemies":"Chosen and Byrds","floor":22,"turns":8},{"damage":61,"enemies":"Book of Stabbing","floor":24,"turns":8}],"seed_played":"-1312501342314716977","potions_obtained":[{"floor":8,"key":"Fire Potion"},{"floor":14,"key":"Strength Potion"},{"floor":16,"key":"SteroidPotion"},{"floor":18,"key":"PowerPotion"},{"floor":20,"key":"SkillPotion"},{"floor":22,"key":"FearPotion"}],"is_trial":false,"path_per_floor":["M","$","?","?","M","R","?","E","T","$","?","M","$","M","R","B",null,"M","M","M","?","M","R","E"],"character_chosen":"THE_SILENT","items_purchased":[],"campfire_rested":1,"item_purchase_floors":[],"current_hp_per_floor":[59,59,59,59,59,59,59,56,56,56,61,58,58,55,55,40,63,63,62,48,48,37,58,0],"gold":95,"neow_bonus":"THREE_ENEMY_KILL","is_prod":false,"is_daily":false,"chose_seed":false,"campfire_upgraded":2,"win_rate":0,"timestamp":1558925076,"path_taken":["M","$","?","?","?","R","?","E","T","$","?","M","?","?","R","BOSS","M","?","M","?","M","R","E"],"build_version":"2019-01-23","purchased_purges":2,"victory":false,"max_hp_per_floor":[66,66,66,66,66,66,66,66,66,66,71,71,71,71,71,71,71,71,71,71,71,71,71,71],"card_choices":[{"not_picked":["Deflect","Sucker Punch"],"picked":"Dagger Throw","floor":1},{"not_picked":["Quick Slash","Flying Knee"],"picked":"Dagger Throw","floor":5},{"not_picked":["Outmaneuver","Cloak And Dagger"],"picked":"Storm of Steel","floor":8},{"not_picked":["Bane","Well Laid Plans"],"picked":"Dagger Spray","floor":12},{"not_picked":["Accuracy","Acrobatics"],"picked":"Cloak And Dagger","floor":14},{"not_picked":["Unload","Doppelganger"],"picked":"Wraith Form v2","floor":16},{"not_picked":["Acrobatics"],"picked":"SKIP","floor":18},{"not_picked":["Endless Agony"],"picked":"SKIP","floor":19},{"not_picked":["Flying Knee"],"picked":"SKIP","floor":20},{"not_picked":[],"picked":"Deflect+1","floor":22}],"player_experience":772660,"relics_obtained":[{"floor":8,"key":"Kunai"},{"floor":9,"key":"Incense Burner"}],"event_choices":[{"damage_healed":0,"gold_gain":0,"player_choice":"Ignored","damage_taken":0,"max_hp_gain":0,"max_hp_loss":0,"event_name":"Liars Game","floor":3,"gold_loss":0},{"damage_healed":0,"gold_gain":0,"player_choice":"Rummage","damage_taken":0,"relics_obtained":["WarpedTongs"],"max_hp_gain":0,"max_hp_loss":0,"event_name":"Accursed Blacksmith","floor":4,"gold_loss":0,"cards_obtained":["Pain"]},{"damage_healed":0,"gold_gain":0,"player_choice":"Take Wound","damage_taken":0,"relics_obtained":["Golden Idol"],"max_hp_gain":0,"max_hp_loss":0,"event_name":"Golden Idol","floor":7,"gold_loss":0,"cards_obtained":["Injury"]},{"damage_healed":0,"gold_gain":0,"player_choice":"Donut","damage_taken":0,"max_hp_gain":5,"max_hp_loss":0,"event_name":"Big Fish","floor":11,"gold_loss":0},{"cards_removed":["Injury"],"damage_healed":0,"gold_gain":0,"player_choice":"Upgrade and Remove","damage_taken":0,"max_hp_gain":0,"max_hp_loss":0,"event_name":"Designer","floor":21,"gold_loss":110,"cards_upgraded":["Dagger Spray"]}],"is_beta":false,"boss_relics":[{"not_picked":["Eternal Feather","Ring of the Serpent"],"picked":"Busted Crown"}],"items_purged_floors":[2,13],"is_endless":false,"potions_floor_spawned":[8,14,16,18,20,22],"killed_by":"Book of Stabbing","ascension_level":19}