{"gold_per_floor":[110,110,129,129,148,148,158,192,218,218],"floor_reached":10,"playtime":295,"items_purged":[],"score":126,"play_id":"971f628c-e2c2-4bd5-88e8-01a7c151ef79","local_time":"20190607190930","is_ascension_mode":true,"campfire_choices":[{"data":"Neutralize","floor":6,"key":"SMITH"}],"neow_cost":"NONE","seed_source_timestamp":532327895089029,"circlet_count":0,"master_deck":["AscendersBane","Defend_G","Defend_G","Defend_G","Defend_G","Defend_G","Strike_G","Strike_G","Strike_G","Strike_G","Strike_G","Survivor","Neutralize+1","Cloak And Dagger","Underhanded Strike","Acrobatics","A Thousand Cuts"],"relics":["Ring of the Snake","NeowsBlessing","Lantern","Regal Pillow","Bronze Scales"],"potions_floor_usage":[8,10],"damage_taken":[{"damage":0,"enemies":"Cultist","floor":1,"turns":1},{"damage":0,"enemies":"2 Louse","floor":3,"turns":1},{"damage":0,"enemies":"Jaw Worm","floor":5,"turns":1},{"damage":2,"enemies":"2 Fungi Beasts","floor":7,"turns":4},{"damage":37,"enemies":"Lagavulin","floor":8,"turns":8},{"damage":23,"enemies":"Large Slime","floor":10,"turns":6}],"seed_played":"-9119735951996563370","potions_obtained":[{"floor":4,"key":"SneckoOil"},{"floor":4,"key":"SpeedPotion"},{"floor":5,"key":"Strength Potion"}],"is_trial":false,"path_per_floor":["M","?","M","?","M","R","M","E","T","M"],"character_chosen":"THE_SILENT","items_purchased":[],"campfire_rested":0,"item_purchase_floors":[],"current_hp_per_floor":[59,59,59,59,59,59,57,20,20,0],"gold":218,"neow_bonus":"THREE_ENEMY_KILL","is_prod":false,"is_daily":false,"chose_seed":false,"campfire_upgraded":1,"win_rate":0,"timestamp":1559959770,"path_taken":["M","?","?","?","?","R","M","E","T","M"],"build_version":"2019-01-23","purchased_purges":0,"victory":false,"max_hp_per_floor":[66,66,66,66,66,66,66,66,66,66],"card_choices":[{"not_picked":["Blade Dance","Tactician"],"picked":"PiercingWail","floor":1},{"not_picked":["Well Laid Plans","PiercingWail"],"picked":"Cloak And Dagger","floor":3},{"not_picked":["Deflect","Terror"],"picked":"Underhanded Strike","floor":5},{"not_picked":["Dagger Throw","Bane"],"picked":"Acrobatics","floor":7},{"not_picked":["Infinite Blades","Skewer"],"picked":"A Thousand Cuts","floor":8}],"player_experience":964606,"relics_obtained":[{"floor":8,"key":"Regal Pillow"},{"floor":9,"key":"Bronze Scales"}],"event_choices":[{"cards_removed":["PiercingWail"],"damage_healed":0,"gold_gain":0,"player_choice":"Gave Card","damage_taken":0,"relics_obtained":["Lantern"],"max_hp_gain":0,"max_hp_loss":0,"event_name":"WeMeetAgain","floor":2,"gold_loss":0},{"damage_healed":0,"gold_gain":0,"player_choice":"Got Potions","damage_taken":0,"max_hp_gain":0,"max_hp_loss":0,"event_name":"Lab","floor":4,"gold_loss":0}],"is_beta":false,"boss_relics":[],"items_purged_floors":[],"is_endless":false,"potions_floor_spawned":[5,7],"killed_by":"Large Slime","ascension_level":17}