{"gold_per_floor":[119,129,129,149,1,34,102,102,102,120,120,149,167,182,182,258,258,258,308,327,388,42,73,73],"floor_reached":24,"playtime":1251,"items_purged":["Strike_R"],"score":405,"play_id":"4144925a-c406-4712-91bb-1c56056efc53","local_time":"20190316142559","is_ascension_mode":true,"campfire_choices":[{"floor":8,"key":"REST"},{"data":"Armaments","floor":11,"key":"SMITH"},{"floor":15,"key":"REST"}],"neow_cost":"PERCENT_DAMAGE","seed_source_timestamp":2484029438268462,"circlet_count":0,"master_deck":["AscendersBane","Strike_R","Strike_R","Strike_R","Defend_R","Defend_R","Defend_R","Defend_R","Bash","Brutality","Whirlwind","Rupture","Thunderclap","Heavy Blade","Bandage Up","Shrug It Off","Armaments+1","Feed","Feed","Armaments","Immolate","Heavy Blade","True Grit","Demon Form"],"relics":["Burning Blood","SsserpentHead","Smiling Mask","Bag of Marbles","Mercury Hourglass","Philosopher\u0027s Stone","Prayer Wheel","Girya"],"potions_floor_usage":[6,14,16,18,24],"damage_taken":[{"damage":1,"enemies":"Cultist","floor":1,"turns":4},{"damage":7,"enemies":"Small Slimes","floor":2,"turns":4},{"damage":21,"enemies":"Jaw Worm","floor":4,"turns":5},{"damage":43,"enemies":"Lagavulin","floor":6,"turns":6},{"damage":0,"enemies":"2 Fungi Beasts","floor":7,"turns":3},{"damage":5,"enemies":"Red Slaver","floor":10,"turns":5},{"damage":43,"enemies":"3 Sentries","floor":12,"turns":8},{"damage":19,"enemies":"Large Slime","floor":13,"turns":6},{"damage":7,"enemies":"Exordium Wildlife","floor":14,"turns":3},{"damage":48,"enemies":"The Guardian","floor":16,"turns":12},{"damage":0,"enemies":"Shell Parasite","floor":18,"turns":1},{"damage":31,"enemies":"Spheric Guardian","floor":20,"turns":5},{"damage":30,"enemies":"Centurion and Healer","floor":21,"turns":6},{"damage":41,"enemies":"Slavers","floor":23,"turns":5},{"damage":18,"enemies":"Snecko","floor":24,"turns":3}],"seed_played":"-1764470775038419579","potions_obtained":[{"floor":4,"key":"Strength Potion"},{"floor":6,"key":"Swift Potion"},{"floor":7,"key":"SpeedPotion"},{"floor":16,"key":"SmokeBomb"},{"floor":23,"key":"GamblersBrew"}],"is_trial":false,"path_per_floor":["M","M","?","M","$","E","M","R","T","M","R","E","M","M","R","B",null,"M","?","M","M","$","E","M"],"character_chosen":"IRONCLAD","items_purchased":["Heavy Blade","Bandage Up","Prayer Wheel"],"campfire_rested":2,"item_purchase_floors":[5,5,22],"current_hp_per_floor":[56,55,55,40,40,7,17,41,41,46,46,18,15,21,48,14,76,82,82,67,47,47,16,0],"gold":73,"neow_bonus":"THREE_RARE_CARDS","is_prod":false,"is_daily":false,"chose_seed":false,"campfire_upgraded":1,"win_rate":0,"timestamp":1552760759,"path_taken":["M","?","?","M","$","E","?","R","T","M","R","E","M","M","R","BOSS","M","?","M","?","$","E","M"],"build_version":"2019-01-23","purchased_purges":1,"victory":false,"max_hp_per_floor":[80,80,80,80,80,80,80,80,80,80,80,83,89,92,92,96,96,96,96,100,100,100,100,100],"card_choices":[{"not_picked":["Exhume","Dark Embrace"],"picked":"Brutality","floor":0},{"not_picked":["Armaments","Iron Wave"],"picked":"Whirlwind","floor":1},{"not_picked":["Feel No Pain","Pommel Strike"],"picked":"Rupture","floor":2},{"not_picked":["Reckless Charge","Flex"],"picked":"Thunderclap","floor":4},{"not_picked":["Burning Pact","Pommel Strike"],"picked":"Shrug It Off","floor":6},{"not_picked":["Infernal Blade","Heavy Blade"],"picked":"Armaments","floor":7},{"not_picked":["Flex","Power Through"],"picked":"Feed","floor":10},{"not_picked":["Havoc","Flame Barrier"],"picked":"Feed","floor":12},{"not_picked":["Body Slam","Clash"],"picked":"Armaments","floor":13},{"not_picked":["Dual Wield","Hemokinesis","Warcry"],"picked":"SKIP","floor":14},{"not_picked":["Fiend Fire","Demon Form"],"picked":"Immolate","floor":16},{"not_picked":["Inflame","Power Through"],"picked":"Heavy Blade","floor":20},{"not_picked":["Power Through","Sentinel"],"picked":"True Grit","floor":21},{"not_picked":["Burning Pact","Havoc"],"picked":"Demon Form","floor":23}],"player_experience":399420,"relics_obtained":[{"floor":6,"key":"Smiling Mask"},{"floor":9,"key":"Bag of Marbles"},{"floor":12,"key":"Mercury Hourglass"},{"floor":23,"key":"Girya"}],"event_choices":[{"damage_healed":0,"gold_gain":0,"player_choice":"Trade","damage_taken":0,"relics_obtained":["SsserpentHead"],"max_hp_gain":0,"max_hp_loss":0,"event_name":"FaceTrader","floor":3,"gold_loss":0},{"cards_removed":["Strike_R"],"damage_healed":0,"gold_gain":0,"player_choice":"Purged","damage_taken":0,"max_hp_gain":0,"max_hp_loss":0,"event_name":"Purifier","floor":19,"gold_loss":0}],"is_beta":false,"boss_relics":[{"not_picked":["Coffee Dripper","Runic Cube"],"picked":"Philosopher\u0027s Stone"}],"items_purged_floors":[22],"is_endless":false,"potions_floor_spawned":[4,6,7,16,23],"killed_by":"Snecko","ascension_level":13}