{"gold_per_floor":[112,112,112,124,134,160,160,260,313,343,360,393,119,119,119,119],"floor_reached":16,"playtime":485,"items_purged":[],"score":189,"play_id":"ee996914-ff1a-4307-9918-9f57f19f5287","local_time":"20190313174626","is_ascension_mode":true,"campfire_choices":[{"floor":7,"key":"REST"},{"data":"Demon Form","floor":15,"key":"SMITH"}],"neow_cost":"NONE","seed_source_timestamp":2237612246428374,"circlet_count":0,"master_deck":["AscendersBane","Strike_R","Strike_R+1","Strike_R","Strike_R","Strike_R","Defend_R","Defend_R+1","Defend_R","Defend_R","Bash","Dramatic Entrance","Uppercut","Thunderclap","Uppercut","Inflame","Spot Weakness","Demon Form+1"],"relics":["Burning Blood","Smiling Mask","Anchor","Bottled Flame","Omamori","Membership Card","Juzu Bracelet"],"potions_floor_usage":[6,10,12],"damage_taken":[{"damage":6,"enemies":"Cultist","floor":1,"turns":3},{"damage":1,"enemies":"2 Louse","floor":4,"turns":2},{"damage":0,"enemies":"Jaw Worm","floor":5,"turns":3},{"damage":35,"enemies":"Lagavulin","floor":6,"turns":6},{"damage":12,"enemies":"Gremlin Nob","floor":10,"turns":3},{"damage":12,"enemies":"Blue Slaver","floor":11,"turns":4},{"damage":19,"enemies":"3 Sentries","floor":12,"turns":5},{"damage":60,"enemies":"Hexaghost","floor":16,"turns":7}],"seed_played":"1180628117051316288","potions_obtained":[{"floor":1,"key":"SteroidPotion"},{"floor":6,"key":"Energy Potion"},{"floor":11,"key":"EssenceOfSteel"}],"is_trial":false,"path_per_floor":["M","?","?","M","M","E","R","?","T","E","M","E","$","?","R","B"],"character_chosen":"IRONCLAD","items_purchased":["Membership Card","Juzu Bracelet"],"campfire_rested":1,"item_purchase_floors":[13,13],"current_hp_per_floor":[72,56,56,61,67,38,62,62,62,56,50,37,37,57,57,0],"gold":119,"neow_bonus":"RANDOM_COLORLESS","is_prod":false,"is_daily":false,"chose_seed":false,"campfire_upgraded":1,"win_rate":0,"timestamp":1552513586,"path_taken":["M","?","?","M","?","E","R","?","T","E","M","E","$","?","R","BOSS"],"build_version":"2019-01-23","purchased_purges":0,"victory":false,"max_hp_per_floor":[80,80,80,80,80,80,80,80,80,80,80,80,80,80,80,80],"card_choices":[{"not_picked":["Blood for Blood","Iron Wave"],"picked":"Uppercut","floor":1},{"not_picked":["Shockwave","Iron Wave"],"picked":"Thunderclap","floor":4},{"not_picked":["Flex","Wild Strike"],"picked":"Uppercut","floor":5},{"not_picked":["Power Through","Sentinel"],"picked":"Inflame","floor":6},{"not_picked":["Headbutt","Thunderclap"],"picked":"Spot Weakness","floor":10},{"not_picked":["Body Slam","Anger"],"picked":"Demon Form","floor":11},{"not_picked":["Disarm","Clothesline","Bloodletting"],"picked":"SKIP","floor":12}],"player_experience":381590,"relics_obtained":[{"floor":6,"key":"Smiling Mask"},{"floor":9,"key":"Anchor"},{"floor":10,"key":"Bottled Flame"},{"floor":12,"key":"Omamori"}],"event_choices":[{"damage_healed":0,"gold_gain":0,"player_choice":"Entered Light","damage_taken":16,"max_hp_gain":0,"max_hp_loss":0,"event_name":"Shining Light","floor":2,"gold_loss":0,"cards_upgraded":["Defend_R","Strike_R"]},{"damage_healed":0,"gold_gain":0,"player_choice":"Ignored","damage_taken":0,"max_hp_gain":0,"max_hp_loss":0,"event_name":"Liars Game","floor":3,"gold_loss":0},{"damage_healed":0,"gold_gain":100,"player_choice":"Pray","damage_taken":0,"max_hp_gain":0,"max_hp_loss":0,"event_name":"Golden Shrine","floor":8,"gold_loss":0},{"damage_healed":20,"gold_gain":0,"player_choice":"Healed and dodged fight","damage_taken":0,"max_hp_gain":0,"max_hp_loss":0,"event_name":"Mushrooms","floor":14,"gold_loss":0,"cards_obtained":["Parasite"]}],"is_beta":false,"boss_relics":[],"items_purged_floors":[],"is_endless":false,"potions_floor_spawned":[1,6,11],"killed_by":"Hexaghost","ascension_level":12}