{"gold_per_floor":[114,131,146,146,164,195,255,255,255,255,270,287,287,312,312,415,415,431,118,132,132,146,146,146,146,172,172,202,27,41,41,41,137,137,153,165,40,59,74,74,74,92,92,92,92],"floor_reached":45,"playtime":3700,"items_purged":["Strike_B","Strike_B","Defend_B"],"score":425,"play_id":"5dce2880-d09f-4d03-bae2-4e70a42cd583","local_time":"20190701144557","is_ascension_mode":false,"campfire_choices":[{"floor":8,"key":"REST"},{"data":"Fusion","floor":13,"key":"SMITH"},{"data":"Redo","floor":15,"key":"SMITH"},{"floor":23,"key":"REST"},{"floor":25,"key":"REST"},{"data":"Echo Form","floor":27,"key":"SMITH"},{"floor":32,"key":"REST"},{"data":"Chaos","floor":40,"key":"SMITH"}],"neow_cost":"NONE","seed_source_timestamp":737604950628708,"circlet_count":0,"master_deck":["Strike_B","Strike_B+1","Defend_B+1","Defend_B+1","Defend_B","Zap","Dualcast","Fusion+1","Cold Snap+1","Go for the Eyes","Redo+1","Meteor Strike","Reprogram","Coolheaded","Genetic Algorithm","Echo Form+1","Stack","Enlightenment","Sweeping Beam+1","Sweeping Beam+1","Chaos+1","All For One+1","Coolheaded+1","Rebound+1","Hologram+1","Conserve Battery"],"relics":["Cracked Core","Art of War","War Paint","Emotion Chip","Pantograph","Molten Egg 2","Whetstone","Lizard Tail","Enchiridion","Oddly Smooth Stone","Red Mask","Inserter","Darkstone Periapt"],"potions_floor_usage":[2,5,14,20,20,20,22,30,30,33,33,39,42,42],"damage_taken":[{"damage":0,"enemies":"Jaw Worm","floor":1,"turns":3},{"damage":5,"enemies":"Small Slimes","floor":2,"turns":2},{"damage":0,"enemies":"Cultist","floor":3,"turns":3},{"damage":0,"enemies":"Large Slime","floor":5,"turns":6},{"damage":25,"enemies":"3 Sentries","floor":6,"turns":10},{"damage":3,"enemies":"Blue Slaver","floor":11,"turns":3},{"damage":2,"enemies":"Looter","floor":12,"turns":3},{"damage":19,"enemies":"Gremlin Nob","floor":14,"turns":4},{"damage":16,"enemies":"The Guardian","floor":16,"turns":13},{"damage":27,"enemies":"3 Byrds","floor":18,"turns":6},{"damage":8,"enemies":"Shell Parasite","floor":20,"turns":8},{"damage":19,"enemies":"3 Cultists","floor":22,"turns":5},{"damage":8,"enemies":"Masked Bandits","floor":28,"turns":3},{"damage":14,"enemies":"Snake Plant","floor":30,"turns":5},{"damage":83,"enemies":"Collector","floor":33,"turns":17},{"damage":7,"enemies":"3 Shapes","floor":35,"turns":4},{"damage":0,"enemies":"Orb Walker","floor":36,"turns":3},{"damage":14,"enemies":"4 Shapes","floor":38,"turns":6},{"damage":5,"enemies":"3 Darklings","floor":39,"turns":6},{"damage":35,"enemies":"Transient","floor":42,"turns":5},{"damage":17,"enemies":"Giant Head","floor":45,"turns":11}],"seed_played":"8181831749450689790","potions_obtained":[{"floor":1,"key":"Fire Potion"},{"floor":3,"key":"Explosive Potion"},{"floor":6,"key":"LiquidBronze"},{"floor":12,"key":"Strength Potion"},{"floor":22,"key":"Swift Potion"},{"floor":28,"key":"Ancient Potion"},{"floor":31,"key":"LiquidBronze"},{"floor":31,"key":"Fire Potion"},{"floor":33,"key":"Block Potion"},{"floor":38,"key":"AttackPotion"},{"floor":39,"key":"FearPotion"}],"is_trial":false,"path_per_floor":["M","M","M","?","M","E","?","R","T","?","M","M","R","E","R","B",null,"M","$","M","?","M","R","?","R","T","R","?","$","M","?","R","B",null,"M","M","$","M","M","R","?","M","T","?","E"],"character_chosen":"DEFECT","items_purchased":["Enlightenment","Sweeping Beam+1","EntropicBrew","LiquidBronze"],"campfire_rested":4,"item_purchase_floors":[19,19,19,29],"current_hp_per_floor":[75,70,70,52,52,27,27,49,49,49,46,44,44,25,25,34,75,48,48,40,24,5,27,27,49,49,49,41,41,27,27,49,28,75,68,68,68,54,49,49,49,14,14,14,0],"gold":92,"neow_bonus":"RANDOM_COMMON_RELIC","is_prod":false,"is_daily":false,"chose_seed":false,"campfire_upgraded":4,"win_rate":0,"timestamp":1562017557,"path_taken":["M","M","M","?","M","E","?","R","T","?","?","M","R","E","R","BOSS","M","$","M","?","M","R","?","R","T","R","?","$","M","?","R","BOSS","M","M","$","M","?","R","?","M","T","?","E"],"build_version":"2019-01-23","purchased_purges":3,"victory":false,"max_hp_per_floor":[75,75,75,75,75,75,75,75,75,75,75,75,75,75,75,75,75,75,75,75,75,75,75,75,75,75,75,75,75,75,75,75,75,75,75,75,75,75,75,75,75,75,75,75,75],"card_choices":[{"not_picked":["Recycle","Static Discharge"],"picked":"Fusion","floor":1},{"not_picked":["Gash","FTL"],"picked":"Cold Snap","floor":2},{"not_picked":["Turbo","Beam Cell"],"picked":"Go for the Eyes","floor":3},{"not_picked":["Barrage","Compile Driver"],"picked":"Redo","floor":5},{"not_picked":["Recycle","Streamline"],"picked":"Meteor Strike","floor":6},{"not_picked":["Streamline+1","Tempest"],"picked":"Reprogram","floor":11},{"not_picked":["Hologram","Turbo"],"picked":"Coolheaded","floor":12},{"not_picked":["Streamline+1","BootSequence"],"picked":"Genetic Algorithm","floor":14},{"not_picked":["Fission","Seek"],"picked":"Echo Form","floor":16},{"not_picked":["Sweeping Beam+1","Streamline+1"],"picked":"Stack","floor":18},{"not_picked":["Steam","Rebound+1"],"picked":"Conserve Battery","floor":20},{"not_picked":["Reinforced Body","Reprogram"],"picked":"Sweeping Beam+1","floor":22},{"not_picked":["Conserve Battery","Rip and Tear+1"],"picked":"Chaos","floor":28},{"not_picked":["Conserve Battery","Lockon+1","Streamline+1"],"picked":"SKIP","floor":30},{"not_picked":["Thunder Strike+1","Creative AI"],"picked":"All For One+1","floor":33},{"not_picked":["Melter+1","Storm+1"],"picked":"Coolheaded+1","floor":35},{"not_picked":["Turbo","Conserve Battery"],"picked":"Rebound+1","floor":36},{"not_picked":["Steam","Rip and Tear+1","Turbo"],"picked":"SKIP","floor":38},{"not_picked":["Redo","Turbo"],"picked":"Hologram+1","floor":39},{"not_picked":["Melter+1","Barrage+1"],"picked":"Conserve Battery","floor":42}],"player_experience":573430,"relics_obtained":[{"floor":6,"key":"Emotion Chip"},{"floor":9,"key":"Pantograph"},{"floor":14,"key":"Whetstone"},{"floor":21,"key":"Enchiridion"},{"floor":26,"key":"Oddly Smooth Stone"},{"floor":28,"key":"Red Mask"},{"floor":43,"key":"Darkstone Periapt"}],"event_choices":[{"damage_healed":0,"gold_gain":0,"player_choice":"Success","damage_taken":18,"relics_obtained":["War Paint"],"max_hp_gain":0,"max_hp_loss":0,"event_name":"Scrap Ooze","floor":4,"gold_loss":0},{"damage_healed":0,"gold_gain":60,"player_choice":"Gained Gold","damage_taken":0,"max_hp_gain":0,"max_hp_loss":0,"event_name":"Golden Wing","floor":7,"gold_loss":0},{"damage_healed":0,"gold_gain":0,"player_choice":"Gave Potion","damage_taken":0,"relics_obtained":["Molten Egg 2"],"max_hp_gain":0,"max_hp_loss":0,"event_name":"WeMeetAgain","floor":10,"gold_loss":0},{"damage_healed":0,"gold_gain":0,"player_choice":"Obtained Book","damage_taken":16,"max_hp_gain":0,"max_hp_loss":0,"event_name":"Cursed Tome","floor":21,"gold_loss":0},{"damage_healed":0,"gold_gain":0,"player_choice":"Ignored","damage_taken":0,"max_hp_gain":0,"max_hp_loss":0,"event_name":"The Mausoleum","floor":24,"gold_loss":0},{"damage_healed":0,"gold_gain":0,"player_choice":"Fought Bandits","damage_taken":0,"max_hp_gain":0,"max_hp_loss":0,"event_name":"Masked Bandits","floor":28,"gold_loss":0},{"damage_healed":0,"gold_gain":0,"player_choice":"Got Potions","damage_taken":0,"max_hp_gain":0,"max_hp_loss":0,"event_name":"Lab","floor":31,"gold_loss":0},{"cards_removed":["Conserve Battery"],"damage_healed":0,"gold_gain":0,"player_choice":"Removed Skill","damage_taken":0,"max_hp_gain":0,"max_hp_loss":0,"event_name":"Falling","floor":41,"gold_loss":0},{"damage_healed":0,"gold_gain":0,"player_choice":"Ignored","damage_taken":0,"max_hp_gain":0,"max_hp_loss":0,"event_name":"Mysterious Sphere","floor":44,"gold_loss":0}],"is_beta":false,"boss_relics":[{"not_picked":["Pandora\u0027s Box","Black Star"],"picked":"Lizard Tail"},{"not_picked":["Calling Bell","Sozu"],"picked":"Inserter"}],"items_purged_floors":[19,29,37],"is_endless":false,"potions_floor_spawned":[1,3,6,12,22,28,33,38,39],"killed_by":"Giant Head","ascension_level":0}