{"gold_per_floor":[116,129,145,161,175,200,200,210,210,224,224,244,244,255,255,356,356,369,369,0,11,11,21,31,31,55,67,67,97,97,114,114,114],"floor_reached":33,"playtime":3737,"items_purged":[],"score":275,"play_id":"0d3f53bf-0ac4-456b-8379-529a80ea848c","local_time":"20190429211627","is_ascension_mode":false,"campfire_choices":[{"floor":11,"key":"REST"},{"floor":13,"key":"REST"},{"floor":15,"key":"REST"},{"floor":25,"key":"REST"},{"floor":28,"key":"REST"},{"floor":32,"key":"REST"}],"neow_cost":"NONE","seed_source_timestamp":126211400473363,"circlet_count":0,"master_deck":["Defend_G","Defend_G","Defend_G","Strike_G","Strike_G","Strike_G","Strike_G","Strike_G","Survivor","Neutralize","Backflip","Flying Knee","Prepared","Outmaneuver","Tactician","Dagger Throw","Dagger Throw","Acrobatics","Endless Agony","Acrobatics","Die Die Die","Underhanded Strike","Endless Agony","Reflex","Quick Slash","Tactician+1","Acrobatics","Predator+1","Choke"],"relics":["Ring of the Serpent","Torii","Gremlin Horn","Pantograph","Oddly Smooth Stone","Pear"],"potions_floor_usage":[5,12,12,14,16,18,21,23,23,27,33,33],"damage_taken":[{"damage":3,"enemies":"Jaw Worm","floor":1,"turns":5},{"damage":0,"enemies":"Cultist","floor":2,"turns":4},{"damage":0,"enemies":"2 Louse","floor":3,"turns":3},{"damage":2,"enemies":"Exordium Wildlife","floor":4,"turns":7},{"damage":4,"enemies":"Looter","floor":5,"turns":5},{"damage":43,"enemies":"Lagavulin","floor":6,"turns":12},{"damage":2,"enemies":"Lots of Slimes","floor":8,"turns":6},{"damage":1,"enemies":"Exordium Thugs","floor":10,"turns":4},{"damage":1,"enemies":"Exordium Wildlife","floor":12,"turns":3},{"damage":1,"enemies":"Gremlin Gang","floor":14,"turns":5},{"damage":33,"enemies":"The Guardian","floor":16,"turns":13},{"damage":6,"enemies":"3 Byrds","floor":18,"turns":4},{"damage":21,"enemies":"Spheric Guardian","floor":21,"turns":5},{"damage":18,"enemies":"Snake Plant","floor":23,"turns":5},{"damage":2,"enemies":"Centurion and Healer","floor":24,"turns":5},{"damage":0,"enemies":"Sentry and Sphere","floor":27,"turns":4},{"damage":27,"enemies":"Gremlin Leader","floor":29,"turns":7},{"damage":3,"enemies":"Snake Plant","floor":31,"turns":3},{"damage":87,"enemies":"Collector","floor":33,"turns":5}],"seed_played":"2376385970841779563","potions_obtained":[{"floor":4,"key":"Explosive Potion"},{"floor":8,"key":"EntropicBrew"},{"floor":10,"key":"Weak Potion"},{"floor":14,"key":"SkillPotion"},{"floor":16,"key":"Regen Potion"},{"floor":21,"key":"Fire Potion"},{"floor":23,"key":"GhostInAJar"},{"floor":30,"key":"SmokeBomb"},{"floor":30,"key":"Swift Potion"},{"floor":30,"key":"SkillPotion"}],"is_trial":false,"path_per_floor":["M","M","M","M","M","E","?","M","T","M","R","M","R","M","R","B",null,"M","?","$","M","?","M","M","R","T","M","R","E","?","M","R","B"],"character_chosen":"THE_SILENT","items_purchased":["Pantograph","Reflex","SkillPotion"],"campfire_rested":6,"item_purchase_floors":[20,20,20],"current_hp_per_floor":[67,67,67,65,61,18,18,16,16,15,36,35,56,55,70,37,70,68,68,68,47,47,29,27,48,48,48,69,52,52,49,73,0],"gold":114,"neow_bonus":"TRANSFORM_CARD","is_prod":false,"is_daily":false,"chose_seed":false,"campfire_upgraded":0,"win_rate":0.0,"timestamp":1556597787,"path_taken":["M","M","M","M","M","E","?","M","T","?","R","M","R","M","R","BOSS","M","?","$","M","?","M","M","R","T","M","R","E","?","M","R","BOSS"],"build_version":"2019-01-23","purchased_purges":0,"victory":false,"max_hp_per_floor":[70,70,70,70,70,70,70,70,70,70,70,70,70,70,70,70,70,70,70,70,70,70,70,70,70,70,70,70,80,80,80,80,80],"card_choices":[{"not_picked":["Sucker Punch","Underhanded Strike"],"picked":"Flying Knee","floor":1},{"not_picked":["Poisoned Stab","Catalyst"],"picked":"Prepared","floor":2},{"not_picked":["Bouncing Flask","Reflex"],"picked":"Outmaneuver","floor":3},{"not_picked":["Outmaneuver","Dagger Throw"],"picked":"Tactician","floor":4},{"not_picked":["Flying Knee","Dagger Spray"],"picked":"Dagger Throw","floor":5},{"not_picked":["Blur","Crippling Poison","Outmaneuver"],"picked":"SKIP","floor":6},{"not_picked":["Outmaneuver","Prepared"],"picked":"Dagger Throw","floor":8},{"not_picked":["Catalyst","Backflip"],"picked":"Acrobatics","floor":10},{"not_picked":["Well Laid Plans","Predator"],"picked":"Endless Agony","floor":12},{"not_picked":["Bullet Time","Calculated Gamble"],"picked":"Acrobatics","floor":14},{"not_picked":["Venomology","Malaise"],"picked":"Die Die Die","floor":16},{"not_picked":["Accuracy","Crippling Poison"],"picked":"Underhanded Strike","floor":18},{"not_picked":["Bane","Infinite Blades+1"],"picked":"Quick Slash","floor":21},{"not_picked":["Quick Slash+1","Outmaneuver+1"],"picked":"Tactician+1","floor":23},{"not_picked":["Finisher","Venomology"],"picked":"Acrobatics","floor":24},{"not_picked":["Calculated Gamble","Prepared"],"picked":"Predator+1","floor":27},{"not_picked":["Glass Knife","Outmaneuver","Accuracy+1"],"picked":"SKIP","floor":29},{"not_picked":["Crippling Poison+1","Dodge and Roll"],"picked":"Choke","floor":31}],"player_experience":73498,"relics_obtained":[{"floor":6,"key":"Torii"},{"floor":9,"key":"Gremlin Horn"},{"floor":26,"key":"Oddly Smooth Stone"},{"floor":29,"key":"Pear"}],"event_choices":[{"cards_removed":["Defend_G"],"damage_healed":0,"gold_gain":0,"player_choice":"Offered Basic","damage_taken":0,"max_hp_gain":0,"max_hp_loss":0,"event_name":"Bonfire Elementals","floor":7,"gold_loss":0},{"damage_healed":0,"gold_gain":0,"player_choice":"Read","damage_taken":0,"max_hp_gain":0,"max_hp_loss":0,"event_name":"The Library","floor":19,"gold_loss":0,"cards_obtained":["Endless Agony"]},{"damage_healed":0,"gold_gain":0,"player_choice":"Got Potions","damage_taken":0,"max_hp_gain":0,"max_hp_loss":0,"event_name":"Lab","floor":30,"gold_loss":0}],"is_beta":false,"boss_relics":[{"not_picked":["Eternal Feather","Calling Bell"],"picked":"Ring of the Serpent"}],"items_purged_floors":[],"is_endless":false,"potions_floor_spawned":[4,8,10,14,16,21,23,31],"killed_by":"Collector","ascension_level":0}