{"gold_per_floor":[116,127,127,127,127,170,345,345,419,294,259,290,290,315,315,413,413,437,437,139,162,175,175,175,175,248,248,291,13,13,27,27,27],"floor_reached":33,"playtime":1206,"items_purged":["Doubt"],"score":457,"play_id":"febd33f7-3501-4be3-a7a5-d141912a60b7","local_time":"20190429230143","is_ascension_mode":true,"campfire_choices":[{"data":"True Grit","floor":8,"key":"SMITH"},{"data":"Demon Form","floor":15,"key":"SMITH"},{"data":"Barricade","floor":23,"key":"SMITH"},{"data":"Metallicize","floor":25,"key":"SMITH"},{"data":"Bandage Up","floor":27,"key":"SMITH"},{"floor":30,"key":"REST"},{"floor":32,"key":"REST"}],"neow_cost":"NONE","seed_source_timestamp":268924157547705,"circlet_count":0,"master_deck":["AscendersBane","Strike_R","Strike_R","Strike_R","Defend_R","Defend_R","Defend_R","Defend_R","Flame Barrier","Cleave","Sever Soul","True Grit+1","Demon Form+1","Inflame","Barricade+1","Pommel Strike","Bandage Up+1","Iron Wave","Metallicize+1","Bloodletting","Pain","Metallicize+1","Ghostly Armor"],"relics":["Burning Blood","Strawberry","Golden Idol","Paper Frog","Matryoshka","Pantograph","Kunai","Bottled Flame","Cursed Key","Happy Flower","Potion Belt","Mummified Hand","Magic Flower","DollysMirror"],"potions_floor_usage":[6,12,16,16,18,21,22,22,28],"damage_taken":[{"damage":14,"enemies":"Jaw Worm","floor":1,"turns":3},{"damage":5,"enemies":"2 Louse","floor":2,"turns":3},{"damage":32,"enemies":"Gremlin Nob","floor":6,"turns":4},{"damage":40,"enemies":"3 Sentries","floor":12,"turns":7},{"damage":1,"enemies":"Cultist","floor":14,"turns":4},{"damage":20,"enemies":"The Guardian","floor":16,"turns":12},{"damage":11,"enemies":"Chosen","floor":18,"turns":6},{"damage":5,"enemies":"3 Byrds","floor":21,"turns":6},{"damage":15,"enemies":"Snake Plant","floor":22,"turns":3},{"damage":60,"enemies":"Slavers","floor":28,"turns":8},{"damage":11,"enemies":"Centurion and Healer","floor":31,"turns":9},{"damage":76,"enemies":"Automaton","floor":33,"turns":8}],"seed_played":"7532622082348395731","potions_obtained":[{"floor":2,"key":"Strength Potion"},{"floor":6,"key":"Regen Potion"},{"floor":12,"key":"SkillPotion"},{"floor":16,"key":"Swift Potion"},{"floor":18,"key":"LiquidBronze"},{"floor":21,"key":"Block Potion"},{"floor":22,"key":"Block Potion"}],"is_trial":false,"path_per_floor":["M","M","$","?","?","E","?","R","T","$","?","E","T","M","R","B",null,"M","?","$","M","M","R","?","R","T","R","E","$","R","M","R","B"],"character_chosen":"IRONCLAD","items_purchased":["Dexterity Potion","SkillPotion","Happy Flower","Bandage Up","DollysMirror","Ghostly Armor"],"campfire_rested":2,"item_purchase_floors":[10,20,20,20,29,29],"current_hp_per_floor":[67,68,68,68,68,42,42,42,42,42,61,32,32,37,37,48,69,64,64,64,69,64,64,64,64,64,64,16,16,38,45,67,0],"gold":27,"neow_bonus":"RANDOM_COMMON_RELIC","is_prod":false,"is_daily":false,"chose_seed":false,"campfire_upgraded":5,"win_rate":0,"timestamp":1556604103,"path_taken":["M","M","$","?","?","E","?","R","T","$","?","E","?","M","R","BOSS","M","?","$","?","M","R","?","R","T","R","E","$","R","?","R","BOSS"],"build_version":"2019-01-23","purchased_purges":1,"victory":false,"max_hp_per_floor":[82,82,82,82,76,76,76,76,76,76,76,76,76,76,76,76,76,76,76,76,76,76,76,76,76,76,76,76,76,76,76,76,76],"card_choices":[{"not_picked":["True Grit","Perfected Strike"],"picked":"Flame Barrier","floor":1},{"not_picked":["Warcry","Iron Wave"],"picked":"Cleave","floor":2},{"not_picked":["Shockwave","Fire Breathing"],"picked":"True Grit","floor":6},{"not_picked":["Headbutt","Intimidate"],"picked":"Demon Form","floor":12},{"not_picked":["Armaments","Perfected Strike"],"picked":"Inflame","floor":14},{"not_picked":["Juggernaut","Impervious"],"picked":"Barricade","floor":16},{"not_picked":["Anger","Spot Weakness"],"picked":"Pommel Strike","floor":18},{"not_picked":["Flex","Warcry"],"picked":"Iron Wave","floor":21},{"not_picked":["Corruption","Headbutt"],"picked":"Metallicize","floor":22},{"not_picked":["Wild Strike","Anger","Twin Strike"],"picked":"SKIP","floor":28},{"not_picked":["Thunderclap+1","Dark Embrace","Clash"],"picked":"SKIP","floor":31}],"player_experience":841705,"relics_obtained":[{"floor":6,"key":"Paper Frog"},{"floor":9,"key":"Matryoshka"},{"floor":12,"key":"Pantograph"},{"floor":13,"key":"Kunai"},{"floor":13,"key":"Bottled Flame"},{"floor":26,"key":"Potion Belt"},{"floor":26,"key":"Mummified Hand"},{"floor":28,"key":"Magic Flower"}],"event_choices":[{"damage_healed":0,"gold_gain":0,"cards_transformed":["Bash"],"player_choice":"Change","damage_taken":0,"max_hp_gain":0,"max_hp_loss":0,"event_name":"Living Wall","floor":4,"gold_loss":0,"cards_obtained":["Sever Soul"]},{"damage_healed":0,"gold_gain":0,"player_choice":"Lose Max HP","damage_taken":0,"relics_obtained":["Golden Idol"],"max_hp_gain":0,"max_hp_loss":6,"event_name":"Golden Idol","floor":5,"gold_loss":0},{"damage_healed":0,"gold_gain":175,"player_choice":"AGREE","damage_taken":0,"max_hp_gain":0,"max_hp_loss":0,"event_name":"Liars Game","floor":7,"gold_loss":0,"cards_obtained":["Doubt"]},{"damage_healed":19,"gold_gain":0,"player_choice":"Healed","damage_taken":0,"max_hp_gain":0,"max_hp_loss":0,"event_name":"The Cleric","floor":11,"gold_loss":35},{"cards_removed":["Strike_R"],"damage_healed":0,"gold_gain":0,"player_choice":"Card Removal","damage_taken":0,"max_hp_gain":0,"max_hp_loss":0,"event_name":"Wheel of Change","floor":19,"gold_loss":0},{"damage_healed":0,"gold_gain":0,"cards_transformed":["Strike_R"],"player_choice":"Transformed","damage_taken":0,"max_hp_gain":0,"max_hp_loss":0,"event_name":"Transmorgrifier","floor":24,"gold_loss":0,"cards_obtained":["Bloodletting"]}],"is_beta":false,"boss_relics":[{"not_picked":["Philosopher\u0027s Stone","Velvet Choker"],"picked":"Cursed Key"}],"items_purged_floors":[10],"is_endless":false,"potions_floor_spawned":[2,6,12,16,18,21,22],"killed_by":"Automaton","ascension_level":14}