{"gold_per_floor":[119,135,135,10,10,10,40,59,112,145,161,175,175,125,125,225,225,241,255,255,1,11,11,36,36,60,74,93,93,93,111,111,216,216,236,246,257,12,23,23,123,148,148,148,158,192,192,211,211,211],"floor_reached":51,"playtime":3265,"items_purged":["Defend_R","Strike_R","Strike_R"],"score":875,"play_id":"43aa3741-4888-46b5-ab56-28ff43e7d786","local_time":"20190514103929","is_ascension_mode":true,"campfire_choices":[{"data":"Uppercut","floor":6,"key":"SMITH"},{"data":"Second Wind","floor":13,"key":"SMITH"},{"data":"Iron Wave","floor":15,"key":"SMITH"},{"data":"Fiend Fire","floor":23,"key":"SMITH"},{"floor":30,"key":"REST"},{"floor":32,"key":"REST"},{"data":"Corruption","floor":40,"key":"SMITH"},{"data":"Demon Form","floor":44,"key":"SMITH"},{"data":"Clash","floor":49,"key":"SMITH"}],"neow_cost":"NONE","seed_source_timestamp":76214647276901,"circlet_count":0,"master_deck":["Strike_R","Strike_R","Defend_R","Defend_R","Defend_R","Bash+1","Iron Wave+1","Uppercut+1","Cleave+1","Shrug It Off","Thunderclap+1","Second Wind+1","Fiend Fire+1","Ghostly Armor","Exhume+1","RitualDagger","Clash+1","Demon Form+1","Corruption+1","Parasite","Havoc+1","Battle Trance+1"],"relics":["Burning Blood","Bag of Marbles","Smiling Mask","Dead Branch","Busted Crown","Frozen Eye","Toxic Egg 2","Whetstone","Philosopher\u0027s Stone","Happy Flower","Pocketwatch","Bag of Preparation","Magic Flower","Centennial Puzzle"],"potions_floor_usage":[7,16,16,22,24,35,39,41,42,50,50],"damage_taken":[{"damage":5,"enemies":"2 Louse","floor":1,"turns":2},{"damage":0,"enemies":"Small Slimes","floor":2,"turns":3},{"damage":10,"enemies":"Gremlin Nob","floor":7,"turns":3},{"damage":6,"enemies":"Jaw Worm","floor":8,"turns":3},{"damage":18,"enemies":"3 Sentries","floor":10,"turns":6},{"damage":0,"enemies":"3 Louse","floor":11,"turns":1},{"damage":0,"enemies":"2 Fungi Beasts","floor":12,"turns":2},{"damage":40,"enemies":"Slime Boss","floor":16,"turns":11},{"damage":13,"enemies":"Shell Parasite","floor":18,"turns":2},{"damage":9,"enemies":"Spheric Guardian","floor":19,"turns":4},{"damage":7,"enemies":"Snecko","floor":22,"turns":4},{"damage":21,"enemies":"Book of Stabbing","floor":24,"turns":5},{"damage":5,"enemies":"Snake Plant","floor":27,"turns":3},{"damage":15,"enemies":"Cultist and Chosen","floor":28,"turns":5},{"damage":14,"enemies":"Chosen and Byrds","floor":31,"turns":5},{"damage":34,"enemies":"Champ","floor":33,"turns":9},{"damage":10,"enemies":"3 Darklings","floor":35,"turns":4},{"damage":0,"enemies":"3 Shapes","floor":36,"turns":3},{"damage":3,"enemies":"Writhing Mass","floor":37,"turns":4},{"damage":12,"enemies":"Spire Growth","floor":39,"turns":3},{"damage":0,"enemies":"Mind Bloom Boss Battle","floor":41,"turns":4},{"damage":21,"enemies":"Reptomancer","floor":42,"turns":5},{"damage":1,"enemies":"Maw","floor":45,"turns":3},{"damage":15,"enemies":"Nemesis","floor":46,"turns":3},{"damage":0,"enemies":"Jaw Worm Horde","floor":48,"turns":3},{"damage":43,"enemies":"Donu and Deca","floor":50,"turns":5}],"seed_played":"-5751596765440137629","potions_obtained":[{"floor":1,"key":"GamblersBrew"},{"floor":2,"key":"Fire Potion"},{"floor":12,"key":"Weak Potion"},{"floor":16,"key":"GamblersBrew"},{"floor":19,"key":"Strength Potion"},{"floor":28,"key":"FairyPotion"},{"floor":33,"key":"SneckoOil"},{"floor":37,"key":"SkillPotion"},{"floor":39,"key":"SkillPotion"},{"floor":41,"key":"Regen Potion"},{"floor":46,"key":"Energy Potion"},{"floor":48,"key":"FearPotion"}],"is_trial":false,"path_per_floor":["M","M","?","$","?","R","E","M","T","E","M","M","R","?","R","B",null,"M","M","?","$","M","R","E","?","T","M","M","?","R","M","R","B",null,"M","M","M","$","M","R","?","E","T","R","M","E","?","M","R","B",null],"character_chosen":"IRONCLAD","items_purchased":["Cleave","Frozen Eye","Happy Flower","Havoc+1"],"campfire_rested":2,"item_purchase_floors":[4,21,38,38],"current_hp_per_floor":[80,80,80,80,80,80,76,76,76,64,70,76,76,76,76,42,80,73,70,70,70,69,69,54,54,54,55,46,40,64,56,80,52,80,76,80,80,80,74,74,80,69,69,69,77,71,71,80,80,46],"gold":211,"neow_bonus":"THREE_CARDS","is_prod":false,"is_daily":false,"chose_seed":false,"campfire_upgraded":7,"win_rate":0,"timestamp":1557855569,"path_taken":["M","M","?","$","?","R","E","M","T","E","M","M","R","?","R","BOSS","M","M","?","$","M","R","E","?","T","M","M","?","R","M","R","BOSS","M","M","M","$","M","R","?","E","T","R","M","E","?","M","R","BOSS"],"build_version":"2019-01-23","purchased_purges":3,"victory":true,"max_hp_per_floor":[80,80,80,80,80,80,80,80,80,80,80,80,80,80,80,80,80,80,80,80,80,80,80,80,80,80,80,80,80,80,80,80,80,80,80,80,80,80,80,80,80,80,80,80,80,80,80,80,80,80],"card_choices":[{"not_picked":["Twin Strike","Warcry"],"picked":"Iron Wave","floor":0},{"not_picked":["Corruption","Body Slam","Iron Wave"],"picked":"SKIP","floor":1},{"not_picked":["Pummel","Clash"],"picked":"Uppercut","floor":2},{"not_picked":["Sentinel","Twin Strike"],"picked":"Shrug It Off","floor":7},{"not_picked":["Body Slam","Havoc","Warcry"],"picked":"SKIP","floor":8},{"not_picked":["Heavy Blade","Warcry"],"picked":"Burning Pact","floor":10},{"not_picked":["Rupture","Clash"],"picked":"Thunderclap","floor":11},{"not_picked":["Whirlwind","Headbutt"],"picked":"Second Wind","floor":12},{"not_picked":["Impervious","Immolate"],"picked":"Fiend Fire","floor":16},{"not_picked":["Pommel Strike+1"],"picked":"SKIP","floor":18},{"not_picked":["Body Slam+1"],"picked":"SKIP","floor":19},{"not_picked":[],"picked":"Ghostly Armor","floor":22},{"not_picked":[],"picked":"Exhume","floor":24},{"not_picked":["Twin Strike"],"picked":"SKIP","floor":27},{"not_picked":["Twin Strike"],"picked":"SKIP","floor":28},{"not_picked":[],"picked":"Clash","floor":31},{"not_picked":[],"picked":"Demon Form","floor":33},{"not_picked":[],"picked":"Corruption","floor":35},{"not_picked":["Pummel"],"picked":"SKIP","floor":36},{"not_picked":["Sword Boomerang+1"],"picked":"SKIP","floor":37},{"not_picked":["Pommel Strike"],"picked":"SKIP","floor":39},{"not_picked":["Iron Wave"],"picked":"SKIP","floor":42},{"not_picked":[],"picked":"Battle Trance+1","floor":45},{"not_picked":["True Grit+1"],"picked":"SKIP","floor":46},{"not_picked":["Anger"],"picked":"SKIP","floor":48}],"player_experience":195158,"relics_obtained":[{"floor":7,"key":"Bag of Marbles"},{"floor":9,"key":"Smiling Mask"},{"floor":10,"key":"Dead Branch"},{"floor":24,"key":"Toxic Egg 2"},{"floor":26,"key":"Whetstone"},{"floor":41,"key":"Pocketwatch"},{"floor":42,"key":"Bag of Preparation"},{"floor":43,"key":"Magic Flower"},{"floor":46,"key":"Centennial Puzzle"}],"event_choices":[{"damage_healed":0,"gold_gain":0,"player_choice":"Ignored","damage_taken":0,"max_hp_gain":0,"max_hp_loss":0,"event_name":"Liars Game","floor":3,"gold_loss":0},{"damage_healed":0,"gold_gain":0,"player_choice":"Grow","damage_taken":0,"max_hp_gain":0,"max_hp_loss":0,"event_name":"Living Wall","floor":5,"gold_loss":0,"cards_upgraded":["Cleave"]},{"cards_removed":["Strike_R"],"damage_healed":0,"gold_gain":0,"player_choice":"Card Removal","damage_taken":0,"max_hp_gain":0,"max_hp_loss":0,"event_name":"The Cleric","floor":14,"gold_loss":50},{"damage_healed":0,"gold_gain":0,"player_choice":"Ignored","damage_taken":0,"max_hp_gain":0,"max_hp_loss":0,"event_name":"Vampires","floor":20,"gold_loss":0},{"damage_healed":0,"gold_gain":0,"player_choice":"Ignored","damage_taken":0,"max_hp_gain":0,"max_hp_loss":0,"event_name":"Cursed Tome","floor":25,"gold_loss":0},{"damage_healed":0,"gold_gain":0,"player_choice":"Joined the Cult","damage_taken":6,"max_hp_gain":0,"max_hp_loss":0,"event_name":"Nest","floor":29,"gold_loss":0,"cards_obtained":["RitualDagger"]},{"damage_healed":0,"gold_gain":0,"player_choice":"Fight","damage_taken":0,"max_hp_gain":0,"max_hp_loss":0,"event_name":"MindBloom","floor":41,"gold_loss":0},{"cards_removed":["Burning Pact"],"damage_healed":0,"gold_gain":0,"player_choice":"Removed Skill","damage_taken":0,"max_hp_gain":0,"max_hp_loss":0,"event_name":"Falling","floor":47,"gold_loss":0}],"is_beta":false,"boss_relics":[{"not_picked":["Eternal Feather","Fusion Hammer"],"picked":"Busted Crown"},{"not_picked":["Tiny House","Velvet Choker"],"picked":"Philosopher\u0027s Stone"}],"items_purged_floors":[4,21,38],"is_endless":false,"potions_floor_spawned":[1,2,12,16,19,28,33,37,39,41,46,48],"ascension_level":1}