{"gold_per_floor":[110,110,122,122,37,69,69,84,110,135,135,135,168,180,180,255,255,272,272,56,67,112,112,37,52,52,52,72,72,72],"floor_reached":30,"playtime":1176,"items_purged":[],"score":467,"play_id":"e1aa80c8-b0e5-4525-bf3a-0ac98a999763","local_time":"20190523085431","is_ascension_mode":true,"campfire_choices":[{"floor":7,"key":"REST"},{"floor":12,"key":"REST"},{"floor":15,"key":"REST"},{"floor":23,"key":"REST"},{"floor":29,"key":"REST"}],"neow_cost":"TEN_PERCENT_HP_LOSS","seed_source_timestamp":487787034992345,"circlet_count":0,"master_deck":["AscendersBane","Defend_G","Defend_G","Defend_G","Defend_G","Defend_G","Strike_G","Strike_G","Strike_G","Survivor","Neutralize","Die Die Die","Dagger Spray","Malaise","Distraction","Noxious Fumes","Poisoned Stab","Bouncing Flask","A Thousand Cuts","A Thousand Cuts","Apotheosis"],"relics":["Ring of the Snake","Pen Nib","Darkstone Periapt","Bag of Marbles","Singing Bowl","Mummified Hand","Gremlin Horn","Lizard Tail","Centennial Puzzle","Sundial"],"potions_floor_usage":[6,10,13,16,16,18,25],"damage_taken":[{"damage":4,"enemies":"Jaw Worm","floor":1,"turns":5},{"damage":0,"enemies":"Small Slimes","floor":3,"turns":2},{"damage":47,"enemies":"Lagavulin","floor":6,"turns":8},{"damage":0,"enemies":"Cultist","floor":8,"turns":3},{"damage":10,"enemies":"3 Sentries","floor":10,"turns":5},{"damage":15,"enemies":"Gremlin Nob","floor":13,"turns":4},{"damage":2,"enemies":"2 Fungi Beasts","floor":14,"turns":3},{"damage":32,"enemies":"Slime Boss","floor":16,"turns":10},{"damage":10,"enemies":"Shell Parasite","floor":18,"turns":6},{"damage":38,"enemies":"Chosen","floor":21,"turns":6},{"damage":11,"enemies":"Snake Plant","floor":25,"turns":4},{"damage":0,"enemies":"Colosseum Slavers","floor":27,"turns":1},{"damage":14,"enemies":"3 Cultists","floor":28,"turns":4},{"damage":72,"enemies":"Gremlin Leader","floor":30,"turns":4}],"seed_played":"6610597799618885404","potions_obtained":[{"floor":1,"key":"FearPotion"},{"floor":6,"key":"Ancient Potion"},{"floor":8,"key":"Energy Potion"},{"floor":10,"key":"Dexterity Potion"},{"floor":14,"key":"SneckoOil"},{"floor":16,"key":"AttackPotion"},{"floor":21,"key":"GamblersBrew"}],"is_trial":false,"path_per_floor":["M","?","M","?","$","E","R","M","T","E","?","R","E","M","R","B",null,"M","?","$","M","T","R","?","M","T","?","M","R","E"],"character_chosen":"THE_SILENT","items_purchased":["Noxious Fumes","Apotheosis"],"campfire_rested":5,"item_purchase_floors":[5,20],"current_hp_per_floor":[55,50,50,50,50,3,21,21,21,11,11,29,16,16,35,3,49,41,41,41,5,5,25,25,16,16,16,4,25,0],"gold":72,"neow_bonus":"THREE_RARE_CARDS","is_prod":false,"is_daily":false,"chose_seed":false,"campfire_upgraded":0,"win_rate":0,"timestamp":1558616071,"path_taken":["M","?","M","?","$","E","R","?","T","E","?","R","E","M","R","BOSS","M","?","$","M","?","R","?","M","T","?","M","R","E"],"build_version":"2019-01-23","purchased_purges":0,"victory":false,"max_hp_per_floor":[60,60,60,60,60,60,60,60,60,60,60,60,62,64,64,64,64,66,66,66,68,68,68,68,70,70,70,72,72,72],"card_choices":[{"not_picked":["Malaise","Tools of the Trade"],"picked":"Die Die Die","floor":0},{"not_picked":["Outmaneuver","Choke"],"picked":"Dagger Spray","floor":1},{"not_picked":["Poisoned Stab","Cloak And Dagger"],"picked":"Malaise","floor":3},{"not_picked":["Backflip","Slice"],"picked":"Poisoned Stab","floor":6},{"not_picked":["Slice","Deflect"],"picked":"Bouncing Flask","floor":8},{"not_picked":["Poisoned Stab","All Out Attack"],"picked":"A Thousand Cuts","floor":10},{"not_picked":["Bane","Riddle With Holes","Bouncing Flask"],"picked":"Singing Bowl","floor":13},{"not_picked":["Deadly Poison","Distraction","Calculated Gamble"],"picked":"Singing Bowl","floor":14},{"not_picked":["Venomology","Night Terror"],"picked":"A Thousand Cuts","floor":16},{"not_picked":["Acrobatics","Predator","Blade Dance"],"picked":"Singing Bowl","floor":18},{"not_picked":["Distraction+1","Infinite Blades","Deflect"],"picked":"Singing Bowl","floor":21},{"not_picked":["Flying Knee+1","Prepared","Deadly Poison+1"],"picked":"Singing Bowl","floor":25},{"not_picked":["Slice","Well Laid Plans","Sucker Punch"],"picked":"Singing Bowl","floor":28}],"player_experience":749508,"relics_obtained":[{"floor":6,"key":"Darkstone Periapt"},{"floor":9,"key":"Bag of Marbles"},{"floor":10,"key":"Singing Bowl"},{"floor":13,"key":"Gremlin Horn"},{"floor":22,"key":"Centennial Puzzle"},{"floor":26,"key":"Sundial"}],"event_choices":[{"damage_healed":0,"gold_gain":0,"player_choice":"Success","damage_taken":5,"relics_obtained":["Pen Nib"],"max_hp_gain":0,"max_hp_loss":0,"event_name":"Scrap Ooze","floor":2,"gold_loss":0},{"damage_healed":0,"gold_gain":0,"cards_transformed":["Strike_G"],"player_choice":"Transformed","damage_taken":0,"max_hp_gain":0,"max_hp_loss":0,"event_name":"Transmorgrifier","floor":4,"gold_loss":0,"cards_obtained":["Distraction"]},{"damage_healed":0,"gold_gain":0,"player_choice":"Searched \u00271\u0027 times","damage_taken":0,"relics_obtained":["Mummified Hand"],"max_hp_gain":0,"max_hp_loss":0,"event_name":"Dead Adventurer","floor":11,"gold_loss":0},{"damage_healed":0,"gold_gain":0,"player_choice":"Ignored","damage_taken":0,"max_hp_gain":0,"max_hp_loss":0,"event_name":"Ghosts","floor":19,"gold_loss":0},{"cards_removed":["Strike_G"],"damage_healed":0,"gold_gain":0,"player_choice":"Gave Gold","damage_taken":0,"max_hp_gain":0,"max_hp_loss":0,"event_name":"Beggar","floor":24,"gold_loss":75},{"damage_healed":0,"gold_gain":0,"player_choice":"Fight","damage_taken":0,"max_hp_gain":0,"max_hp_loss":0,"event_name":"Colosseum","floor":27,"gold_loss":0},{"damage_healed":0,"gold_gain":0,"player_choice":"Fled From Nobs","damage_taken":0,"max_hp_gain":0,"max_hp_loss":0,"event_name":"Colosseum","floor":27,"gold_loss":0}],"is_beta":false,"boss_relics":[{"not_picked":["Coffee Dripper","Orrery"],"picked":"Lizard Tail"}],"items_purged_floors":[],"is_endless":false,"potions_floor_spawned":[1,6,8,10,14,16,21,27],"killed_by":"Gremlin Leader","ascension_level":18}