{"gold_per_floor":[119,134,59,79,79,79,92,125,148,17,17,35,35],"floor_reached":13,"playtime":503,"items_purged":["Strike_G"],"score":162,"play_id":"8d655e32-aa4b-49d5-8d98-2348de27e576","local_time":"20190522232847","is_ascension_mode":true,"campfire_choices":[{"data":"Footwork","floor":6,"key":"SMITH"},{"floor":11,"key":"REST"}],"neow_cost":"NONE","seed_source_timestamp":454607709820100,"circlet_count":0,"master_deck":["AscendersBane","Defend_G","Defend_G","Defend_G","Defend_G","Defend_G","Strike_G","Strike_G","Strike_G","Survivor","Neutralize","Dash","Footwork+1","Footwork","Caltrops","Blur","Noxious Fumes","Dash","Footwork"],"relics":["Ring of the Snake","NeowsBlessing","Omamori","Dream Catcher"],"potions_floor_usage":[8,8],"damage_taken":[{"damage":0,"enemies":"Jaw Worm","floor":1,"turns":1},{"damage":0,"enemies":"Cultist","floor":2,"turns":1},{"damage":0,"enemies":"Small Slimes","floor":4,"turns":1},{"damage":0,"enemies":"Blue Slaver","floor":7,"turns":6},{"damage":41,"enemies":"Gremlin Nob","floor":8,"turns":6},{"damage":0,"enemies":"3 Louse","floor":12,"turns":6},{"damage":42,"enemies":"Gremlin Gang","floor":13,"turns":5}],"seed_played":"-5748274879261410817","potions_obtained":[{"floor":4,"key":"Poison Potion"},{"floor":7,"key":"Energy Potion"}],"is_trial":false,"path_per_floor":["M","M","$","M","?","R","M","E","T","$","R","M","M"],"character_chosen":"THE_SILENT","items_purchased":["Blur","Noxious Fumes"],"campfire_rested":1,"item_purchase_floors":[10,10],"current_hp_per_floor":[59,59,59,59,59,59,59,18,18,18,37,37,0],"gold":35,"neow_bonus":"THREE_ENEMY_KILL","is_prod":false,"is_daily":false,"chose_seed":false,"campfire_upgraded":1,"win_rate":0,"timestamp":1558582127,"path_taken":["M","M","$","M","?","R","?","E","T","$","R","M","M"],"build_version":"2019-01-23","purchased_purges":1,"victory":false,"max_hp_per_floor":[66,66,66,66,66,66,66,66,66,66,66,66,66],"card_choices":[{"not_picked":["Slice","Acrobatics","Reflex"],"picked":"SKIP","floor":1},{"not_picked":["Deflect","Endless Agony"],"picked":"Dash","floor":2},{"not_picked":["Bane","Sucker Punch"],"picked":"Footwork","floor":4},{"not_picked":["Prepared","Deflect"],"picked":"Footwork","floor":7},{"not_picked":["Dagger Throw","Backflip"],"picked":"Caltrops","floor":8},{"not_picked":["Predator","Outmaneuver"],"picked":"Dash","floor":11},{"not_picked":["Dodge and Roll","Dagger Spray"],"picked":"Footwork","floor":12}],"player_experience":747203,"relics_obtained":[{"floor":8,"key":"Omamori"},{"floor":9,"key":"Dream Catcher"}],"event_choices":[{"cards_removed":["Strike_G"],"damage_healed":0,"gold_gain":0,"player_choice":"Purged","damage_taken":0,"max_hp_gain":0,"max_hp_loss":0,"event_name":"Purifier","floor":5,"gold_loss":0}],"is_beta":false,"boss_relics":[],"items_purged_floors":[3],"is_endless":false,"potions_floor_spawned":[4,7],"killed_by":"Gremlin Gang","ascension_level":18}