{"gold_per_floor":[118,418,568,568,583,583,508,526,526,544,122,122,59,89,89,166,166,178,82,82,82,82,82,23,40,40,40,40,40,40,69,81,93],"floor_reached":33,"playtime":1662,"items_purged":["Regret","Doubt"],"score":514,"play_id":"f9a68cf9-4b75-4ffd-b453-2682045c1a60","local_time":"20190609195326","is_ascension_mode":true,"campfire_choices":[{"data":"Bouncing Flask","floor":6,"key":"SMITH"},{"floor":12,"key":"REST"},{"data":"Cloak And Dagger","floor":15,"key":"SMITH"},{"floor":23,"key":"REST"},{"data":"Burst","floor":27,"key":"SMITH"},{"data":"Adrenaline","floor":29,"key":"SMITH"},{"floor":32,"key":"REST"}],"neow_cost":"NONE","seed_source_timestamp":502155572062639,"circlet_count":0,"master_deck":["AscendersBane","Defend_G","Defend_G","Defend_G","Defend_G+1","Defend_G","Strike_G","Strike_G","Strike_G","Survivor","Neutralize","Grand Finale","Deadly Poison+1","Bouncing Flask+1","Well Laid Plans","Burst+1","Cloak And Dagger+1","Adrenaline+1","Dramatic Entrance","Decay","Blade Dance","PiercingWail","Doppelganger","Eviscerate","Envenom"],"relics":["Ring of the Snake","Old Coin","Paper Crane","Ginger","Dead Branch","Snecko Eye","Pantograph","Anchor","MawBank"],"potions_floor_usage":[16,16,33],"damage_taken":[{"damage":11,"enemies":"Cultist","floor":1,"turns":5},{"damage":3,"enemies":"2 Louse","floor":5,"turns":3},{"damage":0,"enemies":"Jaw Worm","floor":8,"turns":3},{"damage":11,"enemies":"Blue Slaver","floor":10,"turns":4},{"damage":10,"enemies":"Lagavulin","floor":14,"turns":4},{"damage":11,"enemies":"The Guardian","floor":16,"turns":9},{"damage":2,"enemies":"Shell Parasite","floor":18,"turns":5},{"damage":20,"enemies":"Colosseum Slavers","floor":20,"turns":5},{"damage":4,"enemies":"3 Byrds","floor":25,"turns":5},{"damage":8,"enemies":"Slavers","floor":31,"turns":6},{"damage":81,"enemies":"Automaton","floor":33,"turns":8}],"seed_played":"-8729153694765341218","potions_obtained":[{"floor":5,"key":"Strength Potion"},{"floor":10,"key":"Fire Potion"},{"floor":14,"key":"Regen Potion"},{"floor":31,"key":"SteroidPotion"}],"is_trial":false,"path_per_floor":["M","?","?","?","M","R","$","M","T","M","$","R","?","E","R","B",null,"M","$","?","?","?","R","$","M","T","R","?","R","T","E","R","B"],"character_chosen":"THE_SILENT","items_purchased":["Ginger","Dramatic Entrance","Blade Dance"],"campfire_rested":3,"item_purchase_floors":[11,19,24],"current_hp_per_floor":[48,48,48,28,25,25,25,25,25,14,14,33,33,23,23,27,56,54,54,34,34,34,53,53,49,49,49,49,49,49,41,60,0],"gold":93,"neow_bonus":"ONE_RANDOM_RARE_CARD","is_prod":false,"is_daily":false,"chose_seed":false,"campfire_upgraded":4,"win_rate":0,"timestamp":1560124406,"path_taken":["M","?","?","?","M","R","$","?","T","M","$","R","?","E","R","BOSS","M","$","?","?","?","R","?","?","T","R","?","R","?","E","R","BOSS"],"build_version":"2019-01-23","purchased_purges":2,"victory":false,"max_hp_per_floor":[66,66,66,66,66,66,66,66,66,66,66,66,66,66,66,66,66,66,66,66,66,66,66,66,66,66,66,66,66,66,66,66,66],"card_choices":[{"not_picked":["Outmaneuver","Cloak And Dagger"],"picked":"Deadly Poison","floor":1},{"not_picked":["Poisoned Stab","Prepared"],"picked":"Bouncing Flask","floor":5},{"not_picked":["Sucker Punch","Prepared"],"picked":"Well Laid Plans","floor":8},{"not_picked":["Backflip","PiercingWail"],"picked":"Burst","floor":10},{"not_picked":["Reflex","All Out Attack"],"picked":"Cloak And Dagger","floor":14},{"not_picked":["Burst","Venomology"],"picked":"Adrenaline","floor":16},{"not_picked":["Quick Slash","Deadly Poison","Prepared"],"picked":"SKIP","floor":18},{"not_picked":["Caltrops","Terror"],"picked":"PiercingWail","floor":25},{"not_picked":["Setup","Well Laid Plans"],"picked":"Envenom","floor":31}],"player_experience":872748,"relics_obtained":[{"floor":9,"key":"Paper Crane"},{"floor":14,"key":"Dead Branch"},{"floor":26,"key":"Pantograph"},{"floor":30,"key":"Anchor"},{"floor":31,"key":"MawBank"}],"event_choices":[{"damage_healed":0,"gold_gain":0,"player_choice":"Box","damage_taken":0,"relics_obtained":["Old Coin"],"max_hp_gain":0,"max_hp_loss":0,"event_name":"Big Fish","floor":2,"gold_loss":0,"cards_obtained":["Regret"]},{"damage_healed":0,"gold_gain":150,"player_choice":"AGREE","damage_taken":0,"max_hp_gain":0,"max_hp_loss":0,"event_name":"Liars Game","floor":3,"gold_loss":0,"cards_obtained":["Doubt"]},{"damage_healed":0,"gold_gain":0,"player_choice":"Entered Light","damage_taken":20,"max_hp_gain":0,"max_hp_loss":0,"event_name":"Shining Light","floor":4,"gold_loss":0,"cards_upgraded":["Deadly Poison","Defend_G"]},{"damage_healed":0,"gold_gain":0,"player_choice":"Left Gold","damage_taken":0,"max_hp_gain":0,"max_hp_loss":0,"event_name":"World of Goop","floor":13,"gold_loss":63},{"damage_healed":0,"gold_gain":0,"player_choice":"Fight","damage_taken":0,"max_hp_gain":0,"max_hp_loss":0,"event_name":"Colosseum","floor":20,"gold_loss":0},{"damage_healed":0,"gold_gain":0,"player_choice":"Fled From Nobs","damage_taken":0,"max_hp_gain":0,"max_hp_loss":0,"event_name":"Colosseum","floor":20,"gold_loss":0},{"damage_healed":0,"gold_gain":0,"player_choice":"Smashed Altar","damage_taken":0,"max_hp_gain":0,"max_hp_loss":0,"event_name":"Forgotten Altar","floor":21,"gold_loss":0,"cards_obtained":["Decay"]},{"damage_healed":0,"gold_gain":0,"player_choice":"Ignored","damage_taken":0,"max_hp_gain":0,"max_hp_loss":0,"event_name":"Vampires","floor":22,"gold_loss":0},{"damage_healed":0,"gold_gain":0,"cards_transformed":["Strike_G","Strike_G"],"player_choice":"Became Test Subject","damage_taken":0,"max_hp_gain":0,"max_hp_loss":0,"event_name":"Drug Dealer","floor":28,"gold_loss":0,"cards_obtained":["Doppelganger","Eviscerate"]}],"is_beta":false,"boss_relics":[{"not_picked":["Eternal Feather","Black Star"],"picked":"Snecko Eye"}],"items_purged_floors":[7,11],"is_endless":false,"potions_floor_spawned":[5,10,14,20,31],"killed_by":"Automaton","ascension_level":20}