{"gold_per_floor":[117,117,132,132,132,132,147,179,179,190,200,200,36,53,53,124,124,142,142],"floor_reached":19,"playtime":1068,"items_purged":[],"score":321,"play_id":"87b2e614-01df-4049-ba03-56847120d0f5","local_time":"20190615165424","is_ascension_mode":true,"campfire_choices":[{"data":"Sever Soul","floor":6,"key":"SMITH"},{"data":"Metallicize","floor":12,"key":"SMITH"},{"floor":15,"key":"REST"}],"neow_cost":"NONE","seed_source_timestamp":237127149701017,"circlet_count":0,"master_deck":["AscendersBane","Strike_R","Strike_R","Strike_R","Strike_R","Strike_R","Defend_R","Defend_R","Defend_R","Defend_R","Bash","Sever Soul+1","Feed","Fiend Fire","Carnage","Armaments","Metallicize+1","Bludgeon","Body Slam+1"],"relics":["Burning Blood","Omamori","Pen Nib","Ornamental Fan","Bag of Preparation","Orrery"],"potions_floor_usage":[8,8,11,16,18],"damage_taken":[{"damage":2,"enemies":"2 Louse","floor":1,"turns":4},{"damage":1,"enemies":"Cultist","floor":3,"turns":3},{"damage":10,"enemies":"Small Slimes","floor":7,"turns":3},{"damage":32,"enemies":"Gremlin Nob","floor":8,"turns":4},{"damage":12,"enemies":"2 Fungi Beasts","floor":10,"turns":4},{"damage":24,"enemies":"Exordium Thugs","floor":11,"turns":5},{"damage":14,"enemies":"Large Slime","floor":14,"turns":6},{"damage":42,"enemies":"Slime Boss","floor":16,"turns":12},{"damage":17,"enemies":"2 Thieves","floor":18,"turns":3},{"damage":67,"enemies":"Masked Bandits","floor":19,"turns":3}],"seed_played":"131765716875241788","potions_obtained":[{"floor":2,"key":"Swift Potion"},{"floor":2,"key":"FairyPotion"},{"floor":3,"key":"Explosive Potion"},{"floor":10,"key":"SpeedPotion"},{"floor":14,"key":"Explosive Potion"},{"floor":16,"key":"Fire Potion"}],"is_trial":false,"path_per_floor":["M","?","M","$","?","R","M","E","T","M","M","R","$","M","R","B",null,"M","?"],"character_chosen":"IRONCLAD","items_purchased":["Bag of Preparation"],"campfire_rested":1,"item_purchase_floors":[13],"current_hp_per_floor":[72,72,75,75,75,75,74,48,48,45,30,30,30,25,51,15,69,61,0],"gold":142,"neow_bonus":"RANDOM_COMMON_RELIC","is_prod":false,"is_daily":false,"chose_seed":false,"campfire_upgraded":2,"win_rate":0,"timestamp":1560642864,"path_taken":["M","?","?","?","?","R","M","E","T","M","?","R","$","M","R","BOSS","M","?"],"build_version":"2019-01-23","purchased_purges":0,"victory":false,"max_hp_per_floor":[75,75,75,75,75,75,78,78,78,81,84,84,84,87,87,87,87,90,93],"card_choices":[{"not_picked":["Cleave","Perfected Strike"],"picked":"Sever Soul","floor":1},{"not_picked":["Flex","Clash"],"picked":"Bloodletting","floor":3},{"not_picked":["Carnage","Dual Wield"],"picked":"Fiend Fire","floor":7},{"not_picked":["Rage","Armaments"],"picked":"Carnage","floor":8},{"not_picked":["Cleave","Fire Breathing"],"picked":"Armaments","floor":10},{"not_picked":["Power Through","Flex"],"picked":"Metallicize","floor":11},{"not_picked":["Iron Wave","Havoc","Combust"],"picked":"SKIP","floor":14},{"not_picked":["Immolate","Offering"],"picked":"Bludgeon","floor":16},{"not_picked":["Perfected Strike","Armaments"],"picked":"Body Slam+1","floor":18}],"player_experience":1010450,"relics_obtained":[{"floor":8,"key":"Pen Nib"},{"floor":9,"key":"Ornamental Fan"}],"event_choices":[{"damage_healed":0,"gold_gain":0,"player_choice":"Got Potions","damage_taken":0,"max_hp_gain":0,"max_hp_loss":0,"event_name":"Lab","floor":2,"gold_loss":0},{"damage_healed":0,"gold_gain":0,"cards_transformed":["Bloodletting"],"player_choice":"Transformed","damage_taken":0,"max_hp_gain":0,"max_hp_loss":0,"event_name":"Transmorgrifier","floor":5,"gold_loss":0,"cards_obtained":["Feed"]},{"damage_healed":0,"gold_gain":0,"player_choice":"Fought Bandits","damage_taken":0,"max_hp_gain":0,"max_hp_loss":0,"event_name":"Masked Bandits","floor":19,"gold_loss":0}],"is_beta":false,"boss_relics":[{"not_picked":["Black Star","Runic Cube"],"picked":"Orrery"}],"items_purged_floors":[],"is_endless":false,"potions_floor_spawned":[3,10,14,16],"killed_by":"Masked Bandits","ascension_level":18}