{"gold_per_floor":[113,113,263,279,293,293,320,337,337,355,381,381,411,423,423,495,495,511,528,539,556,566,566,576,576],"floor_reached":25,"playtime":826,"items_purged":[],"score":394,"play_id":"3cd11055-4645-4a9c-8614-5763c7d59daf","local_time":"20190331132320","is_ascension_mode":true,"campfire_choices":[{"data":"Zap","floor":6,"key":"SMITH"},{"floor":12,"key":"REST"},{"data":"Biased Cognition","floor":15,"key":"SMITH"},{"data":"Doom and Gloom","floor":23,"key":"SMITH"}],"neow_cost":"NONE","seed_source_timestamp":934793966704668,"circlet_count":0,"master_deck":["AscendersBane","Strike_B","Strike_B","Strike_B","Strike_B","Defend_B","Defend_B","Defend_B","Defend_B+1","Zap+1","Dualcast","All For One","BootSequence","Doubt","Darkness+1","Ball Lightning","Self Repair","Leap","Cold Snap","Coolheaded","Biased Cognition+1","Capacitor","Core Surge","Doom and Gloom+1","Conserve Battery"],"relics":["Cracked Core","Mercury Hourglass","Odd Mushroom","Sundial","War Paint","Singing Bowl","Sozu"],"potions_floor_usage":[7,10,13],"damage_taken":[{"damage":6,"enemies":"Jaw Worm","floor":1,"turns":5},{"damage":0,"enemies":"Small Slimes","floor":4,"turns":2},{"damage":0,"enemies":"2 Louse","floor":5,"turns":2},{"damage":17,"enemies":"The Mushroom Lair","floor":7,"turns":3},{"damage":19,"enemies":"Exordium Thugs","floor":8,"turns":4},{"damage":10,"enemies":"Gremlin Gang","floor":10,"turns":3},{"damage":11,"enemies":"3 Sentries","floor":11,"turns":5},{"damage":5,"enemies":"Lagavulin","floor":13,"turns":5},{"damage":5,"enemies":"Lots of Slimes","floor":14,"turns":3},{"damage":12,"enemies":"The Guardian","floor":16,"turns":9},{"damage":17,"enemies":"Spheric Guardian","floor":18,"turns":4},{"damage":1,"enemies":"3 Byrds","floor":19,"turns":3},{"damage":21,"enemies":"Snake Plant","floor":20,"turns":4},{"damage":3,"enemies":"Snecko","floor":21,"turns":4},{"damage":9,"enemies":"Chosen and Byrds","floor":22,"turns":4},{"damage":39,"enemies":"3 Cultists","floor":24,"turns":5},{"damage":17,"enemies":"Snake Plant","floor":25,"turns":2}],"seed_played":"-6081227937179078147","potions_obtained":[{"floor":1,"key":"SkillPotion"},{"floor":7,"key":"Weak Potion"},{"floor":8,"key":"SteroidPotion"},{"floor":11,"key":"Energy Potion"},{"floor":16,"key":"Explosive Potion"}],"is_trial":false,"path_per_floor":["M","?","?","M","M","R","?","M","T","M","E","R","E","M","R","B",null,"M","M","M","M","M","R","M","M"],"character_chosen":"DEFECT","items_purchased":[],"campfire_rested":1,"item_purchase_floors":[],"current_hp_per_floor":[58,53,53,53,53,53,36,24,24,14,10,31,33,35,35,30,61,53,61,47,44,44,44,14,0],"gold":576,"neow_bonus":"ONE_RANDOM_RARE_CARD","is_prod":false,"is_daily":false,"chose_seed":false,"campfire_upgraded":3,"win_rate":0,"timestamp":1554053000,"path_taken":["M","?","?","M","M","R","?","M","T","?","E","R","E","M","R","BOSS","M","?","?","M","M","R","M","M"],"build_version":"2019-01-23","purchased_purges":0,"victory":false,"max_hp_per_floor":[71,71,71,71,71,71,71,71,71,71,71,71,71,71,71,71,71,73,75,75,75,77,77,79,79],"card_choices":[{"not_picked":["FTL","Stack"],"picked":"BootSequence","floor":1},{"not_picked":["Stack","Double Energy"],"picked":"Darkness","floor":4},{"not_picked":["Chill","Cold Snap"],"picked":"Ball Lightning","floor":5},{"not_picked":["Redo","Beam Cell"],"picked":"Self Repair","floor":7},{"not_picked":["Scrape","Loop"],"picked":"Leap","floor":8},{"not_picked":["Stack","Chill"],"picked":"Cold Snap","floor":10},{"not_picked":["Steam Power","Turbo"],"picked":"Coolheaded","floor":11},{"not_picked":["Rebound","Steam Power"],"picked":"Biased Cognition","floor":13},{"not_picked":["Stack","Coolheaded"],"picked":"Capacitor","floor":14},{"not_picked":["Buffer","Thunder Strike"],"picked":"Core Surge","floor":16},{"not_picked":["Scrape","Beam Cell+1","Chaos"],"picked":"Singing Bowl","floor":18},{"not_picked":["Reinforced Body","Stack","Lockon"],"picked":"Singing Bowl","floor":19},{"not_picked":["Rebound","Hello World"],"picked":"Doom and Gloom","floor":20},{"not_picked":["Fusion","Lockon"],"picked":"Conserve Battery","floor":21},{"not_picked":["Steam","Sweeping Beam","Coolheaded"],"picked":"Singing Bowl","floor":22},{"not_picked":["Conserve Battery","Beam Cell","Steam"],"picked":"Singing Bowl","floor":24}],"player_experience":484413,"relics_obtained":[{"floor":7,"key":"Odd Mushroom"},{"floor":9,"key":"Sundial"},{"floor":11,"key":"War Paint"},{"floor":13,"key":"Singing Bowl"}],"event_choices":[{"damage_healed":0,"gold_gain":0,"player_choice":"Success","damage_taken":5,"relics_obtained":["Mercury Hourglass"],"max_hp_gain":0,"max_hp_loss":0,"event_name":"Scrap Ooze","floor":2,"gold_loss":0},{"damage_healed":0,"gold_gain":150,"player_choice":"AGREE","damage_taken":0,"max_hp_gain":0,"max_hp_loss":0,"event_name":"Liars Game","floor":3,"gold_loss":0,"cards_obtained":["Doubt"]},{"damage_healed":0,"gold_gain":0,"player_choice":"Fought Mushrooms","damage_taken":0,"max_hp_gain":0,"max_hp_loss":0,"event_name":"Mushrooms","floor":7,"gold_loss":0}],"is_beta":false,"boss_relics":[{"not_picked":["Fusion Hammer","Pandora\u0027s Box"],"picked":"Sozu"}],"items_purged_floors":[],"is_endless":false,"potions_floor_spawned":[1,7,8,11,16,24],"killed_by":"Snake Plant","ascension_level":16}