{"gold_per_floor":[210,127,127,139,157,157,189,206,206,226,226,226,236,215,215,292,292,303,303,303,41,61,61,61],"floor_reached":24,"playtime":933,"items_purged":["Decay"],"score":366,"play_id":"46877d99-0056-4c97-b9a0-82c33cba4f64","local_time":"20190403185701","is_ascension_mode":true,"campfire_choices":[{"data":"Rainbow","floor":6,"key":"SMITH"},{"floor":12,"key":"REST"},{"data":"Creative AI","floor":15,"key":"SMITH"},{"floor":23,"key":"REST"}],"neow_cost":"NONE","seed_source_timestamp":1213907292741439,"circlet_count":0,"master_deck":["AscendersBane","Strike_B","Strike_B","Strike_B","Strike_B","Defend_B","Defend_B","Defend_B","Defend_B","Zap","Dualcast","Conserve Battery","Capacitor","Sweeping Beam","Rainbow+1","Auto Shields","Chaos","Coolheaded","Consume","Creative AI+1","Core Surge","Apotheosis"],"relics":["Cracked Core","Vajra","DataDisk","Pantograph","Philosopher\u0027s Stone","Mercury Hourglass"],"potions_floor_usage":[7,13,16,22,24],"damage_taken":[{"damage":10,"enemies":"Small Slimes","floor":1,"turns":4},{"damage":2,"enemies":"Jaw Worm","floor":4,"turns":3},{"damage":7,"enemies":"2 Louse","floor":5,"turns":3},{"damage":26,"enemies":"Lagavulin","floor":7,"turns":5},{"damage":0,"enemies":"Exordium Wildlife","floor":8,"turns":3},{"damage":5,"enemies":"2 Fungi Beasts","floor":10,"turns":3},{"damage":8,"enemies":"3 Louse","floor":13,"turns":3},{"damage":4,"enemies":"Exordium Thugs","floor":14,"turns":4},{"damage":8,"enemies":"The Guardian","floor":16,"turns":10},{"damage":13,"enemies":"Spheric Guardian","floor":18,"turns":5},{"damage":13,"enemies":"Shell Parasite","floor":22,"turns":6},{"damage":67,"enemies":"Gremlin Leader","floor":24,"turns":7}],"seed_played":"-7652458833988748962","potions_obtained":[{"floor":4,"key":"AttackPotion"},{"floor":7,"key":"EssenceOfSteel"},{"floor":10,"key":"FearPotion"},{"floor":13,"key":"Strength Potion"},{"floor":16,"key":"Swift Potion"}],"is_trial":false,"path_per_floor":["M","$","?","M","M","R","E","M","T","M","?","R","M","M","R","B",null,"M","?","T","$","M","R","E"],"character_chosen":"DEFECT","items_purchased":["Capacitor","Apotheosis"],"campfire_rested":2,"item_purchase_floors":[2,21],"current_hp_per_floor":[54,54,59,57,50,50,24,24,24,19,1,23,15,11,11,28,64,51,51,51,51,38,60,0],"gold":61,"neow_bonus":"HUNDRED_GOLD","is_prod":false,"is_daily":false,"chose_seed":false,"campfire_upgraded":2,"win_rate":0,"timestamp":1554332221,"path_taken":["M","$","?","M","M","R","E","M","T","M","?","R","M","M","R","BOSS","M","?","?","$","M","R","E"],"build_version":"2019-01-23","purchased_purges":1,"victory":false,"max_hp_per_floor":[71,71,76,76,76,76,76,76,76,76,76,76,76,76,76,76,76,76,76,76,76,76,76,76],"card_choices":[{"not_picked":["Tempest","Barrage"],"picked":"Conserve Battery","floor":1},{"not_picked":["Genetic Algorithm","Double Energy"],"picked":"Sweeping Beam","floor":4},{"not_picked":["Barrage","Reprogram"],"picked":"Rainbow","floor":5},{"not_picked":["Turbo","Sweeping Beam"],"picked":"Auto Shields","floor":7},{"not_picked":["Tempest","Cold Snap"],"picked":"Chaos","floor":8},{"not_picked":["Leap","Blizzard"],"picked":"Coolheaded","floor":10},{"not_picked":["Coolheaded","Sunder"],"picked":"Consume","floor":13},{"not_picked":["Tempest","Scrape"],"picked":"Creative AI","floor":14},{"not_picked":["All For One","Amplify"],"picked":"Core Surge","floor":16},{"not_picked":["Loop","Gash","Compile Driver+1"],"picked":"SKIP","floor":18},{"not_picked":["Go for the Eyes","Storm+1","Sweeping Beam"],"picked":"SKIP","floor":22}],"player_experience":503636,"relics_obtained":[{"floor":7,"key":"Vajra"},{"floor":9,"key":"DataDisk"},{"floor":20,"key":"Mercury Hourglass"}],"event_choices":[{"damage_healed":0,"gold_gain":0,"player_choice":"Donut","damage_taken":0,"max_hp_gain":5,"max_hp_loss":0,"event_name":"Big Fish","floor":3,"gold_loss":0},{"damage_healed":0,"gold_gain":0,"player_choice":"Success","damage_taken":18,"relics_obtained":["Pantograph"],"max_hp_gain":0,"max_hp_loss":0,"event_name":"Scrap Ooze","floor":11,"gold_loss":0},{"damage_healed":0,"gold_gain":0,"player_choice":"Smashed Altar","damage_taken":0,"max_hp_gain":0,"max_hp_loss":0,"event_name":"Forgotten Altar","floor":19,"gold_loss":0,"cards_obtained":["Decay"]}],"is_beta":false,"boss_relics":[{"not_picked":["Orrery","Eternal Feather"],"picked":"Philosopher\u0027s Stone"}],"items_purged_floors":[21],"is_endless":false,"potions_floor_spawned":[4,7,10,13,16,18],"killed_by":"Gremlin Leader","ascension_level":17}