{"gold_per_floor":[111,129,146,18,38,68,68,68,92,92,152,152,165,191,191,191],"floor_reached":16,"playtime":595,"items_purged":["Strike_B"],"score":198,"play_id":"6b33d287-8bb0-479e-83b1-acbeb22d42da","local_time":"20190601154923","is_ascension_mode":true,"campfire_choices":[{"data":"Consume","floor":7,"key":"SMITH"},{"data":"Zap","floor":12,"key":"SMITH"},{"data":"Sunder","floor":15,"key":"SMITH"}],"neow_cost":"NONE","seed_source_timestamp":1620442995973,"circlet_count":0,"master_deck":["AscendersBane","Strike_B","Strike_B","Strike_B","Defend_B","Defend_B","Defend_B","Defend_B","Zap+1","Dualcast","FTL","Consume+1","Self Repair+1","Leap","Cold Snap","Turbo","Rebound","Sunder+1"],"relics":["Cracked Core","Orichalcum","PreservedInsect","Tiny Chest","Smiling Mask"],"potions_floor_usage":[0,1,5,11,11,11,13,13],"damage_taken":[{"damage":5,"enemies":"2 Louse","floor":1,"turns":3},{"damage":2,"enemies":"Jaw Worm","floor":2,"turns":3},{"damage":1,"enemies":"Cultist","floor":3,"turns":3},{"damage":8,"enemies":"Blue Slaver","floor":5,"turns":2},{"damage":18,"enemies":"3 Sentries","floor":6,"turns":10},{"damage":9,"enemies":"Gremlin Nob","floor":11,"turns":3},{"damage":5,"enemies":"Lots of Slimes","floor":13,"turns":4},{"damage":52,"enemies":"Hexaghost","floor":16,"turns":9}],"seed_played":"-4582004433878879248","potions_obtained":[{"floor":0,"key":"AttackPotion"},{"floor":0,"key":"Fruit Juice"},{"floor":2,"key":"Swift Potion"},{"floor":3,"key":"Energy Potion"},{"floor":10,"key":"EntropicBrew"},{"floor":11,"key":"SpeedPotion"}],"is_trial":false,"path_per_floor":["M","M","M","$","M","E","R","?","T","?","E","R","M","T","R","B"],"character_chosen":"DEFECT","items_purchased":["Leap"],"campfire_rested":0,"item_purchase_floors":[4],"current_hp_per_floor":[64,62,61,61,53,42,42,42,42,42,43,43,48,48,48,0],"gold":191,"neow_bonus":"THREE_SMALL_POTIONS","is_prod":false,"is_daily":false,"chose_seed":false,"campfire_upgraded":3,"win_rate":0,"timestamp":1559429363,"path_taken":["M","M","M","$","M","E","R","?","T","?","E","R","?","?","R","BOSS"],"build_version":"2019-01-23","purchased_purges":1,"victory":false,"max_hp_per_floor":[76,76,76,76,76,76,76,76,76,76,76,76,76,76,76,76],"card_choices":[{"not_picked":["Capacitor","Gash"],"picked":"FTL","floor":1},{"not_picked":["Undo","Hologram"],"picked":"Consume","floor":2},{"not_picked":["Rebound","Doom and Gloom"],"picked":"Self Repair","floor":3},{"not_picked":["Redo","Thunder Strike"],"picked":"Cold Snap","floor":5},{"not_picked":["Meteor Strike","Beam Cell"],"picked":"Turbo","floor":6},{"not_picked":["Stack","Go for the Eyes"],"picked":"Rebound","floor":11},{"not_picked":["Ball Lightning","Go for the Eyes"],"picked":"Sunder","floor":13}],"player_experience":930582,"relics_obtained":[{"floor":6,"key":"Orichalcum"},{"floor":9,"key":"PreservedInsect"},{"floor":11,"key":"Tiny Chest"},{"floor":14,"key":"Smiling Mask"}],"event_choices":[{"damage_healed":0,"gold_gain":0,"player_choice":"Grow","damage_taken":0,"max_hp_gain":0,"max_hp_loss":0,"event_name":"Living Wall","floor":8,"gold_loss":0,"cards_upgraded":["Self Repair"]},{"damage_healed":0,"gold_gain":0,"player_choice":"Got Potions","damage_taken":0,"max_hp_gain":0,"max_hp_loss":0,"event_name":"Lab","floor":10,"gold_loss":0}],"is_beta":false,"boss_relics":[],"items_purged_floors":[4],"is_endless":false,"potions_floor_spawned":[2,3,11],"killed_by":"Hexaghost","ascension_level":16}