{"gold_per_floor":[116,129,31,46,63,63,82,117,117,117,42,42,42,67,67,165,165,180,190,190,41,53,53,88,98,98,111,111],"floor_reached":28,"playtime":1623,"items_purged":["Strike_G"],"score":300,"play_id":"8e1a3aaf-4fa0-43b7-9a6e-83730b8f4456","local_time":"20190208073934","is_ascension_mode":true,"campfire_choices":[{"data":"Noxious Fumes","floor":6,"key":"SMITH"},{"floor":10,"key":"REST"},{"data":"Terror","floor":12,"key":"SMITH"},{"floor":15,"key":"REST"},{"floor":23,"key":"REST"}],"neow_cost":"PERCENT_DAMAGE","seed_source_timestamp":686391583010820,"circlet_count":0,"master_deck":["Defend_G","Defend_G","Defend_G","Defend_G","Defend_G","Strike_G","Strike_G","Strike_G","Strike_G","Survivor","Neutralize","Malaise","Dagger Spray","Dash","Noxious Fumes+1","Terror+1","Flying Knee","Backflip","Well Laid Plans","Burst","Dagger Throw","Prepared","Discovery","Infinite Blades","Deflect+1","Quick Slash+1","Die Die Die","Slice+1"],"relics":["Ring of the Snake","Dodecahedron","Question Card","Darkstone Periapt","Fusion Hammer","Orichalcum","Blue Candle","Turnip"],"potions_floor_usage":[16,16,24],"damage_taken":[{"damage":3,"enemies":"Small Slimes","floor":1,"turns":6},{"damage":1,"enemies":"Cultist","floor":2,"turns":4},{"damage":0,"enemies":"Jaw Worm","floor":4,"turns":4},{"damage":4,"enemies":"Exordium Thugs","floor":5,"turns":4},{"damage":1,"enemies":"Looter","floor":7,"turns":4},{"damage":18,"enemies":"Gremlin Nob","floor":8,"turns":4},{"damage":24,"enemies":"Lagavulin","floor":14,"turns":6},{"damage":7,"enemies":"The Guardian","floor":16,"turns":9},{"damage":0,"enemies":"Chosen","floor":18,"turns":6},{"damage":20,"enemies":"2 Thieves","floor":19,"turns":4},{"damage":7,"enemies":"Shelled Parasite and Fungi","floor":22,"turns":6},{"damage":29,"enemies":"Slavers","floor":24,"turns":7},{"damage":25,"enemies":"Centurion and Healer","floor":25,"turns":7},{"damage":8,"enemies":"3 Cultists","floor":27,"turns":4},{"damage":4,"enemies":"Shelled Parasite and Fungi","floor":28,"turns":2}],"seed_played":"7760126402448939177","potions_obtained":[{"floor":2,"key":"AttackPotion"},{"floor":5,"key":"LiquidBronze"},{"floor":8,"key":"Energy Potion"},{"floor":19,"key":"FearPotion"},{"floor":25,"key":"Strength Potion"}],"is_trial":false,"path_per_floor":["M","M","$","M","M","R","M","E","T","R","$","R","?","E","R","B",null,"M","M","?","$","M","R","E","M","T","M","M"],"character_chosen":"THE_SILENT","items_purchased":["Noxious Fumes","Flying Knee","Orichalcum"],"campfire_rested":3,"item_purchase_floors":[3,3,21],"current_hp_per_floor":[46,45,45,45,41,41,40,22,22,43,43,43,43,19,40,33,70,70,50,50,50,43,64,35,10,10,2,0],"gold":111,"neow_bonus":"THREE_RARE_CARDS","is_prod":false,"is_daily":false,"chose_seed":false,"campfire_upgraded":2,"win_rate":0,"timestamp":1549629574,"path_taken":["M","M","$","M","M","R","M","E","T","R","$","R","?","E","R","BOSS","M","?","?","?","M","R","E","M","T","M","?"],"build_version":"2019-01-23","purchased_purges":1,"victory":false,"max_hp_per_floor":[70,70,70,70,70,70,70,70,70,70,70,70,70,70,70,70,70,70,70,70,70,70,70,70,70,70,70,70],"card_choices":[{"not_picked":["Night Terror","Doppelganger"],"picked":"Malaise","floor":0},{"not_picked":["Deflect","Blur"],"picked":"Dagger Spray","floor":1},{"not_picked":["Riddle With Holes","Terror"],"picked":"Dash","floor":2},{"not_picked":["Skewer","Accuracy"],"picked":"Terror","floor":4},{"not_picked":["Endless Agony","Skewer"],"picked":"Flying Knee","floor":5},{"not_picked":["Quick Slash","Concentrate"],"picked":"Backflip","floor":7},{"not_picked":["Catalyst","Blade Dance","Riddle With Holes"],"picked":"SKIP","floor":8},{"not_picked":["All Out Attack","Quick Slash","Reflex"],"picked":"Well Laid Plans","floor":14},{"not_picked":["Grand Finale","Corpse Explosion","Die Die Die"],"picked":"Burst","floor":16},{"not_picked":["Choke","Backflip","Cloak And Dagger"],"picked":"Dagger Throw","floor":18},{"not_picked":["Concentrate","Bane","Dagger Throw"],"picked":"Prepared","floor":19},{"not_picked":["Poisoned Stab","Endless Agony","Underhanded Strike"],"picked":"Deflect+1","floor":22},{"not_picked":["Infinite Blades","Tactician","Concentrate"],"picked":"Quick Slash+1","floor":24},{"not_picked":["Dagger Throw","Dagger Spray","Bane"],"picked":"Die Die Die","floor":25},{"not_picked":["Finisher","Acrobatics+1","Infinite Blades+1"],"picked":"Slice+1","floor":27}],"player_experience":175736,"relics_obtained":[{"floor":8,"key":"Dodecahedron"},{"floor":9,"key":"Question Card"},{"floor":14,"key":"Darkstone Periapt"},{"floor":24,"key":"Blue Candle"},{"floor":26,"key":"Turnip"}],"event_choices":[{"cards_removed":["Flying Knee"],"damage_healed":0,"gold_gain":0,"player_choice":"Card Removal","damage_taken":0,"max_hp_gain":0,"max_hp_loss":0,"event_name":"Wheel of Change","floor":13,"gold_loss":0},{"damage_healed":0,"gold_gain":0,"player_choice":"2 cards matched","damage_taken":0,"max_hp_gain":0,"max_hp_loss":0,"event_name":"Match and Keep!","floor":20,"gold_loss":0,"cards_obtained":["Discovery","Infinite Blades"]}],"is_beta":false,"boss_relics":[{"not_picked":["Runic Dome","WristBlade"],"picked":"Fusion Hammer"}],"items_purged_floors":[11],"is_endless":false,"potions_floor_spawned":[2,5,8,19,25],"killed_by":"Shelled Parasite and Fungi","ascension_level":4}