{"gold_per_floor":[15,15,15,90,55,55,71,88,88,18,82,108,124,139,139,237,237,250,265,265,279,299,324,343,361,361,23,23,23,23,23,23,120,120,131,149,149,166,183,183,202,202,279,48,68,68,79,99,99,99,99,99,25,52,52],"floor_reached":55,"playtime":3952,"items_purged":["Strike_G","Strike_G"],"score":643,"play_id":"bafda2d8-16f0-4ad0-bd09-542b98b78770","local_time":"20190426170111","is_ascension_mode":false,"campfire_choices":[{"data":"Dash","floor":6,"key":"SMITH"},{"floor":15,"key":"REST"},{"floor":28,"key":"REST"},{"floor":30,"key":"REST"},{"floor":32,"key":"REST"},{"floor":40,"key":"RECALL"},{"data":"Caltrops","floor":42,"key":"SMITH"},{"data":"After Image","floor":46,"key":"SMITH"},{"floor":49,"key":"REST"},{"data":"Cloak And Dagger","floor":52,"key":"SMITH"}],"neow_cost":"NO_GOLD","seed_source_timestamp":257497260512352,"circlet_count":0,"master_deck":["Defend_G+1","Defend_G","Defend_G","Defend_G","Strike_G","Survivor+1","Neutralize","Tools of the Trade","Caltrops+1","Dash+1","Cloak And Dagger","Backflip","Footwork","Dagger Spray","Cloak And Dagger+1","Malaise","Dodge and Roll","Blade Dance","After Image+1","Underhanded Strike","Cloak And Dagger","Purity+1","Tools of the Trade","Adrenaline+1","Outmaneuver+1","Caltrops+1","Well Laid Plans","Footwork","Flying Knee","Reflex+1"],"relics":["Ring of the Serpent","Kunai","Shuriken","Smiling Mask","Boot","Toxic Egg 2","Chemical X","Enchiridion","Eternal Feather","War Paint","Bottled Flame"],"potions_floor_usage":[16,22,23,23,33,45,54,54,55],"damage_taken":[{"damage":0,"enemies":"Small Slimes","floor":1,"turns":5},{"damage":0,"enemies":"Jaw Worm","floor":7,"turns":4},{"damage":0,"enemies":"2 Louse","floor":8,"turns":2},{"damage":10,"enemies":"Gremlin Nob","floor":11,"turns":6},{"damage":6,"enemies":"Lagavulin","floor":12,"turns":8},{"damage":0,"enemies":"Blue Slaver","floor":13,"turns":4},{"damage":17,"enemies":"Gremlin Gang","floor":14,"turns":5},{"damage":26,"enemies":"Slime Boss","floor":16,"turns":13},{"damage":0,"enemies":"Chosen","floor":18,"turns":7},{"damage":10,"enemies":"3 Byrds","floor":19,"turns":2},{"damage":5,"enemies":"Centurion and Healer","floor":21,"turns":9},{"damage":1,"enemies":"Chosen and Byrds","floor":22,"turns":9},{"damage":17,"enemies":"Gremlin Leader","floor":23,"turns":9},{"damage":18,"enemies":"Sentry and Sphere","floor":24,"turns":12},{"damage":1,"enemies":"Snecko","floor":25,"turns":6},{"damage":10,"enemies":"Automaton","floor":33,"turns":10},{"damage":5,"enemies":"3 Shapes","floor":35,"turns":6},{"damage":0,"enemies":"Orb Walker","floor":36,"turns":5},{"damage":0,"enemies":"Writhing Mass","floor":38,"turns":10},{"damage":8,"enemies":"Spire Growth","floor":39,"turns":9},{"damage":24,"enemies":"4 Shapes","floor":41,"turns":10},{"damage":2,"enemies":"Transient","floor":45,"turns":5},{"damage":12,"enemies":"Sphere and 2 Shapes","floor":47,"turns":6},{"damage":22,"enemies":"4 Shapes","floor":48,"turns":5},{"damage":46,"enemies":"Donu and Deca","floor":50,"turns":16},{"damage":59,"enemies":"Shield and Spear","floor":54,"turns":14},{"damage":23,"enemies":"The Heart","floor":55,"turns":2}],"seed_played":"-3122237670895578375","potions_obtained":[{"floor":1,"key":"Weak Potion"},{"floor":7,"key":"Ancient Potion"},{"floor":18,"key":"SteroidPotion"},{"floor":19,"key":"Strength Potion"},{"floor":22,"key":"SkillPotion"},{"floor":24,"key":"PowerPotion"},{"floor":33,"key":"FearPotion"},{"floor":39,"key":"EssenceOfSteel"},{"floor":45,"key":"Explosive Potion"},{"floor":47,"key":"Dexterity Potion"}],"is_trial":false,"path_per_floor":["M","?","$","?","$","R","M","M","T","$","?","E","M","M","R","B",null,"M","M","?","M","M","E","M","M","T","$","R","?","R","?","R","B",null,"M","M","?","M","M","R","M","R","T","$","M","R","M","M","R","B",null,"R","$","E","B"],"character_chosen":"THE_SILENT","items_purchased":["Dash","Footwork","Chemical X","Purity+1","Well Laid Plans","War Paint","Flying Knee"],"campfire_rested":5,"item_purchase_floors":[5,10,27,27,44,44,53],"current_hp_per_floor":[70,70,70,59,59,59,59,59,59,59,49,43,43,26,47,21,70,70,60,60,55,54,37,19,18,18,18,39,23,44,44,65,55,70,65,65,65,65,57,70,46,61,61,61,59,70,58,36,70,24,70,70,70,11,0],"gold":52,"neow_bonus":"THREE_RARE_CARDS","is_prod":false,"is_daily":false,"chose_seed":false,"campfire_upgraded":4,"win_rate":0,"timestamp":1556312471,"path_taken":["M","?","$","?","?","R","M","M","T","$","?","E","M","M","R","BOSS","M","M","?","?","M","E","M","M","T","$","R","?","R","?","R","BOSS","M","?","?","?","M","R","M","R","T","$","M","R","M","M","R","BOSS","R","$","E","BOSS"],"build_version":"2019-01-23","purchased_purges":2,"victory":false,"max_hp_per_floor":[70,70,70,70,70,70,70,70,70,70,70,70,70,70,70,70,70,70,70,70,70,70,70,70,70,70,70,70,70,70,70,70,70,70,70,70,70,70,70,70,70,70,70,70,70,70,70,70,70,70,70,70,70,70,70],"card_choices":[{"not_picked":["After Image","Malaise"],"picked":"Tools of the Trade","floor":0},{"not_picked":["Dagger Throw","Deadly Poison"],"picked":"Caltrops","floor":1},{"not_picked":["Flechettes","Acrobatics"],"picked":"Cloak And Dagger","floor":7},{"not_picked":["Flechettes","Prepared"],"picked":"Backflip","floor":8},{"not_picked":["Deadly Poison","Crippling Poison"],"picked":"Dagger Spray","floor":11},{"not_picked":["Predator","Acrobatics"],"picked":"Cloak And Dagger","floor":12},{"not_picked":["Flying Knee","Unload","Bouncing Flask"],"picked":"SKIP","floor":13},{"not_picked":["Slice","Calculated Gamble","Escape Plan"],"picked":"SKIP","floor":14},{"not_picked":["Unload","Storm of Steel"],"picked":"Malaise","floor":16},{"not_picked":["Noxious Fumes+1","Expertise"],"picked":"Dodge and Roll","floor":18},{"not_picked":["Acrobatics","Catalyst"],"picked":"Blade Dance","floor":19},{"not_picked":["Catalyst","Skewer","Dagger Throw+1"],"picked":"SKIP","floor":21},{"not_picked":["Underhanded Strike","Dagger Spray"],"picked":"After Image","floor":22},{"not_picked":["Expertise","Catalyst"],"picked":"Underhanded Strike","floor":23},{"not_picked":["Backflip","PiercingWail+1"],"picked":"Cloak And Dagger","floor":24},{"not_picked":["Slice","PiercingWail","Expertise"],"picked":"SKIP","floor":25},{"not_picked":["Bullet Time+1","Corpse Explosion+1"],"picked":"Adrenaline+1","floor":33},{"not_picked":["Dodge and Roll+1","Quick Slash+1","Poisoned Stab+1"],"picked":"SKIP","floor":35},{"not_picked":["Flying Knee+1","Expertise+1"],"picked":"Outmaneuver+1","floor":36},{"not_picked":["Dagger Spray+1","Distraction+1","Tools of the Trade"],"picked":"SKIP","floor":38},{"not_picked":["Cloak And Dagger+1","Distraction+1"],"picked":"Caltrops","floor":39},{"not_picked":["Bane","Slice","Deadly Poison+1"],"picked":"SKIP","floor":41},{"not_picked":["Outmaneuver+1","PiercingWail+1","Quick Slash+1"],"picked":"SKIP","floor":45},{"not_picked":["Prepared+1","Heel Hook","Bane"],"picked":"SKIP","floor":47},{"not_picked":["Blade Dance+1","Bane+1"],"picked":"Footwork","floor":48},{"not_picked":["Backflip+1","PiercingWail+1"],"picked":"Reflex+1","floor":54}],"player_experience":621300,"relics_obtained":[{"floor":9,"key":"Kunai"},{"floor":11,"key":"Shuriken"},{"floor":12,"key":"Smiling Mask"},{"floor":23,"key":"Boot"},{"floor":26,"key":"Toxic Egg 2"},{"floor":29,"key":"Enchiridion"},{"floor":54,"key":"Bottled Flame"}],"event_choices":[{"damage_healed":0,"gold_gain":0,"player_choice":"Grow","damage_taken":0,"max_hp_gain":0,"max_hp_loss":0,"event_name":"Living Wall","floor":2,"gold_loss":0,"cards_upgraded":["Caltrops"]},{"damage_healed":0,"gold_gain":75,"player_choice":"Gather Gold","damage_taken":11,"max_hp_gain":0,"max_hp_loss":0,"event_name":"World of Goop","floor":4,"gold_loss":0},{"damage_healed":0,"gold_gain":0,"player_choice":"Searched \u00272\u0027 times","damage_taken":0,"max_hp_gain":0,"max_hp_loss":0,"event_name":"Dead Adventurer","floor":11,"gold_loss":0},{"cards_removed":["Strike_G"],"damage_healed":0,"gold_gain":0,"player_choice":"Offered Basic","damage_taken":0,"max_hp_gain":0,"max_hp_loss":0,"event_name":"Bonfire Elementals","floor":20,"gold_loss":0},{"damage_healed":0,"gold_gain":0,"player_choice":"Obtained Book","damage_taken":16,"max_hp_gain":0,"max_hp_loss":0,"event_name":"Cursed Tome","floor":29,"gold_loss":0},{"damage_healed":0,"gold_gain":0,"cards_transformed":["Strike_G"],"player_choice":"Transformed","damage_taken":0,"max_hp_gain":0,"max_hp_loss":0,"event_name":"Transmorgrifier","floor":31,"gold_loss":0,"cards_obtained":["Tools of the Trade"]},{"cards_removed":["Defend_G"],"damage_healed":0,"gold_gain":0,"player_choice":"Purged","damage_taken":0,"max_hp_gain":0,"max_hp_loss":0,"event_name":"Purifier","floor":37,"gold_loss":0}],"is_beta":false,"boss_relics":[{"not_picked":["HoveringKite","Velvet Choker"],"picked":"Ring of the Serpent"},{"not_picked":["Tiny House","Lizard Tail"],"picked":"Eternal Feather"}],"items_purged_floors":[27,53],"is_endless":false,"potions_floor_spawned":[1,7,18,19,22,24,33,39,41,45,47],"killed_by":"The Heart","ascension_level":0}