{"gold_per_floor":[115,115,131,131,56,94,110,173,173,173,143,162,175,191,191,312,312,325,325,345,366,285,285,326,326,326,326,343,343,354,370,370,467,467,479,502,512,527,527],"floor_reached":39,"playtime":1972,"items_purged":["Injury"],"score":405,"play_id":"27c5c4f2-7fea-43ad-a69e-5922239811bb","local_time":"20190511020557","is_ascension_mode":false,"campfire_choices":[{"floor":10,"key":"REST"},{"data":"White Noise","floor":15,"key":"SMITH"},{"data":"Streamline","floor":23,"key":"SMITH"},{"floor":32,"key":"REST"}],"neow_cost":"NONE","seed_source_timestamp":1095754512737822,"circlet_count":0,"master_deck":["Strike_B","Strike_B","Strike_B","Defend_B","Defend_B","Defend_B","Zap+1","Dualcast","Biased Cognition","Leap","Coolheaded","Streamline+1","Coolheaded","White Noise+1","Redo","Barrage","Electrodynamics","Sweeping Beam","Turbo+1","Bandage Up","Streamline","All For One","Darkness","Reboot","Echo Form","Leap+1","Hologram+1","Machine Learning"],"relics":["Cracked Core","Bloody Idol","Meat on the Bone","PreservedInsect","Empty Cage","Mummified Hand","Blue Candle","Nuclear Battery","Boot"],"potions_floor_usage":[12,13,16,27,31,38,38,39],"damage_taken":[{"damage":2,"enemies":"2 Louse","floor":1,"turns":2},{"damage":3,"enemies":"Small Slimes","floor":3,"turns":3},{"damage":32,"enemies":"Gremlin Nob","floor":6,"turns":4},{"damage":1,"enemies":"Cultist","floor":7,"turns":3},{"damage":0,"enemies":"Exordium Wildlife","floor":12,"turns":2},{"damage":0,"enemies":"Red Slaver","floor":13,"turns":3},{"damage":0,"enemies":"Large Slime","floor":14,"turns":4},{"damage":29,"enemies":"The Guardian","floor":16,"turns":10},{"damage":0,"enemies":"3 Byrds","floor":18,"turns":2},{"damage":11,"enemies":"Shell Parasite","floor":20,"turns":6},{"damage":6,"enemies":"Chosen and Byrds","floor":21,"turns":5},{"damage":31,"enemies":"Book of Stabbing","floor":24,"turns":4},{"damage":20,"enemies":"Colosseum Slavers","floor":27,"turns":3},{"damage":10,"enemies":"Snecko","floor":28,"turns":4},{"damage":0,"enemies":"3 Cultists","floor":30,"turns":2},{"damage":14,"enemies":"Centurion and Healer","floor":31,"turns":3},{"damage":65,"enemies":"Automaton","floor":33,"turns":9},{"damage":76,"enemies":"3 Darklings","floor":35,"turns":6},{"damage":10,"enemies":"Orb Walker","floor":37,"turns":2},{"damage":41,"enemies":"Spire Growth","floor":38,"turns":7},{"damage":39,"enemies":"Transient","floor":39,"turns":5}],"seed_played":"7358138444703750460","potions_obtained":[{"floor":6,"key":"Regen Potion"},{"floor":11,"key":"SpeedPotion"},{"floor":11,"key":"AttackPotion"},{"floor":12,"key":"Weak Potion"},{"floor":13,"key":"SneckoOil"},{"floor":19,"key":"FairyPotion"},{"floor":19,"key":"Poison Potion"},{"floor":19,"key":"Explosive Potion"},{"floor":30,"key":"SpeedPotion"},{"floor":35,"key":"Explosive Potion"},{"floor":37,"key":"Block Potion"},{"floor":38,"key":"EssenceOfSteel"}],"is_trial":false,"path_per_floor":["M","?","M","?","$","E","M","?","T","R","?","M","M","M","R","B",null,"M","?","M","M","$","R","E","?","T","?","M","?","M","M","R","B",null,"M","T","M","M","M"],"character_chosen":"DEFECT","items_purchased":["Bandage Up"],"campfire_rested":2,"item_purchase_floors":[22],"current_hp_per_floor":[73,73,70,70,70,38,49,49,49,71,71,71,71,71,71,42,75,75,75,64,58,58,58,43,43,43,39,46,46,51,47,69,25,75,20,25,36,24,0],"gold":527,"neow_bonus":"ONE_RANDOM_RARE_CARD","is_prod":false,"is_daily":false,"chose_seed":false,"campfire_upgraded":2,"win_rate":0,"timestamp":1557565557,"path_taken":["M","?","M","?","$","E","M","?","T","R","?","M","M","?","R","BOSS","M","?","M","?","$","R","E","?","T","?","M","?","M","M","R","BOSS","M","?","M","?","M"],"build_version":"2019-01-23","purchased_purges":1,"victory":false,"max_hp_per_floor":[75,75,75,75,75,75,75,75,75,75,75,75,75,75,75,75,75,75,75,75,75,75,75,75,75,75,75,75,75,75,75,75,75,75,75,75,75,75,75],"card_choices":[{"not_picked":["Compile Driver","Doom and Gloom"],"picked":"Leap","floor":1},{"not_picked":["Rebound","Compile Driver"],"picked":"Coolheaded","floor":3},{"not_picked":["Steam Power","Skim"],"picked":"Streamline","floor":6},{"not_picked":["Stack","Steam"],"picked":"Coolheaded","floor":7},{"not_picked":["Stack","Darkness"],"picked":"White Noise","floor":12},{"not_picked":["Hello World","Streamline"],"picked":"Redo","floor":13},{"not_picked":["Steam","Rainbow"],"picked":"Barrage","floor":14},{"not_picked":["Biased Cognition","Core Surge"],"picked":"Electrodynamics","floor":16},{"not_picked":["Hologram","Scrape","Heatsinks"],"picked":"SKIP","floor":18},{"not_picked":["Gash","Coolheaded"],"picked":"Sweeping Beam","floor":20},{"not_picked":["Cold Snap","Genetic Algorithm"],"picked":"Turbo+1","floor":21},{"not_picked":["Compile Driver","Recycle+1"],"picked":"Streamline","floor":24},{"not_picked":["Compile Driver","Beam Cell","Hologram"],"picked":"SKIP","floor":28},{"not_picked":["Genetic Algorithm","Beam Cell"],"picked":"Reboot","floor":30},{"not_picked":["Blizzard","Stack","Turbo"],"picked":"SKIP","floor":31},{"not_picked":["Core Surge","Amplify"],"picked":"Echo Form","floor":33},{"not_picked":["Heatsinks+1","Turbo"],"picked":"Leap+1","floor":35},{"not_picked":["Gash+1","Streamline"],"picked":"Hologram+1","floor":37},{"not_picked":["Rebound","Gash+1"],"picked":"Machine Learning","floor":38}],"player_experience":169280,"relics_obtained":[{"floor":6,"key":"Meat on the Bone"},{"floor":9,"key":"PreservedInsect"},{"floor":24,"key":"Mummified Hand"},{"floor":26,"key":"Blue Candle"},{"floor":36,"key":"Boot"}],"event_choices":[{"damage_healed":0,"gold_gain":0,"player_choice":"Grow","damage_taken":0,"max_hp_gain":0,"max_hp_loss":0,"event_name":"Living Wall","floor":2,"gold_loss":0,"cards_upgraded":["Zap"]},{"damage_healed":0,"gold_gain":0,"player_choice":"Take Wound","damage_taken":0,"relics_obtained":["Golden Idol"],"max_hp_gain":0,"max_hp_loss":0,"event_name":"Golden Idol","floor":4,"gold_loss":0,"cards_obtained":["Injury"]},{"damage_healed":0,"gold_gain":63,"player_choice":"Gained Gold","damage_taken":0,"max_hp_gain":0,"max_hp_loss":0,"event_name":"Golden Wing","floor":8,"gold_loss":0},{"damage_healed":0,"gold_gain":0,"player_choice":"Bought 2 Potions","damage_taken":0,"max_hp_gain":0,"max_hp_loss":0,"event_name":"The Woman in Blue","floor":11,"gold_loss":0},{"damage_healed":0,"gold_gain":0,"player_choice":"Got Potions","damage_taken":0,"max_hp_gain":0,"max_hp_loss":0,"event_name":"Lab","floor":19,"gold_loss":0},{"damage_healed":0,"gold_gain":0,"player_choice":"Gave Idol","damage_taken":0,"relics_obtained":["Bloody Idol"],"max_hp_gain":0,"max_hp_loss":0,"event_name":"Forgotten Altar","floor":25,"relics_lost":["Golden Idol"],"gold_loss":0},{"damage_healed":0,"gold_gain":0,"player_choice":"Fight","damage_taken":0,"max_hp_gain":0,"max_hp_loss":0,"event_name":"Colosseum","floor":27,"gold_loss":0},{"damage_healed":0,"gold_gain":0,"player_choice":"Fled From Nobs","damage_taken":0,"max_hp_gain":0,"max_hp_loss":0,"event_name":"Colosseum","floor":27,"gold_loss":0},{"damage_healed":0,"gold_gain":0,"player_choice":"2 cards matched","damage_taken":0,"max_hp_gain":0,"max_hp_loss":0,"event_name":"Match and Keep!","floor":29,"gold_loss":0,"cards_obtained":["All For One","Darkness"]}],"is_beta":false,"boss_relics":[{"not_picked":["Runic Pyramid","Snecko Eye"],"picked":"Empty Cage"},{"not_picked":["FrozenCore","Sozu"],"picked":"Nuclear Battery"}],"items_purged_floors":[5],"is_endless":false,"potions_floor_spawned":[6,12,13,20,27,30,35,37,38],"killed_by":"Transient","ascension_level":0}