{"gold_per_floor":[215,230,111,124,124,124,124,157,182,199,199,218,218,229,229,229],"floor_reached":16,"playtime":806,"items_purged":["Strike_G"],"score":199,"play_id":"b686141d-14f1-4d02-9495-4a809b42edb8","local_time":"20190526175424","is_ascension_mode":true,"campfire_choices":[{"data":"Footwork","floor":6,"key":"SMITH"},{"floor":13,"key":"REST"},{"floor":15,"key":"REST"}],"neow_cost":"NONE","seed_source_timestamp":779848914178584,"circlet_count":0,"master_deck":["AscendersBane","Defend_G","Defend_G","Defend_G","Defend_G","Defend_G","Strike_G","Strike_G","Strike_G","Survivor","Neutralize","Quick Slash","Skewer","Footwork+1","Blur","Dodge and Roll","Dagger Spray","Bouncing Flask"],"relics":["Ring of the Snake","Bronze Scales","Happy Flower","PreservedInsect"],"potions_floor_usage":[8,8,16],"damage_taken":[{"damage":8,"enemies":"Small Slimes","floor":1,"turns":5},{"damage":2,"enemies":"Jaw Worm","floor":2,"turns":5},{"damage":0,"enemies":"Cultist","floor":4,"turns":5},{"damage":35,"enemies":"Lagavulin","floor":8,"turns":10},{"damage":0,"enemies":"Blue Slaver","floor":10,"turns":4},{"damage":3,"enemies":"Exordium Thugs","floor":12,"turns":5},{"damage":7,"enemies":"Exordium Wildlife","floor":14,"turns":8},{"damage":57,"enemies":"Slime Boss","floor":16,"turns":10}],"seed_played":"3447465970578081540","potions_obtained":[{"floor":1,"key":"GamblersBrew"},{"floor":4,"key":"SkillPotion"},{"floor":14,"key":"Regen Potion"}],"is_trial":false,"path_per_floor":["M","M","$","M","?","R","?","E","T","M","?","M","R","M","R","B"],"character_chosen":"THE_SILENT","items_purchased":["Footwork"],"campfire_rested":2,"item_purchase_floors":[3],"current_hp_per_floor":[51,49,49,49,49,49,44,9,9,9,9,6,25,18,37,0],"gold":229,"neow_bonus":"HUNDRED_GOLD","is_prod":false,"is_daily":false,"chose_seed":false,"campfire_upgraded":1,"win_rate":0,"timestamp":1558907664,"path_taken":["M","M","$","M","?","R","?","E","T","M","?","?","R","M","R","BOSS"],"build_version":"2019-01-23","purchased_purges":1,"victory":false,"max_hp_per_floor":[66,66,66,66,66,66,66,66,66,66,66,66,66,66,66,66],"card_choices":[{"not_picked":["Choke","Crippling Poison"],"picked":"Quick Slash","floor":1},{"not_picked":["Dagger Spray","Crippling Poison"],"picked":"Skewer","floor":2},{"not_picked":["Tactician","PiercingWail","Eviscerate"],"picked":"SKIP","floor":4},{"not_picked":["Doppelganger","Poisoned Stab"],"picked":"Blur","floor":8},{"not_picked":["Well Laid Plans","PiercingWail"],"picked":"Dodge and Roll","floor":10},{"not_picked":["Dagger Throw","Flying Knee"],"picked":"Dagger Spray","floor":12},{"not_picked":["Dodge and Roll","Tactician"],"picked":"Bouncing Flask","floor":14}],"player_experience":766747,"relics_obtained":[{"floor":8,"key":"Happy Flower"},{"floor":9,"key":"PreservedInsect"}],"event_choices":[{"cards_removed":["Strike_G"],"damage_healed":0,"gold_gain":0,"player_choice":"Forget","damage_taken":0,"max_hp_gain":0,"max_hp_loss":0,"event_name":"Living Wall","floor":5,"gold_loss":0},{"damage_healed":0,"gold_gain":0,"player_choice":"Success","damage_taken":5,"relics_obtained":["Bronze Scales"],"max_hp_gain":0,"max_hp_loss":0,"event_name":"Scrap Ooze","floor":7,"gold_loss":0},{"damage_healed":0,"gold_gain":0,"player_choice":"Ignored","damage_taken":0,"max_hp_gain":0,"max_hp_loss":0,"event_name":"Liars Game","floor":11,"gold_loss":0}],"is_beta":false,"boss_relics":[],"items_purged_floors":[3],"is_endless":false,"potions_floor_spawned":[1,4,14],"killed_by":"Slime Boss","ascension_level":19}