{"gold_per_floor":[113,113,126,126,104,104,140,140,164,164,180,25,46,89,89,178,178,196,118,136,149,149,192,192,192,192,92,92,92,106,130,130,226,226,247,247,247,272,285,285,310,310,310,325,325,450,469,7,7,7],"floor_reached":51,"playtime":2512,"items_purged":["Injury","Writhe"],"score":1180,"play_id":"22f64753-3b5f-4e63-8904-b931c942c0fe","local_time":"20190405190453","is_ascension_mode":true,"campfire_choices":[{"data":"Infinite Blades","floor":6,"key":"SMITH"},{"data":"Cloak And Dagger","floor":8,"key":"SMITH"},{"data":"Flying Knee","floor":10,"key":"SMITH"},{"data":"Accuracy","floor":15,"key":"SMITH"},{"floor":25,"key":"REST"},{"floor":28,"key":"REST"},{"data":"1","floor":32,"key":"LIFT"},{"floor":40,"key":"REST"},{"data":"2","floor":42,"key":"LIFT"},{"floor":49,"key":"REST"}],"neow_cost":"NONE","seed_source_timestamp":2340626286117,"circlet_count":0,"master_deck":["AscendersBane","Defend_G","Defend_G","Defend_G","Defend_G","Defend_G","Strike_G","Strike_G","Strike_G","Strike_G","Strike_G","Survivor","Neutralize+1","Infinite Blades+1","Blade Dance","Cloak And Dagger+1","Flying Knee+1","PiercingWail","Accuracy+1","Finisher","Burst","Footwork","Backflip","Backflip","Dash","Footwork","Tools of the Trade","Adrenaline","Cloak And Dagger+1","Accuracy+1","Adrenaline","Injury","Leg Sweep","Blind","Footwork","Choke","Purity","Flechettes"],"relics":["Ring of the Serpent","NeowsBlessing","Golden Idol","Pen Nib","Anchor","Unceasing Top","Cursed Key","Girya","MutagenicStrength","Letter Opener","Torii","Kunai","Prayer Wheel","Vajra","Oddly Smooth Stone"],"potions_floor_usage":[14,16,23,23,33,33,39,41,44,50],"damage_taken":[{"damage":0,"enemies":"2 Louse","floor":1,"turns":1},{"damage":0,"enemies":"Cultist","floor":3,"turns":1},{"damage":0,"enemies":"3 Sentries","floor":7,"turns":1},{"damage":0,"enemies":"Jaw Worm","floor":11,"turns":2},{"damage":6,"enemies":"2 Fungi Beasts","floor":13,"turns":3},{"damage":16,"enemies":"Lagavulin","floor":14,"turns":6},{"damage":17,"enemies":"Hexaghost","floor":16,"turns":8},{"damage":2,"enemies":"Shell Parasite","floor":18,"turns":3},{"damage":0,"enemies":"3 Byrds","floor":20,"turns":3},{"damage":25,"enemies":"Snake Plant","floor":21,"turns":7},{"damage":38,"enemies":"Gremlin Leader","floor":23,"turns":9},{"damage":0,"enemies":"3 Cultists","floor":30,"turns":4},{"damage":0,"enemies":"Centurion and Healer","floor":31,"turns":6},{"damage":16,"enemies":"Collector","floor":33,"turns":12},{"damage":0,"enemies":"Orb Walker","floor":35,"turns":2},{"damage":0,"enemies":"3 Shapes","floor":38,"turns":4},{"damage":25,"enemies":"Maw","floor":39,"turns":5},{"damage":1,"enemies":"Jaw Worm Horde","floor":41,"turns":4},{"damage":1,"enemies":"Writhing Mass","floor":44,"turns":7},{"damage":0,"enemies":"Mind Bloom Boss Battle","floor":46,"turns":6},{"damage":0,"enemies":"Maw","floor":47,"turns":7},{"damage":9,"enemies":"Awakened One","floor":50,"turns":13}],"seed_played":"9029703031516112316","potions_obtained":[{"floor":3,"key":"Ancient Potion"},{"floor":11,"key":"Poison Potion"},{"floor":14,"key":"PowerPotion"},{"floor":21,"key":"SpeedPotion"},{"floor":23,"key":"GhostInAJar"},{"floor":31,"key":"FearPotion"},{"floor":33,"key":"PowerPotion"},{"floor":39,"key":"EntropicBrew"},{"floor":46,"key":"GamblersBrew"}],"is_trial":false,"path_per_floor":["M","?","M","?","$","R","E","R","T","R","M","$","M","E","R","B",null,"M","$","M","M","?","E","?","R","T","$","R","?","M","M","R","B",null,"M","?","?","M","M","R","M","R","T","M","?","?","M","$","R","B",null],"character_chosen":"THE_SILENT","items_purchased":["Cloak And Dagger","Accuracy","Footwork","Vajra","Purity","Oddly Smooth Stone","Flechettes"],"campfire_rested":4,"item_purchase_floors":[5,12,19,48,48,48,48],"current_hp_per_floor":[59,59,59,59,59,59,59,59,59,59,59,59,53,37,37,20,55,53,53,53,28,50,12,12,31,31,31,50,50,50,50,50,34,58,58,58,58,58,33,51,50,50,50,49,49,49,49,49,63,54],"gold":7,"neow_bonus":"THREE_ENEMY_KILL","is_prod":false,"is_daily":false,"chose_seed":false,"campfire_upgraded":4,"win_rate":0,"timestamp":1554505493,"path_taken":["M","?","M","?","$","R","E","R","T","R","?","$","M","E","R","BOSS","M","$","?","M","?","E","?","R","T","$","R","?","M","M","R","BOSS","M","?","?","?","M","R","M","R","T","M","?","?","M","?","R","BOSS"],"build_version":"2019-01-23","purchased_purges":2,"victory":true,"max_hp_per_floor":[66,66,66,66,66,66,66,66,66,66,66,66,66,66,66,66,66,66,66,66,66,66,66,66,66,66,66,66,66,66,66,66,66,66,66,63,63,63,63,63,63,63,63,63,63,63,63,63,63,63],"card_choices":[{"not_picked":["Bane","Acrobatics"],"picked":"Infinite Blades","floor":1},{"not_picked":["Dagger Throw","PiercingWail"],"picked":"Blade Dance","floor":3},{"not_picked":["Endless Agony","Prepared"],"picked":"Flying Knee","floor":7},{"not_picked":["Sucker Punch","Dagger Throw"],"picked":"PiercingWail","floor":11},{"not_picked":["Calculated Gamble","Poisoned Stab","Dagger Throw"],"picked":"SKIP","floor":13},{"not_picked":["Cloak And Dagger","Dash"],"picked":"Finisher","floor":14},{"not_picked":["Tools of the Trade","Night Terror"],"picked":"Burst","floor":16},{"not_picked":["Bane","Dagger Throw","Caltrops"],"picked":"SKIP","floor":18},{"not_picked":["Quick Slash","Flying Knee"],"picked":"Backflip","floor":20},{"not_picked":["Deadly Poison","Caltrops"],"picked":"Backflip","floor":21},{"not_picked":["Bane+1","Blur"],"picked":"Dash","floor":23},{"not_picked":["Sucker Punch","Dagger Throw"],"picked":"Footwork","floor":30},{"not_picked":["Deadly Poison","Dagger Throw"],"picked":"Tools of the Trade","floor":31},{"not_picked":["Tools of the Trade","Burst"],"picked":"Adrenaline","floor":33},{"not_picked":["Dagger Spray","Backflip"],"picked":"Cloak And Dagger+1","floor":35},{"not_picked":["Cloak And Dagger","Sucker Punch","Dagger Spray"],"picked":"SKIP","floor":38},{"not_picked":["Bane","Slice","Dodge and Roll"],"picked":"SKIP","floor":39},{"not_picked":["Sucker Punch","Flechettes"],"picked":"Adrenaline","floor":41},{"not_picked":["Blade Dance","All Out Attack"],"picked":"Leg Sweep","floor":44},{"not_picked":["Impatience","Dramatic Entrance"],"picked":"Blind","floor":45},{"not_picked":["Dagger Throw+1","Bane"],"picked":"Footwork","floor":46},{"not_picked":["Flechettes+1","Bane"],"picked":"Choke","floor":47},{"not_picked":["Dagger Throw","Underhanded Strike","Dagger Spray+1"],"picked":"SKIP","floor":47}],"player_experience":516490,"relics_obtained":[{"floor":7,"key":"Pen Nib"},{"floor":9,"key":"Anchor"},{"floor":14,"key":"Unceasing Top"},{"floor":23,"key":"Girya"},{"floor":26,"key":"Letter Opener"},{"floor":43,"key":"Kunai"},{"floor":46,"key":"Prayer Wheel"}],"event_choices":[{"damage_healed":0,"gold_gain":0,"player_choice":"Take Wound","damage_taken":0,"relics_obtained":["Golden Idol"],"max_hp_gain":0,"max_hp_loss":0,"event_name":"Golden Idol","floor":2,"gold_loss":0,"cards_obtained":["Injury"]},{"damage_healed":0,"gold_gain":0,"player_choice":"Upgraded","damage_taken":0,"max_hp_gain":0,"max_hp_loss":0,"event_name":"Upgrade Shrine","floor":4,"gold_loss":0,"cards_upgraded":["Neutralize"]},{"damage_healed":22,"gold_gain":0,"player_choice":"Heal","damage_taken":0,"max_hp_gain":0,"max_hp_loss":0,"event_name":"The Library","floor":22,"gold_loss":0},{"damage_healed":0,"gold_gain":0,"player_choice":"Inject Mutagens","damage_taken":0,"relics_obtained":["MutagenicStrength"],"max_hp_gain":0,"max_hp_loss":0,"event_name":"Drug Dealer","floor":24,"gold_loss":0},{"damage_healed":0,"gold_gain":0,"player_choice":"Opened","damage_taken":0,"relics_obtained":["Torii"],"max_hp_gain":0,"max_hp_loss":0,"event_name":"The Mausoleum","floor":29,"gold_loss":0},{"damage_healed":0,"gold_gain":0,"player_choice":"Max HP","damage_taken":0,"max_hp_gain":0,"max_hp_loss":3,"event_name":"Winding Halls","floor":36,"gold_loss":0},{"damage_healed":0,"gold_gain":0,"player_choice":"Copied","damage_taken":0,"max_hp_gain":0,"max_hp_loss":0,"event_name":"Duplicator","floor":37,"gold_loss":0,"cards_obtained":["Accuracy"]},{"damage_healed":0,"gold_gain":0,"player_choice":"Memory 1","damage_taken":0,"max_hp_gain":0,"max_hp_loss":0,"event_name":"SensoryStone","floor":45,"gold_loss":0},{"damage_healed":0,"gold_gain":0,"player_choice":"Fight","damage_taken":0,"max_hp_gain":0,"max_hp_loss":0,"event_name":"MindBloom","floor":46,"gold_loss":0}],"is_beta":false,"boss_relics":[{"not_picked":["Runic Dome","Tiny House"],"picked":"Cursed Key"},{"not_picked":["Velvet Choker","Snecko Eye"],"picked":"Ring of the Serpent"}],"items_purged_floors":[12,27],"is_endless":false,"potions_floor_spawned":[3,11,14,21,23,31,33,39,41,46],"ascension_level":14}