{"gold_per_floor":[110,121,46,46,64,64,64,84,84,117,129,145,145],"floor_reached":13,"playtime":488,"items_purged":["Strike_B"],"score":175,"play_id":"6a8eeebe-4188-483c-a633-fab288160347","local_time":"20190601161645","is_ascension_mode":true,"campfire_choices":[],"neow_cost":"NONE","seed_source_timestamp":3371216801099,"circlet_count":0,"master_deck":["AscendersBane","Strike_B","Strike_B","Strike_B","Defend_B","Defend_B","Defend_B","Defend_B","Zap","Dualcast","Amplify","Stack","Glacier+1","Leap","Regret","Go for the Eyes","Zap","Echo Form","Streamline+1"],"relics":["Cracked Core","Molten Egg 2","Calipers"],"potions_floor_usage":[6,10,12,13],"damage_taken":[{"damage":7,"enemies":"Jaw Worm","floor":1,"turns":3},{"damage":9,"enemies":"2 Louse","floor":2,"turns":3},{"damage":0,"enemies":"Cultist","floor":5,"turns":4},{"damage":0,"enemies":"Gremlin Nob","floor":6,"turns":1},{"damage":6,"enemies":"Blue Slaver","floor":8,"turns":5},{"damage":31,"enemies":"3 Sentries","floor":10,"turns":13},{"damage":18,"enemies":"Lots of Slimes","floor":11,"turns":7},{"damage":3,"enemies":"2 Fungi Beasts","floor":12,"turns":4},{"damage":10,"enemies":"3 Louse","floor":13,"turns":1}],"seed_played":"279359959978939206","potions_obtained":[{"floor":5,"key":"SmokeBomb"},{"floor":8,"key":"Regen Potion"},{"floor":11,"key":"Block Potion"},{"floor":12,"key":"Fire Potion"}],"is_trial":false,"path_per_floor":["M","M","$","?","M","E","?","M","T","E","M","M","M"],"character_chosen":"DEFECT","items_purchased":[],"campfire_rested":0,"item_purchase_floors":[],"current_hp_per_floor":[57,48,48,48,48,48,48,42,42,26,8,5,0],"gold":145,"neow_bonus":"ONE_RANDOM_RARE_CARD","is_prod":false,"is_daily":false,"chose_seed":false,"campfire_upgraded":0,"win_rate":0,"timestamp":1559431005,"path_taken":["M","M","$","?","M","E","?","M","T","E","M","?","M"],"build_version":"2019-01-23","purchased_purges":1,"victory":false,"max_hp_per_floor":[71,71,71,71,71,71,71,71,71,71,71,71,71],"card_choices":[{"not_picked":["Sweeping Beam","Double Energy"],"picked":"Stack","floor":1},{"not_picked":["Reprogram","Static Discharge"],"picked":"Glacier","floor":2},{"not_picked":["Barrage","Go for the Eyes"],"picked":"Leap","floor":5},{"not_picked":["Hologram","Beam Cell","Amplify"],"picked":"SKIP","floor":8},{"not_picked":["Tempest","Stack"],"picked":"Echo Form","floor":10},{"not_picked":["Redo","Double Energy","Darkness"],"picked":"SKIP","floor":11},{"not_picked":["Beam Cell+1","Conserve Battery"],"picked":"Streamline+1","floor":12}],"player_experience":932303,"relics_obtained":[{"floor":9,"key":"Molten Egg 2"},{"floor":10,"key":"Calipers"}],"event_choices":[{"damage_healed":0,"gold_gain":0,"player_choice":"Grow","damage_taken":0,"max_hp_gain":0,"max_hp_loss":0,"event_name":"Living Wall","floor":4,"gold_loss":0,"cards_upgraded":["Glacier"]},{"damage_healed":0,"gold_gain":0,"player_choice":"3 cards matched","damage_taken":0,"max_hp_gain":0,"max_hp_loss":0,"event_name":"Match and Keep!","floor":7,"gold_loss":0,"cards_obtained":["Regret","Go for the Eyes","Zap"]}],"is_beta":false,"boss_relics":[],"items_purged_floors":[3],"is_endless":false,"potions_floor_spawned":[5,6,8,11,12],"killed_by":"3 Louse","ascension_level":16}