{"gold_per_floor":[109,125,140,190,210,210,237,248,248,267,302,302,321,30,30,30],"floor_reached":16,"playtime":861,"items_purged":[],"score":222,"play_id":"27e1a87c-fcb5-4bb1-a538-1ec176a2d49d","local_time":"20190526174048","is_ascension_mode":true,"campfire_choices":[{"data":"Dash","floor":6,"key":"SMITH"},{"floor":15,"key":"REST"}],"neow_cost":"NONE","seed_source_timestamp":778978539162015,"circlet_count":0,"master_deck":["AscendersBane","Defend_G","Defend_G","Defend_G","Defend_G","Defend_G","Strike_G","Strike_G","Strike_G","Strike_G","Strike_G","Survivor","Neutralize","Leg Sweep","Backflip","Dagger Throw","Dash+1","Cloak And Dagger","Predator","Dodge and Roll","Leg Sweep","Footwork","Flechettes"],"relics":["Ring of the Snake","Bag of Preparation","Bottled Lightning","Pantograph","Juzu Bracelet","Lantern"],"potions_floor_usage":[5,7,16],"damage_taken":[{"damage":0,"enemies":"Jaw Worm","floor":1,"turns":7},{"damage":0,"enemies":"Cultist","floor":2,"turns":4},{"damage":2,"enemies":"2 Louse","floor":3,"turns":4},{"damage":0,"enemies":"2 Fungi Beasts","floor":5,"turns":5},{"damage":26,"enemies":"Lagavulin","floor":7,"turns":8},{"damage":0,"enemies":"Red Slaver","floor":8,"turns":3},{"damage":0,"enemies":"3 Louse","floor":10,"turns":4},{"damage":18,"enemies":"3 Sentries","floor":11,"turns":12},{"damage":0,"enemies":"Exordium Wildlife","floor":13,"turns":4},{"damage":62,"enemies":"Hexaghost","floor":16,"turns":16}],"seed_played":"-2641666181107354943","potions_obtained":[{"floor":2,"key":"SkillPotion"},{"floor":3,"key":"GhostInAJar"},{"floor":11,"key":"Poison Potion"}],"is_trial":false,"path_per_floor":["M","M","M","?","M","R","E","M","T","M","E","$","M","$","R","B"],"character_chosen":"THE_SILENT","items_purchased":["Footwork","Flechettes","Lantern"],"campfire_rested":1,"item_purchase_floors":[14,14,14],"current_hp_per_floor":[59,59,57,57,57,57,31,31,31,31,13,13,13,13,32,0],"gold":30,"neow_bonus":"RANDOM_COMMON_RELIC","is_prod":false,"is_daily":false,"chose_seed":false,"campfire_upgraded":1,"win_rate":0,"timestamp":1558906848,"path_taken":["M","M","M","?","?","R","E","M","T","M","E","?","M","$","R","BOSS"],"build_version":"2019-01-23","purchased_purges":0,"victory":false,"max_hp_per_floor":[66,66,66,66,66,66,66,66,66,66,66,66,66,66,66,66],"card_choices":[{"not_picked":["Sucker Punch","Blade Dance"],"picked":"Leg Sweep","floor":1},{"not_picked":["Caltrops","Bane"],"picked":"Backflip","floor":2},{"not_picked":["PiercingWail","Phantasmal Killer"],"picked":"Dagger Throw","floor":3},{"not_picked":["Dodge and Roll","Reflex"],"picked":"Dash","floor":5},{"not_picked":["Accuracy","Dodge and Roll","Grand Finale"],"picked":"SKIP","floor":7},{"not_picked":["Choke","Concentrate"],"picked":"Cloak And Dagger","floor":8},{"not_picked":["PiercingWail","Infinite Blades"],"picked":"Predator","floor":10},{"not_picked":["Dagger Throw","Bane"],"picked":"Dodge and Roll","floor":11},{"not_picked":["Sucker Punch","Accuracy"],"picked":"Leg Sweep","floor":13}],"player_experience":765886,"relics_obtained":[{"floor":7,"key":"Bottled Lightning"},{"floor":9,"key":"Pantograph"},{"floor":11,"key":"Juzu Bracelet"}],"event_choices":[{"damage_healed":0,"gold_gain":50,"player_choice":"Pray","damage_taken":0,"max_hp_gain":0,"max_hp_loss":0,"event_name":"Golden Shrine","floor":4,"gold_loss":0}],"is_beta":false,"boss_relics":[],"items_purged_floors":[],"is_endless":false,"potions_floor_spawned":[2,3,11],"killed_by":"Hexaghost","ascension_level":19}