{"gold_per_floor":[211,223,237,60,32,32,32,32,32,32,47,47,47,57,57,136,136,151,11,11,11,25,25,37,51,78,109,109],"floor_reached":28,"playtime":1119,"items_purged":[],"score":406,"play_id":"3f248665-aa10-47cb-92f1-fce0018fc2f9","local_time":"20190503121416","is_ascension_mode":true,"campfire_choices":[{"data":"Mayhem","floor":6,"key":"SMITH"},{"data":"Reaper","floor":10,"key":"SMITH"},{"data":"Perfected Strike","floor":13,"key":"SMITH"},{"data":"Pommel Strike","floor":15,"key":"SMITH"},{"data":"Limit Break","floor":23,"key":"SMITH"}],"neow_cost":"NONE","seed_source_timestamp":575766331573857,"circlet_count":0,"master_deck":["AscendersBane","Strike_R","Strike_R","Strike_R","Strike_R","Strike_R","Defend_R","Defend_R","Defend_R","Defend_R","Pommel Strike+1","Pummel","Perfected Strike+1","Mayhem+1","Reaper+1","Ghostly Armor","Iron Wave","Limit Break+1","Heavy Blade","Twin Strike"],"relics":["Burning Blood","Shuriken","Busted Crown","Oddly Smooth Stone","PreservedInsect","Champion Belt"],"potions_floor_usage":[7,11,16,18,24,27],"damage_taken":[{"damage":0,"enemies":"2 Louse","floor":1,"turns":2},{"damage":12,"enemies":"Jaw Worm","floor":2,"turns":3},{"damage":12,"enemies":"Small Slimes","floor":3,"turns":3},{"damage":29,"enemies":"Exordium Thugs","floor":5,"turns":5},{"damage":0,"enemies":"Gremlin Gang","floor":7,"turns":1},{"damage":21,"enemies":"2 Fungi Beasts","floor":11,"turns":3},{"damage":9,"enemies":"Blue Slaver","floor":14,"turns":4},{"damage":57,"enemies":"Slime Boss","floor":16,"turns":11},{"damage":21,"enemies":"3 Byrds","floor":18,"turns":6},{"damage":22,"enemies":"Spheric Guardian","floor":22,"turns":5},{"damage":13,"enemies":"Cultist and Chosen","floor":24,"turns":6},{"damage":11,"enemies":"Centurion and Healer","floor":25,"turns":7},{"damage":18,"enemies":"Book of Stabbing","floor":27,"turns":4},{"damage":58,"enemies":"3 Cultists","floor":28,"turns":4}],"seed_played":"-1549900040769615722","potions_obtained":[{"floor":2,"key":"SmokeBomb"},{"floor":3,"key":"BloodPotion"},{"floor":14,"key":"Swift Potion"},{"floor":16,"key":"Block Potion"},{"floor":22,"key":"Swift Potion"},{"floor":24,"key":"SteroidPotion"}],"is_trial":false,"path_per_floor":["M","M","M","$","M","R","M","?","T","R","M","?","R","M","R","B",null,"M","?","$","$","M","R","M","M","T","E","M"],"character_chosen":"IRONCLAD","items_purchased":["Mayhem"],"campfire_rested":0,"item_purchase_floors":[4],"current_hp_per_floor":[74,68,62,62,39,39,45,38,38,38,30,55,55,55,55,16,60,58,58,58,58,47,47,40,53,53,41,0],"gold":109,"neow_bonus":"HUNDRED_GOLD","is_prod":false,"is_daily":false,"chose_seed":false,"campfire_upgraded":5,"win_rate":0,"timestamp":1556910856,"path_taken":["M","M","M","$","M","R","M","?","T","R","M","?","R","M","R","BOSS","M","?","?","$","?","R","M","M","T","E","M"],"build_version":"2019-01-23","purchased_purges":0,"victory":false,"max_hp_per_floor":[75,75,75,75,75,75,75,75,75,75,75,75,75,75,75,75,75,75,75,75,75,75,75,75,75,75,75,75],"card_choices":[{"not_picked":["Havoc","True Grit"],"picked":"Pommel Strike","floor":1},{"not_picked":["Clash","Warcry"],"picked":"Pummel","floor":2},{"not_picked":["Clash","Searing Blow"],"picked":"Perfected Strike","floor":3},{"not_picked":["Armaments","Shrug It Off"],"picked":"Reaper","floor":5},{"not_picked":["Shockwave","Thunderclap"],"picked":"Ghostly Armor","floor":11},{"not_picked":["Combust","Havoc"],"picked":"Iron Wave","floor":14},{"not_picked":["Brutality","Feed"],"picked":"Limit Break","floor":16},{"not_picked":["Flex"],"picked":"SKIP","floor":18},{"not_picked":["True Grit"],"picked":"SKIP","floor":22},{"not_picked":["Warcry"],"picked":"SKIP","floor":24},{"not_picked":[],"picked":"Heavy Blade","floor":25},{"not_picked":[],"picked":"Twin Strike","floor":27}],"player_experience":876849,"relics_obtained":[{"floor":9,"key":"Shuriken"},{"floor":26,"key":"PreservedInsect"},{"floor":27,"key":"Champion Belt"}],"event_choices":[{"cards_removed":["Bash"],"damage_healed":0,"gold_gain":0,"player_choice":"Card Removal","damage_taken":7,"max_hp_gain":0,"max_hp_loss":0,"event_name":"Golden Wing","floor":8,"gold_loss":0},{"damage_healed":25,"gold_gain":0,"player_choice":"Banana","damage_taken":0,"max_hp_gain":0,"max_hp_loss":0,"event_name":"Big Fish","floor":12,"gold_loss":0},{"damage_healed":0,"gold_gain":0,"player_choice":"Paid Gold","damage_taken":0,"relics_obtained":["Oddly Smooth Stone"],"max_hp_gain":0,"max_hp_loss":0,"event_name":"WeMeetAgain","floor":19,"gold_loss":140}],"is_beta":false,"boss_relics":[{"not_picked":["Lizard Tail","Tiny House"],"picked":"Busted Crown"}],"items_purged_floors":[],"is_endless":false,"potions_floor_spawned":[2,3,5,14,16,22,24],"killed_by":"3 Cultists","ascension_level":15}