{"gold_per_floor":[115,130,130,149,163,163,192,202,227,243,263,263,73,87,87,159,159,174,193,39,39,57,57,67,78,124,134,134,151,162,162,162,162],"floor_reached":33,"playtime":1336,"items_purged":["Strike_R"],"score":494,"play_id":"20bd7705-3c3e-45c4-a85e-9833a3148cd3","local_time":"20190503000425","is_ascension_mode":true,"campfire_choices":[{"data":"Fiend Fire","floor":6,"key":"SMITH"},{"data":"Corruption","floor":12,"key":"SMITH"},{"data":"Entrench","floor":15,"key":"SMITH"},{"floor":23,"key":"REST"},{"data":"Immolate","floor":28,"key":"SMITH"},{"data":"Juggernaut","floor":32,"key":"SMITH"}],"neow_cost":"TEN_PERCENT_HP_LOSS","seed_source_timestamp":531746011149054,"circlet_count":0,"master_deck":["AscendersBane","Strike_R","Strike_R","Defend_R","Defend_R","Defend_R","Defend_R","Bash","Fiend Fire+1","Corruption+1","Infernal Blade","Metallicize","Flex","Thunderclap","Entrench+1","Body Slam","Battle Trance","Carnage","Immolate+1","Pommel Strike","Feed","Carnage","Carnage","Juggernaut+1","Intimidate"],"relics":["Burning Blood","Self Forming Clay","Smiling Mask","PreservedInsect","Snecko Eye","Bag of Marbles","Potion Belt"],"potions_floor_usage":[7,7,10,16,22,33,33,33],"damage_taken":[{"damage":1,"enemies":"Cultist","floor":1,"turns":3},{"damage":0,"enemies":"2 Louse","floor":2,"turns":2},{"damage":12,"enemies":"Jaw Worm","floor":4,"turns":2},{"damage":13,"enemies":"Blue Slaver","floor":5,"turns":2},{"damage":0,"enemies":"Gremlin Nob","floor":7,"turns":2},{"damage":11,"enemies":"Looter","floor":8,"turns":3},{"damage":18,"enemies":"Exordium Wildlife","floor":10,"turns":8},{"damage":0,"enemies":"2 Fungi Beasts","floor":11,"turns":2},{"damage":11,"enemies":"Looter","floor":14,"turns":4},{"damage":26,"enemies":"Slime Boss","floor":16,"turns":6},{"damage":19,"enemies":"2 Thieves","floor":18,"turns":3},{"damage":33,"enemies":"Chosen","floor":19,"turns":5},{"damage":0,"enemies":"Sentry and Sphere","floor":22,"turns":2},{"damage":7,"enemies":"3 Cultists","floor":24,"turns":4},{"damage":0,"enemies":"Snake Plant","floor":25,"turns":1},{"damage":0,"enemies":"Snecko","floor":27,"turns":2},{"damage":6,"enemies":"3 Cultists","floor":29,"turns":3},{"damage":4,"enemies":"Centurion and Healer","floor":30,"turns":4},{"damage":66,"enemies":"Collector","floor":33,"turns":6}],"seed_played":"-1107825448882499669","potions_obtained":[{"floor":1,"key":"AttackPotion"},{"floor":5,"key":"EntropicBrew"},{"floor":7,"key":"Fire Potion"},{"floor":16,"key":"PowerPotion"},{"floor":22,"key":"Dexterity Potion"},{"floor":27,"key":"Poison Potion"},{"floor":29,"key":"Explosive Potion"}],"is_trial":false,"path_per_floor":["M","M","T","M","M","R","E","M","T","M","M","R","$","M","R","B",null,"M","M","$","?","M","R","M","M","T","M","R","M","M","?","R","B"],"character_chosen":"IRONCLAD","items_purchased":["Immolate","Bag of Marbles"],"campfire_rested":1,"item_purchase_floors":[13,20],"current_hp_per_floor":[68,68,68,62,55,55,61,56,56,44,50,50,50,45,45,25,57,44,20,20,20,26,47,46,52,52,58,58,58,63,63,63,0],"gold":162,"neow_bonus":"TRANSFORM_TWO_CARDS","is_prod":false,"is_daily":false,"chose_seed":false,"campfire_upgraded":5,"win_rate":0,"timestamp":1556867065,"path_taken":["M","M","?","?","M","R","E","M","T","M","M","R","?","M","R","BOSS","M","M","$","?","M","R","M","M","T","M","R","M","?","?","R","BOSS"],"build_version":"2019-01-23","purchased_purges":1,"victory":false,"max_hp_per_floor":[68,68,68,68,68,68,68,68,68,68,68,68,68,68,68,68,68,68,71,71,71,71,71,71,71,71,71,71,71,74,74,74,74],"card_choices":[{"not_picked":["Reckless Charge","Perfected Strike"],"picked":"Infernal Blade","floor":1},{"not_picked":["Feel No Pain","Clash"],"picked":"Metallicize","floor":2},{"not_picked":["Hemokinesis","Intimidate"],"picked":"Flex","floor":4},{"not_picked":["Second Wind","Warcry"],"picked":"Thunderclap","floor":5},{"not_picked":["Armaments","Sword Boomerang"],"picked":"Entrench","floor":7},{"not_picked":["Hemokinesis","Iron Wave"],"picked":"Body Slam","floor":8},{"not_picked":["Corruption","Power Through"],"picked":"Battle Trance","floor":10},{"not_picked":["True Grit","Sword Boomerang"],"picked":"Carnage","floor":11},{"not_picked":["Clash","Battle Trance"],"picked":"Pommel Strike","floor":14},{"not_picked":["Dark Embrace","Fiend Fire"],"picked":"Feed","floor":16},{"not_picked":["Hemokinesis","Wild Strike"],"picked":"Seeing Red+1","floor":18},{"not_picked":["Sever Soul","Pommel Strike","Clash"],"picked":"SKIP","floor":19},{"not_picked":["Body Slam","Feel No Pain"],"picked":"Spot Weakness+1","floor":22},{"not_picked":["Searing Blow","Havoc","Headbutt"],"picked":"SKIP","floor":24},{"not_picked":["Clash","Rampage","Dropkick"],"picked":"SKIP","floor":25},{"not_picked":["Heavy Blade","Rage","True Grit"],"picked":"SKIP","floor":27},{"not_picked":["Warcry","Thunderclap"],"picked":"Carnage","floor":29},{"not_picked":["Flex","Perfected Strike","Burning Pact"],"picked":"SKIP","floor":30}],"player_experience":865807,"relics_obtained":[{"floor":3,"key":"Self Forming Clay"},{"floor":7,"key":"Smiling Mask"},{"floor":9,"key":"PreservedInsect"},{"floor":26,"key":"Potion Belt"}],"event_choices":[{"damage_healed":0,"gold_gain":0,"player_choice":"Copied","damage_taken":0,"max_hp_gain":0,"max_hp_loss":0,"event_name":"Duplicator","floor":21,"gold_loss":0,"cards_obtained":["Carnage"]},{"damage_healed":0,"gold_gain":0,"cards_transformed":["Spot Weakness","Seeing Red"],"player_choice":"Became Test Subject","damage_taken":0,"max_hp_gain":0,"max_hp_loss":0,"event_name":"Drug Dealer","floor":31,"gold_loss":0,"cards_obtained":["Juggernaut","Intimidate"]}],"is_beta":false,"boss_relics":[{"not_picked":["Lizard Tail","Eternal Feather"],"picked":"Snecko Eye"}],"items_purged_floors":[13],"is_endless":false,"potions_floor_spawned":[1,5,7,16,22,27,29],"killed_by":"Collector","ascension_level":15}