{"gold_per_floor":[118,131,6,21,38,72,92,92,92,117,134,145,160,160,160,264,264,276,287,287,300,225,225,252,252,306,45,57,57,77,106,118,229,241,267,379,88,103,25,51,51,31,31,45,56,56,68,85,85,85],"floor_reached":50,"playtime":2879,"items_purged":["Defend_R","Strike_R"],"score":578,"play_id":"d19d92f8-c3b2-4fdb-a948-3e75c268d12b","local_time":"20190514010947","is_ascension_mode":false,"campfire_choices":[{"data":"Whirlwind","floor":8,"key":"SMITH"},{"floor":15,"key":"REST"},{"data":"Warcry","floor":23,"key":"SMITH"},{"floor":25,"key":"REST"},{"floor":32,"key":"REST"},{"floor":41,"key":"REST"},{"data":"Limit Break","floor":46,"key":"SMITH"},{"floor":49,"key":"REST"}],"neow_cost":"NONE","seed_source_timestamp":42425614766890,"circlet_count":0,"master_deck":["Strike_R","Strike_R","Strike_R","Defend_R","Defend_R","Defend_R","Bash","Whirlwind+1","Inflame","Iron Wave","Warcry+1","Rampage","Demon Form","Thunderclap","Rampage","Dropkick","Offering","Shrug It Off","Warcry","Master of Strategy","Pummel+1","Limit Break+1","Reaper","Heavy Blade","Thunderclap+1","Flex+1","Flame Barrier","Pummel"],"relics":["Burning Blood","Dream Catcher","Pear","Question Card","Magic Flower","Incense Burner","Velvet Choker","Dodecahedron","PreservedInsect","MawBank","Philosopher\u0027s Stone","Champion Belt","Sling","Omamori","Bottled Flame"],"potions_floor_usage":[6,10,10,13,16,21,28,33,36,38,50],"damage_taken":[{"damage":6,"enemies":"Cultist","floor":1,"turns":3},{"damage":6,"enemies":"Jaw Worm","floor":2,"turns":5},{"damage":5,"enemies":"Small Slimes","floor":4,"turns":4},{"damage":11,"enemies":"Blue Slaver","floor":5,"turns":4},{"damage":19,"enemies":"Gremlin Nob","floor":6,"turns":5},{"damage":0,"enemies":"Large Slime","floor":7,"turns":4},{"damage":22,"enemies":"3 Sentries","floor":10,"turns":5},{"damage":6,"enemies":"Red Slaver","floor":11,"turns":5},{"damage":13,"enemies":"Lots of Slimes","floor":12,"turns":2},{"damage":7,"enemies":"Exordium Thugs","floor":13,"turns":4},{"damage":51,"enemies":"The Guardian","floor":16,"turns":8},{"damage":7,"enemies":"3 Byrds","floor":18,"turns":3},{"damage":6,"enemies":"Chosen","floor":19,"turns":3},{"damage":21,"enemies":"Centurion and Healer","floor":21,"turns":3},{"damage":31,"enemies":"Slavers","floor":24,"turns":3},{"damage":21,"enemies":"Snake Plant","floor":28,"turns":3},{"damage":20,"enemies":"Snecko","floor":30,"turns":4},{"damage":8,"enemies":"Gremlin Leader","floor":31,"turns":4},{"damage":81,"enemies":"Collector","floor":33,"turns":7},{"damage":16,"enemies":"Orb Walker","floor":35,"turns":2},{"damage":10,"enemies":"Mind Bloom Boss Battle","floor":36,"turns":6},{"damage":61,"enemies":"3 Shapes","floor":38,"turns":4},{"damage":16,"enemies":"Giant Head","floor":40,"turns":6},{"damage":27,"enemies":"Spire Growth","floor":44,"turns":5},{"damage":8,"enemies":"Jaw Worm Horde","floor":45,"turns":2},{"damage":15,"enemies":"3 Darklings","floor":47,"turns":3},{"damage":38,"enemies":"Sphere and 2 Shapes","floor":48,"turns":3},{"damage":143,"enemies":"Donu and Deca","floor":50,"turns":7}],"seed_played":"6762456256119751389","potions_obtained":[{"floor":5,"key":"Dexterity Potion"},{"floor":6,"key":"Energy Potion"},{"floor":7,"key":"LiquidBronze"},{"floor":11,"key":"Weak Potion"},{"floor":13,"key":"SteroidPotion"},{"floor":19,"key":"Regen Potion"},{"floor":24,"key":"LiquidBronze"},{"floor":31,"key":"Ancient Potion"},{"floor":35,"key":"Dexterity Potion"},{"floor":36,"key":"Weak Potion"},{"floor":38,"key":"FairyPotion"},{"floor":40,"key":"Poison Potion"}],"is_trial":false,"path_per_floor":["M","M","$","M","M","E","M","R","T","E","M","M","M","T","R","B",null,"M","M","?","M","?","R","E","R","T","$","M","?","M","E","R","B",null,"M","?","$","M","$","E","R","?","T","M","M","R","M","M","R","B"],"character_chosen":"IRONCLAD","items_purchased":["Inflame","Iron Wave","Master of Strategy","Sling","Flame Barrier"],"campfire_rested":5,"item_purchase_floors":[3,3,27,37,39],"current_hp_per_floor":[80,80,80,80,75,72,78,78,78,62,65,61,63,63,90,48,90,90,90,72,74,74,74,52,80,80,80,68,68,57,58,86,14,95,88,87,87,59,59,64,92,92,92,74,95,95,89,60,88,0],"gold":85,"neow_bonus":"RANDOM_COMMON_RELIC","is_prod":false,"is_daily":false,"chose_seed":false,"campfire_upgraded":3,"win_rate":0,"timestamp":1557821387,"path_taken":["M","M","$","?","M","E","M","R","T","E","?","M","M","?","R","BOSS","M","M","?","M","?","R","E","R","T","$","M","?","M","E","R","BOSS","M","?","$","M","$","E","R","?","T","?","M","R","M","?","R","BOSS"],"build_version":"2019-01-23","purchased_purges":2,"victory":false,"max_hp_per_floor":[80,80,80,80,80,90,90,90,90,90,90,90,90,90,90,90,90,90,90,95,95,95,95,95,95,95,95,95,95,95,95,95,95,95,95,95,95,95,95,95,95,95,95,95,95,95,95,95,95,95],"card_choices":[{"not_picked":["Twin Strike","Havoc"],"picked":"Whirlwind","floor":1},{"not_picked":["Twin Strike","Shrug It Off","True Grit"],"picked":"SKIP","floor":2},{"not_picked":["Shockwave","Shrug It Off"],"picked":"Warcry","floor":4},{"not_picked":["Clothesline","Second Wind","Bloodletting"],"picked":"SKIP","floor":5},{"not_picked":["Infernal Blade","Hemokinesis"],"picked":"Rampage","floor":6},{"not_picked":["Clothesline","True Grit","Bloodletting"],"picked":"SKIP","floor":7},{"not_picked":["Pommel Strike","Body Slam","Disarm","Rupture"],"picked":"SKIP","floor":10},{"not_picked":["Shrug It Off","Wild Strike","Rampage"],"picked":"Demon Form","floor":11},{"not_picked":["Havoc","Twin Strike","Sentinel"],"picked":"Thunderclap","floor":12},{"not_picked":["Entrench","Armaments","Bloodletting"],"picked":"Rampage","floor":13},{"not_picked":["Wild Strike","Inflame","Sever Soul"],"picked":"Dropkick","floor":15},{"not_picked":["Feed","Fiend Fire","Bludgeon"],"picked":"Offering","floor":16},{"not_picked":["Combust","Dual Wield","Body Slam","Bloodletting+1"],"picked":"SKIP","floor":18},{"not_picked":["Dual Wield","Reckless Charge","Armaments"],"picked":"Shrug It Off","floor":19},{"not_picked":["Wild Strike+1","Rage","Ghostly Armor+1","Anger"],"picked":"SKIP","floor":21},{"not_picked":["Armaments","Searing Blow","Pommel Strike"],"picked":"Warcry","floor":24},{"not_picked":["Dark Embrace","True Grit","Clothesline","Twin Strike"],"picked":"SKIP","floor":28},{"not_picked":["Carnage","Twin Strike","True Grit"],"picked":"Pummel+1","floor":30},{"not_picked":["Thunderclap","Carnage+1","Twin Strike+1"],"picked":"Limit Break","floor":31},{"not_picked":["Bludgeon","Demon Form","Impervious"],"picked":"Reaper","floor":33},{"not_picked":["Iron Wave","Body Slam","Shrug It Off+1"],"picked":"Heavy Blade","floor":35},{"not_picked":["Infernal Blade+1","Anger+1","Twin Strike+1"],"picked":"Thunderclap+1","floor":36},{"not_picked":["Headbutt","Thunderclap","Disarm"],"picked":"Flex+1","floor":38},{"not_picked":["Iron Wave+1","Shockwave+1","Offering"],"picked":"Pummel","floor":40},{"not_picked":["Shrug It Off+1","Sword Boomerang","Havoc","Armaments"],"picked":"SKIP","floor":44},{"not_picked":["Anger+1","Cleave+1","Infernal Blade+1","Headbutt+1"],"picked":"SKIP","floor":45},{"not_picked":["Warcry+1","Pommel Strike","Sentinel+1","Perfected Strike"],"picked":"SKIP","floor":47},{"not_picked":["Fire Breathing+1","Clash","Dual Wield+1","Wild Strike+1"],"picked":"SKIP","floor":48}],"player_experience":189590,"relics_obtained":[{"floor":6,"key":"Pear"},{"floor":9,"key":"Question Card"},{"floor":10,"key":"Magic Flower"},{"floor":14,"key":"Incense Burner"},{"floor":24,"key":"Dodecahedron"},{"floor":26,"key":"PreservedInsect"},{"floor":31,"key":"MawBank"},{"floor":36,"key":"Champion Belt"},{"floor":40,"key":"Omamori"},{"floor":43,"key":"Bottled Flame"}],"event_choices":[{"damage_healed":0,"gold_gain":0,"player_choice":"Shed Blood","damage_taken":23,"max_hp_gain":5,"max_hp_loss":0,"event_name":"Forgotten Altar","floor":20,"gold_loss":0},{"cards_removed":["Strike_R"],"damage_healed":0,"gold_gain":0,"player_choice":"Gave Gold","damage_taken":0,"max_hp_gain":0,"max_hp_loss":0,"event_name":"Beggar","floor":22,"gold_loss":75},{"damage_healed":0,"gold_gain":0,"player_choice":"Ignored","damage_taken":0,"max_hp_gain":0,"max_hp_loss":0,"event_name":"Cursed Tome","floor":29,"gold_loss":0},{"damage_healed":0,"gold_gain":0,"player_choice":"Fight","damage_taken":0,"max_hp_gain":0,"max_hp_loss":0,"event_name":"MindBloom","floor":36,"gold_loss":0},{"damage_healed":0,"gold_gain":0,"player_choice":"Bought 1 Potion","damage_taken":0,"max_hp_gain":0,"max_hp_loss":0,"event_name":"The Woman in Blue","floor":42,"gold_loss":0}],"is_beta":false,"boss_relics":[{"not_picked":["Mark of Pain","Cursed Key"],"picked":"Velvet Choker"},{"not_picked":["White Beast Statue","Snecko Eye"],"picked":"Philosopher\u0027s Stone"}],"items_purged_floors":[27,37],"is_endless":false,"potions_floor_spawned":[5,6,7,11,13,19,24,31,35,36,38,40],"killed_by":"Donu and Deca","ascension_level":0}