{"gold_per_floor":[110,128,146,146,146,172,172,188,188,200,49,68,100,119,119,217,217,227,152,15,31,51,51,83,101,101,101,101,114,125,136,136,239,239,252,0,11,11,111,139,139,149,149,167,97,97,107,23,23,23],"floor_reached":51,"playtime":3159,"items_purged":["Strike_G"],"score":738,"play_id":"60f1915c-c53a-4abb-9307-226d5a64ce27","local_time":"20190514114559","is_ascension_mode":false,"campfire_choices":[{"data":"Survivor","floor":7,"key":"SMITH"},{"floor":15,"key":"REST"},{"data":"Adrenaline","floor":23,"key":"SMITH"},{"data":"Finisher","floor":27,"key":"SMITH"},{"data":"Reflex","floor":32,"key":"SMITH"},{"floor":41,"key":"REST"},{"floor":46,"key":"REST"},{"floor":49,"key":"REST"}],"neow_cost":"NONE","seed_source_timestamp":80309079998677,"circlet_count":0,"master_deck":["Defend_G","Strike_G","Strike_G","Strike_G","Survivor+1","Neutralize","Underhanded Strike","Dagger Throw","Dagger Throw","Underhanded Strike","Predator","Dagger Spray","Finisher+1","Prepared","Adrenaline+1","Quick Slash","Dark Shackles","Dash","Backstab","Reflex+1","A Thousand Cuts+1","Setup+1","Underhanded Strike+1","Phantasmal Killer+1","Well Laid Plans+1"],"relics":["Ring of the Snake","Thread and Needle","Shuriken","Pear","Empty Cage","Frozen Egg 2","Bottled Lightning","Philosopher\u0027s Stone","Red Mask","Peace Pipe","Pocketwatch","Toxic Egg 2"],"potions_floor_usage":[13,16,18,24,24,29,30,37,39,44,47,50],"damage_taken":[{"damage":0,"enemies":"Jaw Worm","floor":1,"turns":5},{"damage":0,"enemies":"2 Louse","floor":2,"turns":3},{"damage":1,"enemies":"Cultist","floor":3,"turns":3},{"damage":24,"enemies":"Gremlin Nob","floor":6,"turns":4},{"damage":0,"enemies":"2 Fungi Beasts","floor":8,"turns":2},{"damage":0,"enemies":"Looter","floor":10,"turns":2},{"damage":3,"enemies":"Blue Slaver","floor":12,"turns":3},{"damage":0,"enemies":"Lagavulin","floor":13,"turns":3},{"damage":0,"enemies":"Exordium Wildlife","floor":14,"turns":3},{"damage":26,"enemies":"The Guardian","floor":16,"turns":9},{"damage":0,"enemies":"3 Byrds","floor":18,"turns":3},{"damage":0,"enemies":"Shell Parasite","floor":21,"turns":3},{"damage":0,"enemies":"Centurion and Healer","floor":22,"turns":4},{"damage":4,"enemies":"Book of Stabbing","floor":24,"turns":3},{"damage":0,"enemies":"Cultist and Chosen","floor":25,"turns":4},{"damage":1,"enemies":"Shelled Parasite and Fungi","floor":29,"turns":3},{"damage":3,"enemies":"Centurion and Healer","floor":30,"turns":4},{"damage":1,"enemies":"Cultist and Chosen","floor":31,"turns":5},{"damage":77,"enemies":"Champ","floor":33,"turns":8},{"damage":4,"enemies":"3 Darklings","floor":35,"turns":3},{"damage":3,"enemies":"3 Shapes","floor":37,"turns":2},{"damage":0,"enemies":"Mind Bloom Boss Battle","floor":39,"turns":4},{"damage":59,"enemies":"Giant Head","floor":40,"turns":8},{"damage":19,"enemies":"Maw","floor":42,"turns":6},{"damage":0,"enemies":"Jaw Worm Horde","floor":44,"turns":3},{"damage":11,"enemies":"3 Darklings","floor":47,"turns":2},{"damage":67,"enemies":"Donu and Deca","floor":50,"turns":6}],"seed_played":"-6081077636157555622","potions_obtained":[{"floor":8,"key":"GamblersBrew"},{"floor":12,"key":"AttackPotion"},{"floor":14,"key":"FearPotion"},{"floor":16,"key":"Dexterity Potion"},{"floor":22,"key":"Fire Potion"},{"floor":24,"key":"GhostInAJar"},{"floor":29,"key":"Swift Potion"},{"floor":31,"key":"Ancient Potion"},{"floor":33,"key":"Fire Potion"},{"floor":37,"key":"SteroidPotion"},{"floor":40,"key":"Explosive Potion"},{"floor":44,"key":"Explosive Potion"}],"is_trial":false,"path_per_floor":["M","M","M","?","?","E","R","M","T","M","$","M","E","M","R","B",null,"M","?","$","M","M","R","E","M","T","R","?","M","M","M","R","B",null,"M","?","M","?","?","E","R","M","T","M","$","R","M","$","R","B",null],"character_chosen":"THE_SILENT","items_purchased":["Predator","Quick Slash","Dark Shackles","Phantasmal Killer+1","Well Laid Plans+1","Fire Potion"],"campfire_rested":4,"item_purchase_floors":[11,20,20,45,48,48],"current_hp_per_floor":[77,77,76,76,76,52,52,52,52,52,52,49,59,59,85,59,87,87,87,87,87,87,87,83,83,83,83,83,82,79,78,78,1,87,83,83,80,80,80,21,47,28,28,28,28,54,43,43,69,2],"gold":23,"neow_bonus":"TEN_PERCENT_HP_BONUS","is_prod":false,"is_daily":false,"chose_seed":false,"campfire_upgraded":4,"win_rate":0,"timestamp":1557859559,"path_taken":["M","M","M","?","?","E","R","M","T","M","$","?","E","M","R","BOSS","M","?","$","M","M","R","E","M","T","R","?","M","M","M","R","BOSS","M","?","M","?","?","E","R","M","T","M","$","R","?","?","R","BOSS"],"build_version":"2019-01-23","purchased_purges":1,"victory":true,"max_hp_per_floor":[77,77,77,77,77,77,77,77,77,77,77,77,87,87,87,87,87,87,87,87,87,87,87,87,87,87,87,87,87,87,87,87,87,87,87,87,87,87,87,87,87,87,87,87,87,87,87,87,87,87],"card_choices":[{"not_picked":["Quick Slash","Calculated Gamble"],"picked":"Underhanded Strike","floor":1},{"not_picked":["All Out Attack","Deadly Poison"],"picked":"Dagger Throw","floor":2},{"not_picked":["Acrobatics","Deflect"],"picked":"Dagger Throw","floor":3},{"not_picked":["Cloak And Dagger","PiercingWail"],"picked":"Underhanded Strike","floor":6},{"not_picked":["Acrobatics","Concentrate","Crippling Poison"],"picked":"SKIP","floor":8},{"not_picked":["A Thousand Cuts","Dagger Throw","Sucker Punch"],"picked":"SKIP","floor":10},{"not_picked":["Concentrate","Outmaneuver"],"picked":"Dagger Spray","floor":12},{"not_picked":["Masterful Stab","Deflect"],"picked":"Finisher","floor":13},{"not_picked":["Choke","Accuracy"],"picked":"Prepared","floor":14},{"not_picked":["Malaise","Storm of Steel"],"picked":"Adrenaline","floor":16},{"not_picked":["Outmaneuver","All Out Attack","Poisoned Stab"],"picked":"SKIP","floor":18},{"not_picked":["Predator","Crippling Poison","Deadly Poison"],"picked":"SKIP","floor":21},{"not_picked":["Poisoned Stab","All Out Attack","Dodge and Roll"],"picked":"SKIP","floor":22},{"not_picked":["Blade Dance","Flechettes","Backflip"],"picked":"SKIP","floor":24},{"not_picked":["Deadly Poison","Dagger Throw"],"picked":"Dash","floor":25},{"not_picked":["Blade Dance+1","Night Terror"],"picked":"Backstab","floor":29},{"not_picked":["Footwork+1","Sucker Punch","Flying Knee"],"picked":"SKIP","floor":30},{"not_picked":["Dagger Throw","Poisoned Stab"],"picked":"Reflex","floor":31},{"not_picked":["Storm of Steel","Glass Knife"],"picked":"A Thousand Cuts+1","floor":33},{"not_picked":["Sucker Punch+1","Dagger Throw+1","Outmaneuver+1"],"picked":"SKIP","floor":35},{"not_picked":["Finisher+1","Expertise+1","Flying Knee+1"],"picked":"SKIP","floor":37},{"not_picked":["Caltrops+1","Prepared"],"picked":"Setup+1","floor":40},{"not_picked":["Deadly Poison+1","Cloak And Dagger"],"picked":"Underhanded Strike+1","floor":42},{"not_picked":["Dagger Spray","Dodge and Roll+1","Poisoned Stab"],"picked":"SKIP","floor":44},{"not_picked":["Predator","Wraith Form v2+1","Poisoned Stab"],"picked":"SKIP","floor":47}],"player_experience":198423,"relics_obtained":[{"floor":6,"key":"Thread and Needle"},{"floor":9,"key":"Shuriken"},{"floor":13,"key":"Pear"},{"floor":24,"key":"Frozen Egg 2"},{"floor":26,"key":"Bottled Lightning"},{"floor":39,"key":"Peace Pipe"},{"floor":40,"key":"Pocketwatch"},{"floor":43,"key":"Toxic Egg 2"}],"event_choices":[{"damage_healed":0,"gold_gain":0,"player_choice":"Ignored","damage_taken":0,"max_hp_gain":0,"max_hp_loss":0,"event_name":"Liars Game","floor":4,"gold_loss":0},{"cards_removed":["Strike_G"],"damage_healed":0,"gold_gain":0,"player_choice":"Offered Basic","damage_taken":0,"max_hp_gain":0,"max_hp_loss":0,"event_name":"Bonfire Elementals","floor":5,"gold_loss":0},{"cards_removed":["Defend_G"],"damage_healed":0,"gold_gain":0,"player_choice":"Gave Gold","damage_taken":0,"max_hp_gain":0,"max_hp_loss":0,"event_name":"Beggar","floor":19,"gold_loss":75},{"damage_healed":0,"gold_gain":0,"player_choice":"Ignored","damage_taken":0,"max_hp_gain":0,"max_hp_loss":0,"event_name":"Cursed Tome","floor":28,"gold_loss":0},{"damage_healed":0,"gold_gain":0,"player_choice":"Paid","damage_taken":0,"relics_obtained":["Red Mask"],"max_hp_gain":0,"max_hp_loss":0,"event_name":"Tomb of Lord Red Mask","floor":36,"gold_loss":252},{"cards_removed":["Defend_G"],"damage_healed":0,"gold_gain":0,"player_choice":"Removed Skill","damage_taken":0,"max_hp_gain":0,"max_hp_loss":0,"event_name":"Falling","floor":38,"gold_loss":0},{"damage_healed":0,"gold_gain":0,"player_choice":"Fight","damage_taken":0,"max_hp_gain":0,"max_hp_loss":0,"event_name":"MindBloom","floor":39,"gold_loss":0}],"is_beta":false,"boss_relics":[{"not_picked":["White Beast Statue","Velvet Choker"],"picked":"Empty Cage"},{"not_picked":["Runic Dome","HoveringKite"],"picked":"Philosopher\u0027s Stone"}],"items_purged_floors":[11],"is_endless":false,"potions_floor_spawned":[8,12,14,16,22,24,29,31,33,37,40,44],"ascension_level":0}