{"gold_per_floor":[118,118,193,193,210,210,239,253,303,453,453],"floor_reached":11,"playtime":172,"items_purged":[],"score":128,"play_id":"38153536-f8a0-49ea-8033-ae06dde71585","local_time":"20190601164630","is_ascension_mode":true,"campfire_choices":[{"floor":6,"key":"REST"}],"neow_cost":"NONE","seed_source_timestamp":5473205961400,"circlet_count":0,"master_deck":["AscendersBane","Strike_B","Strike_B+1","Strike_B","Strike_B","Defend_B","Defend_B+1","Defend_B","Defend_B","Zap","Dualcast","Streamline+1","Defragment","Ball Lightning","Chaos","Doubt"],"relics":["Cracked Core","PreservedInsect","Bronze Scales","Centennial Puzzle"],"potions_floor_usage":[],"damage_taken":[{"damage":16,"enemies":"Small Slimes","floor":1,"turns":3},{"damage":15,"enemies":"2 Louse","floor":5,"turns":3},{"damage":16,"enemies":"Gremlin Nob","floor":7,"turns":3},{"damage":0,"enemies":"Jaw Worm","floor":8,"turns":2},{"damage":12,"enemies":"Large Slime","floor":11,"turns":2}],"seed_played":"-7084483128593687348","potions_obtained":[{"floor":8,"key":"FocusPotion"}],"is_trial":false,"path_per_floor":["M","?","?","?","M","R","E","M","T","?","M"],"character_chosen":"DEFECT","items_purchased":[],"campfire_rested":1,"item_purchase_floors":[],"current_hp_per_floor":[48,27,16,16,1,22,6,6,6,6,0],"gold":453,"neow_bonus":"RANDOM_COMMON_RELIC","is_prod":false,"is_daily":false,"chose_seed":false,"campfire_upgraded":0,"win_rate":0,"timestamp":1559432790,"path_taken":["M","?","?","?","M","R","E","M","T","?","?"],"build_version":"2019-01-23","purchased_purges":0,"victory":false,"max_hp_per_floor":[71,71,71,71,71,71,71,71,71,71,71],"card_choices":[{"not_picked":["Conserve Battery","Hologram"],"picked":"Streamline","floor":1},{"not_picked":["Leap","Cold Snap"],"picked":"Defragment","floor":5},{"not_picked":["Fusion","Gash"],"picked":"Ball Lightning","floor":7},{"not_picked":["Coolheaded","Gash"],"picked":"Chaos","floor":8}],"player_experience":934364,"relics_obtained":[{"floor":7,"key":"Bronze Scales"},{"floor":9,"key":"Centennial Puzzle"}],"event_choices":[{"damage_healed":0,"gold_gain":0,"player_choice":"Entered Light","damage_taken":21,"max_hp_gain":0,"max_hp_loss":0,"event_name":"Shining Light","floor":2,"gold_loss":0,"cards_upgraded":["Strike_B","Defend_B"]},{"damage_healed":0,"gold_gain":75,"player_choice":"Gather Gold","damage_taken":11,"max_hp_gain":0,"max_hp_loss":0,"event_name":"World of Goop","floor":3,"gold_loss":0},{"damage_healed":0,"gold_gain":0,"player_choice":"Grow","damage_taken":0,"max_hp_gain":0,"max_hp_loss":0,"event_name":"Living Wall","floor":4,"gold_loss":0,"cards_upgraded":["Streamline"]},{"damage_healed":0,"gold_gain":150,"player_choice":"AGREE","damage_taken":0,"max_hp_gain":0,"max_hp_loss":0,"event_name":"Liars Game","floor":10,"gold_loss":0,"cards_obtained":["Doubt"]}],"is_beta":false,"boss_relics":[],"items_purged_floors":[],"is_endless":false,"potions_floor_spawned":[8],"killed_by":"Large Slime","ascension_level":16}