{"gold_per_floor":[111,61,61,74,88,117,117,151,178,178,25,43,74,99,111,224,236,259,186,218,49,49,77,77,112,137,162,162,492,492,526,526,625,625,636,636,636,0,32,32],"floor_reached":40,"playtime":2233,"items_purged":["Terror+1","Deadly Poison"],"score":959,"play_id":"80bb369d-f68b-4a28-a96b-75044ad35909","local_time":"20190630084112","daily_mods":["Draft","Heirloom","DeadlyEvents","Elite Swarm","Terminal","Binary"],"is_ascension_mode":false,"campfire_choices":[{"data":"Noxious Fumes","floor":7,"key":"SMITH"},{"data":"Noxious Fumes","floor":10,"key":"SMITH"},{"data":"Noxious Fumes","floor":15,"key":"SMITH"},{"data":"PiercingWail","floor":24,"key":"SMITH"},{"data":"A Thousand Cuts","floor":28,"key":"SMITH"},{"data":"Good Instincts","floor":32,"key":"SMITH"}],"neow_cost":"","seed_source_timestamp":1151693324160457,"circlet_count":0,"master_deck":["Noxious Fumes+1","PiercingWail+1","Escape Plan","Deflect","Acrobatics","Noxious Fumes+1","Outmaneuver","Deflect","PiercingWail+1","Deflect","Bouncing Flask","Noxious Fumes+1","Well Laid Plans","Good Instincts+1","A Thousand Cuts+1","Deadly Poison+1","Panache","Madness","Discovery","Madness","Madness","Apotheosis","Madness","Blur","Noxious Fumes"],"relics":["Unceasing Top","Busted Crown","FossilizedHelix","Bag of Preparation","Regal Pillow","War Paint","Blood Vial","MawBank","Black Star","Ornamental Fan","Anchor","The Specimen","Question Card","Art of War","Happy Flower","Potion Belt","Shuriken","Pen Nib","Ancient Tea Set","Old Coin","Omamori","Ginger","Eternal Feather","Toxic Egg 2","Blue Candle","The Courier"],"potions_floor_usage":[8,12,20,23,31,33,33],"damage_taken":[{"damage":0,"enemies":"2 Louse","floor":1,"turns":3},{"damage":0,"enemies":"Small Slimes","floor":4,"turns":4},{"damage":0,"enemies":"Jaw Worm","floor":5,"turns":4},{"damage":20,"enemies":"Gremlin Nob","floor":6,"turns":4},{"damage":0,"enemies":"3 Sentries","floor":8,"turns":5},{"damage":0,"enemies":"Large Slime","floor":12,"turns":5},{"damage":0,"enemies":"Gremlin Nob","floor":13,"turns":4},{"damage":0,"enemies":"3 Sentries","floor":14,"turns":4},{"damage":0,"enemies":"Hexaghost","floor":16,"turns":6},{"damage":0,"enemies":"Chosen","floor":18,"turns":4},{"damage":0,"enemies":"3 Byrds","floor":20,"turns":3},{"damage":12,"enemies":"Slavers","floor":23,"turns":4},{"damage":0,"enemies":"Book of Stabbing","floor":25,"turns":6},{"damage":0,"enemies":"Slavers","floor":27,"turns":4},{"damage":0,"enemies":"Book of Stabbing","floor":29,"turns":5},{"damage":9,"enemies":"Gremlin Leader","floor":31,"turns":4},{"damage":0,"enemies":"Champ","floor":33,"turns":6},{"damage":2,"enemies":"Orb Walker","floor":35,"turns":4},{"damage":2,"enemies":"Nemesis","floor":39,"turns":7},{"damage":25,"enemies":"Reptomancer","floor":40,"turns":2}],"seed_played":"101196356314294360","potions_obtained":[{"floor":4,"key":"AttackPotion"},{"floor":6,"key":"Dexterity Potion"},{"floor":8,"key":"EssenceOfSteel"},{"floor":16,"key":"SkillPotion"},{"floor":18,"key":"Regen Potion"},{"floor":20,"key":"Strength Potion"},{"floor":27,"key":"SpeedPotion"},{"floor":29,"key":"SkillPotion"},{"floor":31,"key":"LiquidBronze"},{"floor":35,"key":"SneckoOil"},{"floor":39,"key":"EntropicBrew"}],"is_trial":true,"path_per_floor":["M","?","?","M","M","E","R","E","T","R","$","M","E","E","R","B",null,"M","?","M","$","T","E","R","E","T","E","R","E","?","E","R","B",null,"M","?","?","$","E","E"],"character_chosen":"THE_SILENT","items_purchased":["Well Laid Plans","Good Instincts","Apotheosis","Madness","Blur","Noxious Fumes","Toxic Egg 2"],"campfire_rested":0,"item_purchase_floors":[11,21,38,38,38,38,38],"current_hp_per_floor":[68,67,71,70,69,49,49,49,49,49,49,49,49,51,51,53,57,56,55,54,53,52,44,44,46,46,47,46,45,36,29,29,31,40,38,28,23,23,23,0],"gold":32,"neow_bonus":"","is_prod":false,"is_daily":false,"chose_seed":false,"campfire_upgraded":6,"win_rate":0,"timestamp":1561909272,"path_taken":["M","?","?","M","M","E","R","E","T","R","$","?","E","?","R","BOSS","M","?","M","$","?","E","R","?","T","E","R","E","?","?","R","BOSS","M","?","?","$","?","E"],"build_version":"2019-01-23","purchased_purges":2,"victory":false,"max_hp_per_floor":[68,67,71,70,69,68,67,66,65,64,63,62,61,60,59,58,57,56,55,54,53,52,51,50,49,48,47,46,45,44,43,42,41,40,39,38,37,36,35,35],"card_choices":[{"not_picked":["Underhanded Strike","Accuracy"],"picked":"Noxious Fumes","floor":0},{"not_picked":["Sucker Punch","Heel Hook"],"picked":"PiercingWail","floor":0},{"not_picked":["Backstab","Tactician"],"picked":"Escape Plan","floor":0},{"not_picked":["Dodge and Roll","Sucker Punch"],"picked":"Deflect","floor":0},{"not_picked":["Skewer","Concentrate"],"picked":"Acrobatics","floor":0},{"not_picked":["Sucker Punch","Bouncing Flask"],"picked":"Noxious Fumes","floor":0},{"not_picked":["Finisher","Underhanded Strike"],"picked":"Bane","floor":0},{"not_picked":["Poisoned Stab","Leg Sweep"],"picked":"Deadly Poison","floor":0},{"not_picked":["Tactician","Flying Knee"],"picked":"Outmaneuver","floor":0},{"not_picked":["Poisoned Stab","Endless Agony"],"picked":"Deflect","floor":0},{"not_picked":["Blade Dance","Dagger Throw"],"picked":"Terror","floor":0},{"not_picked":["Finisher","Backstab"],"picked":"PiercingWail","floor":0},{"not_picked":["Slice","Cloak And Dagger"],"picked":"Deflect","floor":0},{"not_picked":["Quick Slash","Dash"],"picked":"Bouncing Flask","floor":0},{"not_picked":["Dagger Throw","Terror"],"picked":"Noxious Fumes","floor":0},{"not_picked":[],"picked":"A Thousand Cuts","floor":25},{"not_picked":["Wraith Form v2"],"picked":"SKIP","floor":27},{"not_picked":["Unload"],"picked":"SKIP","floor":29},{"not_picked":["Doppelganger"],"picked":"SKIP","floor":31},{"not_picked":[],"picked":"Deadly Poison+1","floor":35},{"not_picked":[],"picked":"Panache","floor":36},{"not_picked":[],"picked":"Madness","floor":36},{"not_picked":[],"picked":"Discovery","floor":36},{"not_picked":["Unload"],"picked":"SKIP","floor":39}],"player_experience":50290,"relics_obtained":[{"floor":6,"key":"Bag of Preparation"},{"floor":8,"key":"Regal Pillow"},{"floor":9,"key":"War Paint"},{"floor":13,"key":"Blood Vial"},{"floor":14,"key":"MawBank"},{"floor":22,"key":"Anchor"},{"floor":23,"key":"The Specimen"},{"floor":23,"key":"Question Card"},{"floor":25,"key":"Art of War"},{"floor":25,"key":"Happy Flower"},{"floor":26,"key":"Potion Belt"},{"floor":27,"key":"Shuriken"},{"floor":27,"key":"Pen Nib"},{"floor":29,"key":"Ancient Tea Set"},{"floor":29,"key":"Old Coin"},{"floor":31,"key":"Omamori"},{"floor":31,"key":"Ginger"},{"floor":39,"key":"Blue Candle"},{"floor":39,"key":"The Courier"}],"event_choices":[{"cards_removed":["Bane"],"damage_healed":0,"gold_gain":0,"player_choice":"Card Removal","damage_taken":0,"max_hp_gain":0,"max_hp_loss":0,"event_name":"The Cleric","floor":2,"gold_loss":50},{"damage_healed":0,"gold_gain":0,"player_choice":"Donut","damage_taken":0,"max_hp_gain":5,"max_hp_loss":0,"event_name":"Big Fish","floor":3,"gold_loss":0},{"damage_healed":0,"gold_gain":0,"player_choice":"Obtained Relic","damage_taken":0,"relics_obtained":["Ornamental Fan"],"max_hp_gain":0,"max_hp_loss":0,"event_name":"Addict","floor":19,"gold_loss":85},{"damage_healed":0,"gold_gain":0,"player_choice":"Stopped","damage_taken":9,"max_hp_gain":0,"max_hp_loss":0,"event_name":"Cursed Tome","floor":30,"gold_loss":0},{"damage_healed":0,"gold_gain":0,"player_choice":"Memory 3","damage_taken":10,"max_hp_gain":0,"max_hp_loss":0,"event_name":"SensoryStone","floor":36,"gold_loss":0},{"damage_healed":0,"gold_gain":0,"player_choice":"Embrace Madness","damage_taken":5,"max_hp_gain":0,"max_hp_loss":0,"event_name":"Winding Halls","floor":37,"gold_loss":0,"cards_obtained":["Madness","Madness"]}],"is_beta":false,"boss_relics":[{"not_picked":["Snecko Eye","White Beast Statue"],"picked":"Black Star"},{"not_picked":["Orrery","Calling Bell"],"picked":"Eternal Feather"}],"items_purged_floors":[11,21],"is_endless":false,"potions_floor_spawned":[4,6,8,16,18,20,27,29,31,35,39],"killed_by":"Reptomancer","ascension_level":0}