{"gold_per_floor":[117,128,128,141,141,158,158,50,131,206,206,223,223,251,251,356,356,368,383,66,79,91,91,102,136,136,151,151,162,261,261,261,366,366,386,1385,1385,1355,1375,1375,1375],"floor_reached":41,"playtime":1457,"items_purged":["Strike_B"],"score":418,"play_id":"bad05406-14d2-48b9-95df-603a06abb563","local_time":"20190517151837","is_ascension_mode":false,"campfire_choices":[{"data":"Capacitor","floor":7,"key":"SMITH"},{"data":"Sunder","floor":11,"key":"SMITH"},{"data":"Darkness","floor":13,"key":"SMITH"},{"data":"Buffer","floor":15,"key":"SMITH"},{"data":"Machine Learning","floor":23,"key":"SMITH"},{"floor":32,"key":"REST"},{"floor":40,"key":"REST"}],"neow_cost":"NONE","seed_source_timestamp":157855613468774,"circlet_count":0,"master_deck":["Strike_B","Strike_B","Defend_B","Defend_B","Defend_B","Defend_B","Zap","Dualcast","Ball Lightning","Self Repair","Capacitor+1","Buffer+1","Sunder+1","Doom and Gloom","Darkness+1","Machine Learning+1","White Noise+1","Conserve Battery","Panache","Beam Cell","Glacier","Meteor Strike","Turbo+1","Redo+1","Buffer","Undo+1","Normality","Normality","Madness","Madness"],"relics":["Velvet Choker"],"potions_floor_usage":[16,16,21,22,27,29],"damage_taken":[{"damage":1,"enemies":"Jaw Worm","floor":1,"turns":3},{"damage":3,"enemies":"Small Slimes","floor":2,"turns":2},{"damage":1,"enemies":"Cultist","floor":4,"turns":3},{"damage":19,"enemies":"Large Slime","floor":6,"turns":6},{"damage":5,"enemies":"Lots of Slimes","floor":12,"turns":4},{"damage":16,"enemies":"Gremlin Nob","floor":14,"turns":4},{"damage":20,"enemies":"Hexaghost","floor":16,"turns":7},{"damage":12,"enemies":"Shell Parasite","floor":18,"turns":4},{"damage":10,"enemies":"Chosen","floor":19,"turns":5},{"damage":25,"enemies":"3 Cultists","floor":21,"turns":4},{"damage":10,"enemies":"Cultist and Chosen","floor":22,"turns":4},{"damage":4,"enemies":"Chosen and Byrds","floor":24,"turns":6},{"damage":25,"enemies":"Masked Bandits","floor":25,"turns":5},{"damage":15,"enemies":"Sentry and Sphere","floor":27,"turns":7},{"damage":0,"enemies":"Snake Plant","floor":29,"turns":5},{"damage":33,"enemies":"Automaton","floor":33,"turns":9},{"damage":52,"enemies":"3 Darklings","floor":35,"turns":6},{"damage":10,"enemies":"Orb Walker","floor":39,"turns":4},{"damage":48,"enemies":"Nemesis","floor":41,"turns":5}],"seed_played":"-5991245109288625162","potions_obtained":[{"floor":4,"key":"FocusPotion"},{"floor":16,"key":"Fruit Juice"},{"floor":18,"key":"Explosive Potion"},{"floor":21,"key":"Ancient Potion"},{"floor":25,"key":"Explosive Potion"},{"floor":27,"key":"Weak Potion"},{"floor":35,"key":"GamblersBrew"},{"floor":38,"key":"Fire Potion"},{"floor":38,"key":"Energy Potion"}],"is_trial":false,"path_per_floor":["M","M","?","M","?","M","R","$","T","?","R","M","R","E","R","B",null,"M","M","$","M","M","R","M","?","T","M","?","M","?","?","R","B",null,"M","?","?","?","M","R","E"],"character_chosen":"DEFECT","items_purchased":["Sunder","Doom and Gloom","Panache","Beam Cell"],"campfire_rested":2,"item_purchase_floors":[8,8,20,20],"current_hp_per_floor":[74,71,64,70,70,58,58,58,58,47,47,49,49,40,40,32,80,68,65,65,47,44,44,47,29,29,21,21,28,28,28,52,26,80,35,35,25,25,22,46,0],"gold":1375,"neow_bonus":"BOSS_RELIC","is_prod":false,"is_daily":false,"chose_seed":false,"campfire_upgraded":5,"win_rate":0,"timestamp":1558120717,"path_taken":["M","M","?","M","?","M","R","$","T","?","R","M","R","E","R","BOSS","M","M","$","M","M","R","M","?","T","M","?","M","?","?","R","BOSS","M","?","?","?","?","R","E"],"build_version":"2019-01-23","purchased_purges":1,"victory":false,"max_hp_per_floor":[75,75,75,75,75,75,75,75,75,75,75,75,75,75,75,80,80,80,80,80,80,80,80,80,80,80,80,80,80,80,80,80,80,80,80,80,80,80,80,80,80],"card_choices":[{"not_picked":["Auto Shields","Leap"],"picked":"Ball Lightning","floor":1},{"not_picked":["Sweeping Beam","Beam Cell"],"picked":"Self Repair","floor":2},{"not_picked":["Rebound","Sweeping Beam"],"picked":"Capacitor","floor":4},{"not_picked":["Sweeping Beam","Tempest"],"picked":"Buffer","floor":6},{"not_picked":["Doom and Gloom","Stack"],"picked":"Darkness","floor":12},{"not_picked":["Chill","Steam","Steam Power"],"picked":"SKIP","floor":14},{"not_picked":["Fission","Amplify"],"picked":"Machine Learning","floor":16},{"not_picked":["Heatsinks","Go for the Eyes"],"picked":"White Noise+1","floor":18},{"not_picked":["FTL+1","Streamline+1"],"picked":"Conserve Battery","floor":19},{"not_picked":["Streamline","Gash"],"picked":"Glacier","floor":21},{"not_picked":["Stack","Hello World"],"picked":"Meteor Strike","floor":22},{"not_picked":["Hologram","Stack"],"picked":"Turbo+1","floor":24},{"not_picked":["Sweeping Beam+1","Redo","Sunder"],"picked":"SKIP","floor":27},{"not_picked":["Cold Snap","Leap"],"picked":"Redo+1","floor":29},{"not_picked":["Seek","Rainbow"],"picked":"Buffer","floor":33},{"not_picked":["Self Repair","Reinforced Body+1"],"picked":"Undo+1","floor":35},{"not_picked":["Hologram","Rebound","Leap+1"],"picked":"SKIP","floor":39},{"not_picked":["Hologram","Rebound","Leap+1"],"picked":"SKIP","floor":39}],"player_experience":718426,"relics_obtained":[],"event_choices":[{"cards_removed":["Strike_B"],"damage_healed":0,"gold_gain":0,"player_choice":"Card Removal","damage_taken":7,"max_hp_gain":0,"max_hp_loss":0,"event_name":"Golden Wing","floor":3,"gold_loss":0},{"damage_healed":0,"gold_gain":0,"player_choice":"Fled","damage_taken":0,"max_hp_gain":0,"max_hp_loss":0,"event_name":"Scrap Ooze","floor":5,"gold_loss":0},{"damage_healed":0,"gold_gain":75,"player_choice":"Gather Gold","damage_taken":11,"max_hp_gain":0,"max_hp_loss":0,"event_name":"World of Goop","floor":10,"gold_loss":0},{"damage_healed":0,"gold_gain":0,"player_choice":"Fought Bandits","damage_taken":0,"max_hp_gain":0,"max_hp_loss":0,"event_name":"Masked Bandits","floor":25,"gold_loss":0},{"damage_healed":0,"gold_gain":0,"player_choice":"Ignored","damage_taken":0,"max_hp_gain":0,"max_hp_loss":0,"event_name":"Cursed Tome","floor":28,"gold_loss":0},{"damage_healed":0,"gold_gain":99,"player_choice":"Stole From Cult","damage_taken":0,"max_hp_gain":0,"max_hp_loss":0,"event_name":"Nest","floor":30,"gold_loss":0},{"damage_healed":0,"gold_gain":0,"player_choice":"Ignored","damage_taken":0,"max_hp_gain":0,"max_hp_loss":0,"event_name":"NoteForYourself","floor":31,"gold_loss":0},{"damage_healed":0,"gold_gain":999,"player_choice":"Gold","damage_taken":0,"max_hp_gain":0,"max_hp_loss":0,"event_name":"MindBloom","floor":36,"gold_loss":0,"cards_obtained":["Normality","Normality"]},{"damage_healed":0,"gold_gain":0,"player_choice":"Embrace Madness","damage_taken":10,"max_hp_gain":0,"max_hp_loss":0,"event_name":"Winding Halls","floor":37,"gold_loss":0,"cards_obtained":["Madness","Madness"]},{"damage_healed":0,"gold_gain":0,"player_choice":"Bought 2 Potions","damage_taken":0,"max_hp_gain":0,"max_hp_loss":0,"event_name":"The Woman in Blue","floor":38,"gold_loss":0}],"is_beta":false,"boss_relics":[{"not_picked":["Snecko Eye","Busted Crown","Tiny House"]},{"not_picked":["Fusion Hammer","Eternal Feather","Runic Pyramid"]}],"items_purged_floors":[20],"is_endless":false,"potions_floor_spawned":[4,16,18,21,25,27,35],"killed_by":"Nemesis","ascension_level":0}