{"gold_per_floor":[118,136,136,136,152,152,187,197,224,257,274,274,288,354,354,428,428,440,453,187,102,102,102],"floor_reached":23,"playtime":793,"items_purged":[],"score":392,"play_id":"c2cab1dd-20ca-4ad7-8e72-d65c9bea7792","local_time":"20190702203255","is_ascension_mode":true,"campfire_choices":[{"data":"Ball Lightning","floor":6,"key":"SMITH"},{"data":"Double Energy","floor":12,"key":"SMITH"},{"floor":15,"key":"REST"}],"neow_cost":"NONE","seed_source_timestamp":1719304018317022,"circlet_count":0,"master_deck":["AscendersBane","Strike_B","Strike_B","Strike_B","Defend_B","Defend_B","Defend_B","Defend_B","Zap+1","Dualcast","Stack","Coolheaded+1","Ball Lightning+1","Beam Cell","Ball Lightning","Seek","Double Energy+1","Biased Cognition","Streamline","Defragment"],"relics":["FrozenCore","Orichalcum","Bag of Preparation","Oddly Smooth Stone","Gremlin Horn","Potion Belt"],"potions_floor_usage":[7,8,11,18,19,19],"damage_taken":[{"damage":3,"enemies":"Small Slimes","floor":1,"turns":2},{"damage":0,"enemies":"2 Louse","floor":2,"turns":4},{"damage":0,"enemies":"Cultist","floor":5,"turns":3},{"damage":11,"enemies":"Gremlin Nob","floor":7,"turns":3},{"damage":19,"enemies":"Gremlin Gang","floor":8,"turns":4},{"damage":15,"enemies":"Lagavulin","floor":10,"turns":7},{"damage":0,"enemies":"Large Slime","floor":11,"turns":3},{"damage":5,"enemies":"Blue Slaver","floor":13,"turns":3},{"damage":11,"enemies":"Hexaghost","floor":16,"turns":9},{"damage":8,"enemies":"Shell Parasite","floor":18,"turns":3},{"damage":0,"enemies":"Chosen","floor":19,"turns":4},{"damage":58,"enemies":"Slavers","floor":23,"turns":4}],"seed_played":"7918837770386492090","potions_obtained":[{"floor":5,"key":"AttackPotion"},{"floor":7,"key":"Poison Potion"},{"floor":8,"key":"Explosive Potion"},{"floor":13,"key":"SpeedPotion"},{"floor":16,"key":"Fire Potion"},{"floor":18,"key":"Swift Potion"}],"is_trial":false,"path_per_floor":["M","M","?","?","M","R","E","M","T","E","M","R","M","?","R","B",null,"M","M","$","?","?","E"],"character_chosen":"DEFECT","items_purchased":["Gremlin Horn"],"campfire_rested":1,"item_purchase_floors":[20],"current_hp_per_floor":[61,61,61,61,61,61,50,31,31,16,16,16,11,11,32,21,59,51,51,51,51,51,0],"gold":102,"neow_bonus":"UPGRADE_CARD","is_prod":false,"is_daily":false,"chose_seed":false,"campfire_upgraded":2,"win_rate":0,"timestamp":1562124775,"path_taken":["M","M","?","?","M","R","E","?","T","E","?","R","M","?","R","BOSS","M","M","$","?","?","E"],"build_version":"2019-07-01","purchased_purges":0,"victory":false,"max_hp_per_floor":[71,71,71,71,71,71,71,71,71,71,71,71,71,71,71,71,71,71,71,71,71,71,71],"card_choices":[{"not_picked":["Hello World","Turbo"],"picked":"Stack","floor":1},{"not_picked":["Stack","Reprogram"],"picked":"Coolheaded","floor":2},{"not_picked":["Capacitor","Skim"],"picked":"Ball Lightning","floor":5},{"not_picked":["Static Discharge","Steam"],"picked":"Beam Cell","floor":7},{"not_picked":["Turbo","Static Discharge"],"picked":"Ball Lightning","floor":8},{"not_picked":["Force Field","Ball Lightning"],"picked":"Seek","floor":10},{"not_picked":["Skim","Lockon"],"picked":"Double Energy","floor":11},{"not_picked":["Gash","Turbo","Go for the Eyes"],"picked":"SKIP","floor":13},{"not_picked":["Seek","Reboot"],"picked":"Biased Cognition","floor":16},{"not_picked":["Hologram","Force Field"],"picked":"Streamline","floor":18},{"not_picked":["Coolheaded","Beam Cell","Sweeping Beam"],"picked":"SKIP","floor":19}],"player_experience":1122712,"relics_obtained":[{"floor":7,"key":"Orichalcum"},{"floor":9,"key":"Bag of Preparation"},{"floor":10,"key":"Oddly Smooth Stone"}],"event_choices":[{"damage_healed":0,"gold_gain":0,"player_choice":"Grow","damage_taken":0,"max_hp_gain":0,"max_hp_loss":0,"event_name":"Living Wall","floor":3,"gold_loss":0,"cards_upgraded":["Coolheaded"]},{"cards_removed":["Strike_B"],"damage_healed":0,"gold_gain":0,"player_choice":"Purged","damage_taken":0,"max_hp_gain":0,"max_hp_loss":0,"event_name":"Purifier","floor":4,"gold_loss":0},{"damage_healed":0,"gold_gain":66,"player_choice":"Gained Gold","damage_taken":0,"max_hp_gain":0,"max_hp_loss":0,"event_name":"Golden Wing","floor":14,"gold_loss":0},{"damage_healed":0,"gold_gain":0,"player_choice":"Obtained Relic","damage_taken":0,"relics_obtained":["Potion Belt"],"max_hp_gain":0,"max_hp_loss":0,"event_name":"Addict","floor":21,"gold_loss":85},{"damage_healed":0,"gold_gain":0,"player_choice":"Read","damage_taken":0,"max_hp_gain":0,"max_hp_loss":0,"event_name":"The Library","floor":22,"gold_loss":0,"cards_obtained":["Defragment"]}],"is_beta":false,"boss_relics":[{"not_picked":["Black Star","Tiny House"],"picked":"FrozenCore"}],"items_purged_floors":[],"is_endless":false,"potions_floor_spawned":[5,7,8,13,16,18],"killed_by":"Slavers","ascension_level":19}