{"gold_per_floor":[112,112,132,132,132,167,167,188,215,164,188,202,202,227,227,227],"floor_reached":16,"playtime":737,"items_purged":[],"score":189,"play_id":"09f57cb1-7b0d-485f-a26c-b8eec254cdcd","local_time":"20190606201337","is_ascension_mode":true,"campfire_choices":[{"floor":7,"key":"REST"},{"data":"Dropkick","floor":13,"key":"SMITH"},{"floor":15,"key":"REST"}],"neow_cost":"NONE","seed_source_timestamp":449332784297566,"circlet_count":0,"master_deck":["AscendersBane","Strike_R+1","Strike_R","Strike_R","Strike_R","Defend_R","Defend_R","Defend_R","Defend_R+1","Bash","Uppercut","Dropkick+1","Perfected Strike","Uppercut","Armaments","Double Tap","Thunderclap"],"relics":["Burning Blood","Golden Idol","Smiling Mask","Centennial Puzzle"],"potions_floor_usage":[16,16],"damage_taken":[{"damage":6,"enemies":"Cultist","floor":1,"turns":3},{"damage":2,"enemies":"2 Louse","floor":3,"turns":4},{"damage":47,"enemies":"3 Sentries","floor":6,"turns":8},{"damage":0,"enemies":"Small Slimes","floor":8,"turns":3},{"damage":5,"enemies":"Red Slaver","floor":11,"turns":4},{"damage":4,"enemies":"Blue Slaver","floor":12,"turns":4},{"damage":17,"enemies":"Exordium Thugs","floor":14,"turns":4},{"damage":46,"enemies":"The Guardian","floor":16,"turns":15}],"seed_played":"7925654476528225222","potions_obtained":[{"floor":3,"key":"Weak Potion"},{"floor":6,"key":"PowerPotion"}],"is_trial":false,"path_per_floor":["M","?","M","?","?","E","R","M","T","$","M","M","R","M","R","B"],"character_chosen":"IRONCLAD","items_purchased":["Armaments"],"campfire_rested":2,"item_purchase_floors":[10],"current_hp_per_floor":[68,68,68,48,48,7,27,33,33,33,34,36,36,25,45,0],"gold":227,"neow_bonus":"THREE_CARDS","is_prod":false,"is_daily":false,"chose_seed":false,"campfire_upgraded":1,"win_rate":0,"timestamp":1559877217,"path_taken":["M","?","M","?","?","E","R","M","T","$","M","?","R","M","R","BOSS"],"build_version":"2019-01-23","purchased_purges":0,"victory":false,"max_hp_per_floor":[75,68,68,68,68,68,68,68,68,68,68,68,68,68,68,68],"card_choices":[{"not_picked":["Warcry","Havoc"],"picked":"Uppercut","floor":0},{"not_picked":["Armaments","Flex"],"picked":"Dropkick","floor":1},{"not_picked":["Warcry","Whirlwind"],"picked":"Perfected Strike","floor":3},{"not_picked":["Clothesline","Exhume","Corruption"],"picked":"SKIP","floor":6},{"not_picked":["Flex","Armaments"],"picked":"Uppercut","floor":8},{"not_picked":["Body Slam","Second Wind","Clash"],"picked":"SKIP","floor":11},{"not_picked":["Havoc","Seeing Red"],"picked":"Double Tap","floor":12},{"not_picked":["Body Slam","Pommel Strike"],"picked":"Thunderclap","floor":14}],"player_experience":959558,"relics_obtained":[{"floor":6,"key":"Smiling Mask"},{"floor":9,"key":"Centennial Puzzle"}],"event_choices":[{"damage_healed":0,"gold_gain":0,"player_choice":"Lose Max HP","damage_taken":0,"relics_obtained":["Golden Idol"],"max_hp_gain":0,"max_hp_loss":7,"event_name":"Golden Idol","floor":2,"gold_loss":0},{"damage_healed":0,"gold_gain":0,"player_choice":"Entered Light","damage_taken":20,"max_hp_gain":0,"max_hp_loss":0,"event_name":"Shining Light","floor":4,"gold_loss":0,"cards_upgraded":["Strike_R","Defend_R"]},{"cards_removed":["Strike_R"],"damage_healed":0,"gold_gain":0,"player_choice":"Offered Basic","damage_taken":0,"max_hp_gain":0,"max_hp_loss":0,"event_name":"Bonfire Elementals","floor":5,"gold_loss":0}],"is_beta":false,"boss_relics":[],"items_purged_floors":[],"is_endless":false,"potions_floor_spawned":[3,6],"killed_by":"The Guardian","ascension_level":17}