{"gold_per_floor":[117,117,47,57,70,99,113,113,113,126,146,165,165,190,190,291,291,231,231,231,1,1,1,1,1,1,1,1,1],"floor_reached":29,"playtime":2229,"items_purged":[],"score":291,"play_id":"ad6e50e9-028c-4c03-b7da-fd02b343763b","local_time":"20190129165829","is_ascension_mode":false,"campfire_choices":[{"floor":13,"key":"REST"},{"data":"Armaments","floor":15,"key":"SMITH"},{"floor":23,"key":"REST"}],"neow_cost":"NONE","seed_source_timestamp":971373115861016,"circlet_count":0,"master_deck":["Strike_R","Strike_R","Strike_R","Strike_R","Strike_R","Defend_R","Defend_R","Defend_R","Defend_R","Bash","Carnage","Inflame","Sever Soul","Blood for Blood","True Grit","Thunderclap","Flame Barrier","Thunderclap","Flex","Armaments+1","Limit Break","Spot Weakness","Shockwave","RitualDagger","Limit Break+1","Metallicize","Armaments","Inflame","Iron Wave","Exhume"],"relics":["Burning Blood","Pantograph","Self Forming Clay","Question Card","Lantern","Ectoplasm","DollysMirror","Mummified Hand"],"potions_floor_usage":[6,16,29,29],"damage_taken":[{"damage":3,"enemies":"2 Louse","floor":1,"turns":3},{"damage":4,"enemies":"Small Slimes","floor":4,"turns":3},{"damage":6,"enemies":"Jaw Worm","floor":5,"turns":3},{"damage":35,"enemies":"Lagavulin","floor":6,"turns":6},{"damage":24,"enemies":"Exordium Thugs","floor":7,"turns":7},{"damage":10,"enemies":"Lots of Slimes","floor":10,"turns":4},{"damage":0,"enemies":"Looter","floor":11,"turns":4},{"damage":0,"enemies":"Large Slime","floor":12,"turns":4},{"damage":8,"enemies":"Gremlin Nob","floor":14,"turns":3},{"damage":0,"enemies":"Slime Boss","floor":16,"turns":8},{"damage":15,"enemies":"2 Thieves","floor":18,"turns":4},{"damage":15,"enemies":"3 Byrds","floor":19,"turns":5},{"damage":41,"enemies":"Cultist and Chosen","floor":22,"turns":8},{"damage":12,"enemies":"Centurion and Healer","floor":24,"turns":7},{"damage":27,"enemies":"Snake Plant","floor":25,"turns":4},{"damage":25,"enemies":"Sentry and Sphere","floor":28,"turns":4},{"damage":17,"enemies":"Chosen and Byrds","floor":29,"turns":4}],"seed_played":"8668175133632294853","potions_obtained":[{"floor":1,"key":"Poison Potion"},{"floor":10,"key":"SpeedPotion"},{"floor":11,"key":"PowerPotion"},{"floor":14,"key":"Strength Potion"},{"floor":16,"key":"Poison Potion"},{"floor":22,"key":"Swift Potion"},{"floor":25,"key":"Weak Potion"},{"floor":28,"key":"SteroidPotion"}],"is_trial":false,"path_per_floor":["M","?","$","M","M","E","M","?","T","M","M","M","R","E","R","B",null,"M","M","?","$","M","R","M","M","T","?","M","M"],"character_chosen":"IRONCLAD","items_purchased":["Inflame","DollysMirror","Metallicize"],"campfire_rested":2,"item_purchase_floors":[3,21,21],"current_hp_per_floor":[88,70,70,72,72,43,25,25,25,21,27,33,59,57,57,88,88,79,70,64,64,29,55,49,28,28,28,9,0],"gold":1,"neow_bonus":"TEN_PERCENT_HP_BONUS","is_prod":false,"is_daily":false,"chose_seed":false,"campfire_upgraded":1,"win_rate":0.0,"timestamp":1548799109,"path_taken":["M","?","$","M","M","E","M","?","T","M","M","M","R","E","R","BOSS","M","M","?","$","M","R","M","M","T","?","M","?"],"build_version":"2019-01-23","purchased_purges":0,"victory":false,"max_hp_per_floor":[88,88,88,88,88,88,88,88,88,88,88,88,88,88,88,88,88,88,88,88,88,88,88,88,88,88,88,88,88],"card_choices":[{"not_picked":["Feel No Pain","Wild Strike"],"picked":"Carnage","floor":1},{"not_picked":["Feel No Pain","Twin Strike"],"picked":"Sever Soul","floor":4},{"not_picked":["Dropkick","Pummel"],"picked":"Blood for Blood","floor":5},{"not_picked":["Pommel Strike","Warcry"],"picked":"True Grit","floor":6},{"not_picked":["Twin Strike","True Grit"],"picked":"Thunderclap","floor":7},{"not_picked":["Entrench","Burning Pact","Shrug It Off"],"picked":"Flame Barrier","floor":10},{"not_picked":["Twin Strike","Dropkick","True Grit"],"picked":"Thunderclap","floor":11},{"not_picked":["Twin Strike","Shrug It Off","Thunderclap"],"picked":"Flex","floor":12},{"not_picked":["Barricade","Thunderclap","Havoc"],"picked":"Armaments","floor":14},{"not_picked":["Brutality","Impervious","Juggernaut"],"picked":"Limit Break","floor":16},{"not_picked":["Sever Soul+1","Evolve","Cleave+1"],"picked":"Spot Weakness","floor":18},{"not_picked":["Feel No Pain+1","Shrug It Off","Anger"],"picked":"Shockwave","floor":19},{"not_picked":["Carnage","Burning Pact","Sever Soul"],"picked":"Armaments","floor":22},{"not_picked":["Rage","Perfected Strike","Body Slam"],"picked":"Inflame","floor":24},{"not_picked":["Feel No Pain","Shockwave","Twin Strike+1"],"picked":"Iron Wave","floor":25},{"not_picked":["Evolve","Body Slam+1","Rupture"],"picked":"Exhume","floor":28}],"player_experience":62200,"relics_obtained":[{"floor":6,"key":"Self Forming Clay"},{"floor":9,"key":"Question Card"},{"floor":14,"key":"Lantern"},{"floor":26,"key":"Mummified Hand"}],"event_choices":[{"damage_healed":0,"gold_gain":0,"player_choice":"Success","damage_taken":18,"relics_obtained":["Pantograph"],"max_hp_gain":0,"max_hp_loss":0,"event_name":"Scrap Ooze","floor":2,"gold_loss":0},{"damage_healed":0,"gold_gain":0,"player_choice":"Ignored","damage_taken":0,"max_hp_gain":0,"max_hp_loss":0,"event_name":"Liars Game","floor":8,"gold_loss":0},{"damage_healed":0,"gold_gain":0,"player_choice":"Joined the Cult","damage_taken":6,"max_hp_gain":0,"max_hp_loss":0,"event_name":"Nest","floor":20,"gold_loss":0,"cards_obtained":["RitualDagger"]},{"damage_healed":0,"gold_gain":0,"player_choice":"Forge","damage_taken":0,"max_hp_gain":0,"max_hp_loss":0,"event_name":"Accursed Blacksmith","floor":27,"gold_loss":0,"cards_upgraded":["Limit Break"]}],"is_beta":false,"boss_relics":[{"not_picked":["Fusion Hammer","White Beast Statue"],"picked":"Ectoplasm"}],"items_purged_floors":[],"is_endless":false,"potions_floor_spawned":[1,10,11,14,16,18,22,25,28],"killed_by":"Chosen and Byrds","ascension_level":0}