{"gold_per_floor":[119,133,133,133,133,159,159,186,239,258,283,305,29,47,47,145,145,145,145,145,145,145,145,145,145,145,145,145,145,70,70,70,70,70,70,70,70,70,18,18,18,18,18,18,18,18,0,0,0,0],"floor_reached":50,"playtime":2422,"items_purged":["Strike_R"],"score":696,"play_id":"b7ce644f-c830-4432-a515-f0945d241ace","local_time":"20190623223118","is_ascension_mode":true,"campfire_choices":[{"data":"Bash","floor":7,"key":"SMITH"},{"data":"Heavy Blade","floor":15,"key":"SMITH"},{"data":"Flex","floor":23,"key":"SMITH"},{"floor":29,"key":"REST"},{"data":"J.A.X.","floor":32,"key":"SMITH"},{"data":"Havoc","floor":40,"key":"SMITH"},{"data":"Flex","floor":44,"key":"SMITH"},{"floor":49,"key":"REST"}],"neow_cost":"NONE","seed_source_timestamp":75626262247317,"circlet_count":0,"master_deck":["Strike_R","Strike_R","Strike_R","Defend_R+1","Defend_R","Defend_R","Defend_R","Bash+1","Shrug It Off+1","Twin Strike","Sever Soul","Clash","Sword Boomerang","Heavy Blade+1","Headbutt","Cleave","Reaper","Flex+1","Sentinel","J.A.X.+1","Whirlwind+1","Feed","Flex+1","True Grit+1","Dark Embrace+1","Ghostly Armor+1","Master of Strategy+1","Havoc+1","Pummel+1","Battle Trance","Feel No Pain+1","Pummel+1"],"relics":["Burning Blood","NeowsBlessing","War Paint","Vajra","Bronze Scales","Juzu Bracelet","Odd Mushroom","Red Skull","Ectoplasm","Pear","Darkstone Periapt","Dead Branch","Frozen Egg 2","Question Card","Sozu","Blue Candle","Lantern","Nunchaku","Red Mask","Blood Vial"],"potions_floor_usage":[8,11,12,16,22,25,33,42],"damage_taken":[{"damage":0,"enemies":"Jaw Worm","floor":1,"turns":1},{"damage":0,"enemies":"Cultist","floor":2,"turns":1},{"damage":0,"enemies":"3 Sentries","floor":6,"turns":2},{"damage":6,"enemies":"Lagavulin","floor":8,"turns":7},{"damage":13,"enemies":"2 Louse","floor":10,"turns":2},{"damage":8,"enemies":"Gremlin Nob","floor":11,"turns":3},{"damage":11,"enemies":"The Mushroom Lair","floor":12,"turns":3},{"damage":0,"enemies":"Large Slime","floor":14,"turns":4},{"damage":51,"enemies":"Hexaghost","floor":16,"turns":8},{"damage":6,"enemies":"3 Byrds","floor":18,"turns":3},{"damage":0,"enemies":"Spheric Guardian","floor":19,"turns":3},{"damage":11,"enemies":"3 Cultists","floor":20,"turns":4},{"damage":11,"enemies":"Sentry and Sphere","floor":22,"turns":3},{"damage":3,"enemies":"Cultist and Chosen","floor":24,"turns":4},{"damage":34,"enemies":"Slavers","floor":25,"turns":3},{"damage":25,"enemies":"Colosseum Slavers","floor":27,"turns":2},{"damage":17,"enemies":"Colosseum Nobs","floor":27,"turns":4},{"damage":8,"enemies":"Snake Plant","floor":31,"turns":2},{"damage":47,"enemies":"Champ","floor":33,"turns":8},{"damage":11,"enemies":"3 Shapes","floor":35,"turns":3},{"damage":22,"enemies":"Giant Head","floor":42,"turns":6},{"damage":3,"enemies":"Orb Walker","floor":45,"turns":3},{"damage":9,"enemies":"Mind Bloom Boss Battle","floor":46,"turns":5},{"damage":52,"enemies":"Nemesis","floor":48,"turns":5},{"damage":115,"enemies":"Time Eater","floor":50,"turns":7}],"seed_played":"2926371114019377327","potions_obtained":[{"floor":6,"key":"PowerPotion"},{"floor":8,"key":"SteroidPotion"},{"floor":10,"key":"Strength Potion"},{"floor":14,"key":"Poison Potion"},{"floor":18,"key":"Poison Potion"},{"floor":20,"key":"Strength Potion"},{"floor":31,"key":"Regen Potion"},{"floor":33,"key":"PowerPotion"}],"is_trial":false,"path_per_floor":["M","M","?","$","?","E","R","E","T","M","E","?","$","M","R","B",null,"M","M","M","?","M","R","M","E","T","?","?","R","?","M","R","B",null,"M","?","?","?","$","R","?","E","T","R","M","?","?","E","R","B"],"character_chosen":"IRONCLAD","items_purchased":["Red Skull","Headbutt","Havoc"],"campfire_rested":2,"item_purchase_floors":[13,13,39],"current_hp_per_floor":[80,80,73,73,73,79,79,79,79,72,70,65,65,71,71,26,80,80,80,80,80,75,75,78,69,69,57,63,93,93,91,91,59,102,100,100,100,100,100,100,100,105,105,105,105,102,102,61,92,0],"gold":0,"neow_bonus":"THREE_ENEMY_KILL","is_prod":false,"is_daily":false,"chose_seed":false,"campfire_upgraded":6,"win_rate":0,"timestamp":1561354278,"path_taken":["M","M","?","$","?","E","R","E","T","M","E","?","$","M","R","BOSS","M","M","M","?","M","R","M","E","T","?","?","R","?","M","R","BOSS","M","?","?","?","?","R","?","E","T","R","M","?","?","E","R","BOSS"],"build_version":"2019-01-23","purchased_purges":1,"victory":false,"max_hp_per_floor":[80,80,80,80,80,80,80,80,80,80,80,80,80,80,80,80,80,80,80,80,80,80,80,80,90,90,96,102,102,102,102,102,102,102,105,105,105,105,105,105,105,105,105,105,105,105,105,105,105,105],"card_choices":[{"not_picked":["Armaments","Metallicize"],"picked":"Shrug It Off","floor":1},{"not_picked":["Burning Pact","True Grit"],"picked":"Twin Strike","floor":2},{"not_picked":["Blood for Blood","Rage"],"picked":"Clash","floor":6},{"not_picked":["Clash","Reaper"],"picked":"Sword Boomerang","floor":8},{"not_picked":["Anger","Warcry"],"picked":"Heavy Blade","floor":10},{"not_picked":["Evolve","Body Slam","Perfected Strike"],"picked":"SKIP","floor":11},{"not_picked":["Heavy Blade","Armaments"],"picked":"Cleave","floor":14},{"not_picked":["Brutality","Berserk"],"picked":"Reaper","floor":16},{"not_picked":["Power Through+1","Second Wind"],"picked":"Flex","floor":18},{"not_picked":["Headbutt","Infernal Blade"],"picked":"Sentinel","floor":19},{"not_picked":["Blood for Blood","Twin Strike","Wild Strike"],"picked":"SKIP","floor":20},{"not_picked":["Thunderclap","Wild Strike+1"],"picked":"Whirlwind+1","floor":22},{"not_picked":["Anger","Ghostly Armor"],"picked":"Feed","floor":24},{"not_picked":["Uppercut","Anger"],"picked":"Flex","floor":25},{"not_picked":["Shrug It Off","Shockwave+1","Thunderclap+1"],"picked":"True Grit+1","floor":31},{"not_picked":["Feed","Juggernaut+1","Offering"],"picked":"Dark Embrace+1","floor":33},{"not_picked":["Headbutt","Pommel Strike+1","Anger"],"picked":"Ghostly Armor+1","floor":35},{"not_picked":["Chrysalis","Panacea","Sadistic Nature+1"],"picked":"Master of Strategy","floor":36},{"not_picked":["Shockwave+1","Clothesline","Perfected Strike+1"],"picked":"Pummel+1","floor":42},{"not_picked":["Wild Strike+1","Twin Strike+1","Corruption+1"],"picked":"Battle Trance","floor":45},{"not_picked":["Flex+1","Entrench","Warcry+1"],"picked":"Feel No Pain+1","floor":46},{"not_picked":["Heavy Blade+1","Dropkick+1","Barricade+1"],"picked":"Pummel+1","floor":48}],"player_experience":483814,"relics_obtained":[{"floor":6,"key":"War Paint"},{"floor":8,"key":"Vajra"},{"floor":9,"key":"Bronze Scales"},{"floor":11,"key":"Juzu Bracelet"},{"floor":12,"key":"Odd Mushroom"},{"floor":25,"key":"Pear"},{"floor":26,"key":"Darkstone Periapt"},{"floor":27,"key":"Dead Branch"},{"floor":27,"key":"Frozen Egg 2"},{"floor":42,"key":"Blue Candle"},{"floor":43,"key":"Lantern"},{"floor":46,"key":"Nunchaku"},{"floor":48,"key":"Blood Vial"}],"event_choices":[{"cards_removed":["Strike_R"],"damage_healed":0,"gold_gain":0,"player_choice":"Card Removal","damage_taken":7,"max_hp_gain":0,"max_hp_loss":0,"event_name":"Golden Wing","floor":3,"gold_loss":0},{"damage_healed":0,"gold_gain":0,"player_choice":"1 cards matched","damage_taken":0,"max_hp_gain":0,"max_hp_loss":0,"event_name":"Match and Keep!","floor":5,"gold_loss":0,"cards_obtained":["Sever Soul"]},{"damage_healed":0,"gold_gain":0,"player_choice":"Fought Mushrooms","damage_taken":0,"max_hp_gain":0,"max_hp_loss":0,"event_name":"Mushrooms","floor":12,"gold_loss":0},{"damage_healed":0,"gold_gain":0,"player_choice":"Obtain J.A.X.","damage_taken":0,"max_hp_gain":0,"max_hp_loss":0,"event_name":"Drug Dealer","floor":21,"gold_loss":0,"cards_obtained":["J.A.X."]},{"damage_healed":0,"gold_gain":0,"player_choice":"Fight","damage_taken":0,"max_hp_gain":0,"max_hp_loss":0,"event_name":"Colosseum","floor":27,"gold_loss":0},{"damage_healed":0,"gold_gain":0,"player_choice":"Fought Nobs","damage_taken":0,"max_hp_gain":0,"max_hp_loss":0,"event_name":"Colosseum","floor":27,"gold_loss":0},{"damage_healed":0,"gold_gain":0,"player_choice":"Opened","damage_taken":0,"relics_obtained":["Question Card"],"max_hp_gain":0,"max_hp_loss":0,"event_name":"The Mausoleum","floor":28,"gold_loss":0,"cards_obtained":["Writhe"]},{"cards_removed":["Writhe"],"damage_healed":0,"gold_gain":0,"player_choice":"Gave Gold","damage_taken":0,"max_hp_gain":0,"max_hp_loss":0,"event_name":"Beggar","floor":30,"gold_loss":75},{"damage_healed":0,"gold_gain":0,"player_choice":"Memory 1","damage_taken":0,"max_hp_gain":0,"max_hp_loss":0,"event_name":"SensoryStone","floor":36,"gold_loss":0},{"damage_healed":0,"gold_gain":0,"player_choice":"Leave","damage_taken":0,"max_hp_gain":0,"max_hp_loss":0,"event_name":"FaceTrader","floor":37,"gold_loss":0},{"damage_healed":0,"gold_gain":0,"player_choice":"Upgraded","damage_taken":0,"max_hp_gain":0,"max_hp_loss":0,"event_name":"Upgrade Shrine","floor":38,"gold_loss":0,"cards_upgraded":["Master of Strategy"]},{"damage_healed":0,"gold_gain":0,"player_choice":"Ignored","damage_taken":0,"max_hp_gain":0,"max_hp_loss":0,"event_name":"SecretPortal","floor":41,"gold_loss":0},{"damage_healed":0,"gold_gain":0,"player_choice":"Fight","damage_taken":0,"max_hp_gain":0,"max_hp_loss":0,"event_name":"MindBloom","floor":46,"gold_loss":0},{"damage_healed":0,"gold_gain":0,"player_choice":"Paid","damage_taken":0,"relics_obtained":["Red Mask"],"max_hp_gain":0,"max_hp_loss":0,"event_name":"Tomb of Lord Red Mask","floor":47,"gold_loss":18}],"is_beta":false,"boss_relics":[{"not_picked":["Tiny House","Pandora\u0027s Box"],"picked":"Ectoplasm"},{"not_picked":["Cursed Key","Runic Dome"],"picked":"Sozu"}],"items_purged_floors":[13],"is_endless":false,"potions_floor_spawned":[6,8,10,14,18,20,27,31,33,35,42],"killed_by":"Time Eater","ascension_level":4}