{"gold_per_floor":[118,27,27,27,40,40,65,65,65,94,112,112],"floor_reached":12,"playtime":522,"items_purged":[],"score":92,"play_id":"4b65ab2f-b7e7-4e68-8a3b-ceb086ab6981","local_time":"20190630072058","is_ascension_mode":true,"campfire_choices":[{"data":"Distraction","floor":6,"key":"SMITH"}],"neow_cost":"NONE","seed_source_timestamp":1151156810419829,"circlet_count":0,"master_deck":["Defend_G","Defend_G","Defend_G","Defend_G","Defend_G","Strike_G","Strike_G","Strike_G","Strike_G","Survivor","Neutralize","Distraction+1","Blur","Flying Knee","PiercingWail","Outmaneuver","Backflip","Well Laid Plans"],"relics":["Ring of the Snake","NeowsBlessing","Shuriken","Omamori"],"potions_floor_usage":[7,7,10],"damage_taken":[{"damage":0,"enemies":"Cultist","floor":1,"turns":1},{"damage":0,"enemies":"Jaw Worm","floor":3,"turns":1},{"damage":0,"enemies":"Small Slimes","floor":5,"turns":2},{"damage":31,"enemies":"Lagavulin","floor":7,"turns":11},{"damage":11,"enemies":"Gremlin Nob","floor":10,"turns":4},{"damage":1,"enemies":"Looter","floor":11,"turns":4},{"damage":18,"enemies":"Lagavulin","floor":12,"turns":6}],"seed_played":"-9132787307513825398","potions_obtained":[{"floor":1,"key":"Strength Potion"},{"floor":5,"key":"AttackPotion"},{"floor":7,"key":"Swift Potion"}],"is_trial":false,"path_per_floor":["M","$","M","?","M","R","E","$","T","E","M","E"],"character_chosen":"THE_SILENT","items_purchased":["Blur","Flying Knee"],"campfire_rested":0,"item_purchase_floors":[2,2],"current_hp_per_floor":[70,70,70,70,70,70,39,39,39,28,27,9],"gold":112,"neow_bonus":"THREE_ENEMY_KILL","is_prod":false,"is_daily":false,"chose_seed":false,"campfire_upgraded":1,"win_rate":0,"timestamp":1561904458,"path_taken":["M","$","M","?","M","R","E","?","T","E","?","E"],"build_version":"2019-01-23","purchased_purges":0,"victory":false,"max_hp_per_floor":[70,70,70,70,70,70,70,70,70,70,70,70],"card_choices":[{"not_picked":["Heel Hook","Backflip"],"picked":"Distraction","floor":1},{"not_picked":["Caltrops","Reflex"],"picked":"PiercingWail","floor":3},{"not_picked":["Dagger Throw","Underhanded Strike"],"picked":"Outmaneuver","floor":5},{"not_picked":["Flechettes","Dagger Spray"],"picked":"Backflip","floor":7},{"not_picked":["Sucker Punch","Quick Slash"],"picked":"Well Laid Plans","floor":10},{"not_picked":["Quick Slash","Dagger Spray","Reflex"],"picked":"SKIP","floor":11}],"player_experience":47323,"relics_obtained":[{"floor":7,"key":"Shuriken"},{"floor":10,"key":"Omamori"}],"event_choices":[{"cards_removed":["Strike_G"],"damage_healed":0,"gold_gain":0,"player_choice":"Purged","damage_taken":0,"max_hp_gain":0,"max_hp_loss":0,"event_name":"Purifier","floor":4,"gold_loss":0}],"is_beta":false,"boss_relics":[],"items_purged_floors":[],"is_endless":false,"potions_floor_spawned":[1,5,7],"killed_by":"Lagavulin","ascension_level":1}