{"gold_per_floor":[111,111,111,85,98,132,207,241,241,259,271,271,306,318,318,318],"floor_reached":16,"playtime":618,"items_purged":[],"score":247,"play_id":"e748af44-1a8b-4daf-b9ce-b751fd507447","local_time":"20190106142456","is_ascension_mode":true,"campfire_choices":[{"data":"Metallicize","floor":12,"key":"SMITH"},{"data":"Entrench","floor":15,"key":"SMITH"}],"neow_cost":"NONE","seed_source_timestamp":388202275555,"circlet_count":0,"master_deck":["AscendersBane","Strike_R","Strike_R","Strike_R","Strike_R","Defend_R","Defend_R","Defend_R","Defend_R","Bash","Thunderclap+1","Shrug It Off","Shrug It Off","Wild Strike","Headbutt","Metallicize+1","Twin Strike","Evolve","Entrench+1"],"relics":["Burning Blood","NeowsBlessing","Nunchaku","Lantern","Matryoshka","Dead Branch"],"potions_floor_usage":[8,14,16],"damage_taken":[{"damage":0,"enemies":"2 Louse","floor":1,"turns":1},{"damage":0,"enemies":"Jaw Worm","floor":5,"turns":1},{"damage":0,"enemies":"3 Sentries","floor":6,"turns":1},{"damage":36,"enemies":"Lagavulin","floor":8,"turns":6},{"damage":0,"enemies":"Cultist","floor":10,"turns":3},{"damage":0,"enemies":"Large Slime","floor":11,"turns":5},{"damage":14,"enemies":"3 Sentries","floor":13,"turns":6},{"damage":16,"enemies":"Lots of Slimes","floor":14,"turns":5},{"damage":37,"enemies":"Hexaghost","floor":16,"turns":14}],"seed_played":"-8602001088844788820","potions_obtained":[{"floor":6,"key":"Fire Potion"},{"floor":11,"key":"Dexterity Potion"},{"floor":13,"key":"PowerPotion"}],"is_trial":false,"path_per_floor":["M","?","?","$","M","E","?","E","T","M","M","R","E","M","R","B"],"character_chosen":"IRONCLAD","items_purchased":["Shrug It Off"],"campfire_rested":0,"item_purchase_floors":[4],"current_hp_per_floor":[74,67,67,67,73,75,68,38,38,44,50,50,42,32,32,0],"gold":318,"neow_bonus":"THREE_ENEMY_KILL","is_prod":false,"is_daily":false,"chose_seed":false,"campfire_upgraded":2,"win_rate":0,"timestamp":1546813496,"path_taken":["M","?","?","$","M","E","?","E","T","M","M","R","E","?","R","BOSS"],"build_version":"2019-01-03v4","purchased_purges":0,"victory":false,"max_hp_per_floor":[75,75,75,75,75,75,75,75,75,75,75,75,75,75,75,75],"card_choices":[{"not_picked":["Flex","Heavy Blade"],"picked":"Thunderclap","floor":1},{"not_picked":["Wild Strike","Headbutt"],"picked":"Shrug It Off","floor":5},{"not_picked":["Warcry","Sentinel"],"picked":"Wild Strike","floor":6},{"not_picked":["Burning Pact","Hemokinesis"],"picked":"Headbutt","floor":8},{"not_picked":["Heavy Blade","Impervious"],"picked":"Metallicize","floor":10},{"not_picked":["Warcry","Corruption"],"picked":"Twin Strike","floor":11},{"not_picked":["Hemokinesis","Iron Wave"],"picked":"Evolve","floor":13},{"not_picked":["Armaments","Flex"],"picked":"Entrench","floor":14}],"player_experience":824332,"relics_obtained":[{"floor":6,"key":"Nunchaku"},{"floor":8,"key":"Lantern"},{"floor":9,"key":"Matryoshka"},{"floor":13,"key":"Dead Branch"}],"event_choices":[{"cards_removed":["Strike_R"],"damage_healed":0,"gold_gain":0,"player_choice":"Card Removal","damage_taken":7,"max_hp_gain":0,"max_hp_loss":0,"event_name":"Golden Wing","floor":2,"gold_loss":0},{"damage_healed":0,"gold_gain":0,"player_choice":"Grow","damage_taken":0,"max_hp_gain":0,"max_hp_loss":0,"event_name":"Living Wall","floor":3,"gold_loss":0,"cards_upgraded":["Thunderclap"]},{"damage_healed":0,"gold_gain":75,"player_choice":"Touch","damage_taken":7,"max_hp_gain":0,"max_hp_loss":0,"event_name":"FaceTrader","floor":7,"gold_loss":0}],"is_beta":false,"boss_relics":[],"items_purged_floors":[],"is_endless":false,"potions_floor_spawned":[6,11,13],"killed_by":"Hexaghost","ascension_level":14}