{"gold_per_floor":[99,99,52,66,66,104,129,163,245,260,260,38,54,54,54,54],"floor_reached":16,"playtime":921,"items_purged":["Injury"],"score":119,"play_id":"a7d2107f-8376-468b-b30f-ff89a3e53b30","local_time":"20190202191143","is_ascension_mode":true,"campfire_choices":[{"floor":11,"key":"REST"},{"floor":15,"key":"REST"}],"neow_cost":"NONE","seed_source_timestamp":210206490202313,"circlet_count":0,"master_deck":["Defend_G","Defend_G","Defend_G","Defend_G","Strike_G","Strike_G","Strike_G","Strike_G","Survivor","Neutralize","Dash","Underhanded Strike","PiercingWail","Quick Slash","Acrobatics","Sucker Punch","Footwork","Dagger Spray","Prepared"],"relics":["Ring of the Snake","Golden Idol","Mummified Hand","Bag of Marbles","Bag of Preparation","Bottled Lightning","Snake Skull"],"potions_floor_usage":[6,8,16],"damage_taken":[{"damage":9,"enemies":"Cultist","floor":1,"turns":5},{"damage":0,"enemies":"Small Slimes","floor":4,"turns":3},{"damage":27,"enemies":"3 Sentries","floor":6,"turns":9},{"damage":21,"enemies":"Lagavulin","floor":8,"turns":8},{"damage":1,"enemies":"Jaw Worm","floor":10,"turns":4},{"damage":0,"enemies":"Exordium Wildlife","floor":13,"turns":3},{"damage":54,"enemies":"Hexaghost","floor":16,"turns":16}],"seed_played":"-1828126053830184328","potions_obtained":[{"floor":4,"key":"Poison Potion"},{"floor":6,"key":"SkillPotion"},{"floor":10,"key":"SpeedPotion"}],"is_trial":false,"path_per_floor":["M","?","$","M","?","E","T","E","T","M","R","$","M","?","R","B"],"character_chosen":"THE_SILENT","items_purchased":["Quick Slash","Snake Skull"],"campfire_rested":2,"item_purchase_floors":[3,12],"current_hp_per_floor":[61,61,61,61,61,34,34,13,13,12,33,33,33,33,54,0],"gold":54,"neow_bonus":"TRANSFORM_CARD","is_prod":false,"is_daily":false,"chose_seed":false,"campfire_upgraded":0,"win_rate":0,"timestamp":1549152703,"path_taken":["M","?","$","M","?","E","?","E","T","M","R","$","?","?","R","BOSS"],"build_version":"2019-01-23","purchased_purges":1,"victory":false,"max_hp_per_floor":[70,70,70,70,70,70,70,70,70,70,70,70,70,70,70,70],"card_choices":[{"not_picked":["Tactician","Escape Plan"],"picked":"Underhanded Strike","floor":1},{"not_picked":["Dodge and Roll","Flechettes"],"picked":"Acrobatics","floor":4},{"not_picked":["Catalyst","Reflex"],"picked":"Sucker Punch","floor":6},{"not_picked":["Infinite Blades","Accuracy"],"picked":"Footwork","floor":8},{"not_picked":["Acrobatics","Deflect"],"picked":"Dagger Spray","floor":10},{"not_picked":["Cloak And Dagger","Doppelganger"],"picked":"Prepared","floor":13}],"player_experience":135177,"relics_obtained":[{"floor":6,"key":"Mummified Hand"},{"floor":7,"key":"Bag of Marbles"},{"floor":8,"key":"Bag of Preparation"},{"floor":9,"key":"Bottled Lightning"}],"event_choices":[{"damage_healed":0,"gold_gain":0,"cards_transformed":["Defend_G"],"player_choice":"Change","damage_taken":0,"max_hp_gain":0,"max_hp_loss":0,"event_name":"Living Wall","floor":2,"gold_loss":0,"cards_obtained":["PiercingWail"]},{"damage_healed":0,"gold_gain":0,"player_choice":"Take Wound","damage_taken":0,"relics_obtained":["Golden Idol"],"max_hp_gain":0,"max_hp_loss":0,"event_name":"Golden Idol","floor":5,"gold_loss":0,"cards_obtained":["Injury"]},{"damage_healed":0,"gold_gain":0,"player_choice":"Searched \u00270\u0027 times","damage_taken":0,"max_hp_gain":0,"max_hp_loss":0,"event_name":"Dead Adventurer","floor":14,"gold_loss":0}],"is_beta":false,"boss_relics":[],"items_purged_floors":[12],"is_endless":false,"potions_floor_spawned":[4,6,10],"killed_by":"Hexaghost","ascension_level":2}