{"gold_per_floor":[110,126,51,51,67,102,117,128,155,155,170,201,101,114,114,211,211,226,226,239,250,270,270,302,302],"floor_reached":25,"playtime":744,"items_purged":["Strike_R","Strike_R"],"score":262,"play_id":"8a84379c-8caa-44ba-818e-e3f0182dd1db","local_time":"20190503231255","is_ascension_mode":false,"campfire_choices":[{"data":"Bash","floor":10,"key":"SMITH"},{"data":"Uppercut","floor":15,"key":"SMITH"},{"data":"Bludgeon","floor":23,"key":"SMITH"}],"neow_cost":"PERCENT_DAMAGE","seed_source_timestamp":443719971542527,"circlet_count":0,"master_deck":["Strike_R","Defend_R","Defend_R+1","Defend_R","Defend_R+1","Bash+1","Bludgeon+1","Spot Weakness","Pommel Strike","Inflame","Uppercut+1","Immolate","Iron Wave+1","Bloodletting+1"],"relics":["Burning Blood","Singing Bowl","War Paint","Strawberry","Empty Cage","Anchor"],"potions_floor_usage":[7,12,22,24,24,24,24,24,24,24,24],"damage_taken":[{"damage":0,"enemies":"Cultist","floor":1,"turns":2},{"damage":6,"enemies":"Jaw Worm","floor":2,"turns":3},{"damage":0,"enemies":"2 Louse","floor":5,"turns":3},{"damage":22,"enemies":"3 Sentries","floor":6,"turns":8},{"damage":7,"enemies":"Gremlin Gang","floor":7,"turns":6},{"damage":16,"enemies":"2 Fungi Beasts","floor":8,"turns":3},{"damage":0,"enemies":"3 Louse","floor":11,"turns":3},{"damage":14,"enemies":"Gremlin Nob","floor":12,"turns":3},{"damage":0,"enemies":"Red Slaver","floor":14,"turns":4},{"damage":30,"enemies":"Slime Boss","floor":16,"turns":8},{"damage":7,"enemies":"Chosen","floor":18,"turns":4},{"damage":37,"enemies":"Spheric Guardian","floor":20,"turns":6},{"damage":18,"enemies":"Snake Plant","floor":21,"turns":4},{"damage":2,"enemies":"Centurion and Healer","floor":22,"turns":6},{"damage":55,"enemies":"Slavers","floor":24,"turns":5},{"damage":10,"enemies":"Shelled Parasite and Fungi","floor":25,"turns":2}],"seed_played":"-7950013608951232552","potions_obtained":[{"floor":2,"key":"SpeedPotion"},{"floor":6,"key":"FearPotion"},{"floor":14,"key":"Weak Potion"},{"floor":18,"key":"Energy Potion"},{"floor":20,"key":"FearPotion"},{"floor":21,"key":"EntropicBrew"}],"is_trial":false,"path_per_floor":["M","M","$","?","M","E","M","M","T","R","M","E","$","M","R","B",null,"M","?","M","M","M","R","E","M"],"character_chosen":"IRONCLAD","items_purchased":[],"campfire_rested":0,"item_purchase_floors":[],"current_hp_per_floor":[62,62,62,62,68,54,55,45,45,45,53,52,52,58,58,34,93,92,92,63,53,57,57,10,0],"gold":302,"neow_bonus":"THREE_RARE_CARDS","is_prod":false,"is_daily":false,"chose_seed":false,"campfire_upgraded":3,"win_rate":0,"timestamp":1556939575,"path_taken":["M","?","$","?","M","E","M","M","T","R","M","E","?","M","R","BOSS","M","?","?","M","M","R","E","M"],"build_version":"2019-01-23","purchased_purges":2,"victory":false,"max_hp_per_floor":[80,80,80,80,80,82,84,84,84,84,86,93,93,93,93,93,93,93,93,95,97,97,97,99,99],"card_choices":[{"not_picked":["Limit Break","Fiend Fire"],"picked":"Bludgeon","floor":0},{"not_picked":["Havoc","Battle Trance","Twin Strike"],"picked":"SKIP","floor":1},{"not_picked":["Body Slam","Battle Trance","Sentinel"],"picked":"SKIP","floor":2},{"not_picked":["Body Slam","Corruption"],"picked":"Spot Weakness","floor":5},{"not_picked":["Clash","Blood for Blood","Flex"],"picked":"Singing Bowl","floor":6},{"not_picked":["Clash","Infernal Blade","Twin Strike"],"picked":"Singing Bowl","floor":7},{"not_picked":["Battle Trance","Perfected Strike"],"picked":"Pommel Strike","floor":8},{"not_picked":["Warcry","Barricade","Sever Soul"],"picked":"Singing Bowl","floor":11},{"not_picked":["Sentinel","Shockwave"],"picked":"Inflame","floor":12},{"not_picked":["Headbutt","Armaments"],"picked":"Uppercut","floor":14},{"not_picked":["Offering","Exhume"],"picked":"Immolate","floor":16},{"not_picked":["Second Wind","Flex"],"picked":"Iron Wave+1","floor":18},{"not_picked":["Twin Strike","Corruption+1","Pommel Strike"],"picked":"Singing Bowl","floor":20},{"not_picked":["Juggernaut","Iron Wave","Dual Wield+1"],"picked":"Singing Bowl","floor":21},{"not_picked":["Seeing Red","Inflame"],"picked":"Bloodletting+1","floor":22},{"not_picked":["Body Slam","Heavy Blade","Clash+1"],"picked":"Singing Bowl","floor":24}],"player_experience":654497,"relics_obtained":[{"floor":6,"key":"Singing Bowl"},{"floor":9,"key":"War Paint"},{"floor":12,"key":"Strawberry"},{"floor":24,"key":"Anchor"}],"event_choices":[{"damage_healed":0,"gold_gain":0,"player_choice":"Bought 0 Potions","damage_taken":0,"max_hp_gain":0,"max_hp_loss":0,"event_name":"The Woman in Blue","floor":4,"gold_loss":0},{"damage_healed":0,"gold_gain":0,"player_choice":"Ignored","damage_taken":0,"max_hp_gain":0,"max_hp_loss":0,"event_name":"NoteForYourself","floor":19,"gold_loss":0}],"is_beta":false,"boss_relics":[{"not_picked":["Tiny House","Black Blood"],"picked":"Empty Cage"}],"items_purged_floors":[3,13],"is_endless":false,"potions_floor_spawned":[2,6,14,18,20,21],"killed_by":"Shelled Parasite and Fungi","ascension_level":0}