{"gold_per_floor":[18,18,33,59,72,72,98,98,98,2,14,14,43,43,43,114,114,132,132,150,163,78,78,113,113,113,29,43,43,60,78,78,155,155,174,187,187],"floor_reached":37,"playtime":1409,"items_purged":[],"score":848,"play_id":"f4f167d1-7f77-48b0-8e18-c736030e73ba","local_time":"20190604131415","is_ascension_mode":true,"campfire_choices":[{"floor":6,"key":"REST"},{"floor":8,"key":"REST"},{"data":"Defragment","floor":12,"key":"SMITH"},{"data":"Defragment","floor":15,"key":"SMITH"},{"floor":23,"key":"REST"},{"floor":25,"key":"REST"},{"floor":32,"key":"REST"}],"neow_cost":"NO_GOLD","seed_source_timestamp":46427439883468,"circlet_count":0,"master_deck":["AscendersBane","Strike_B","Strike_B","Defend_B","Defend_B","Defend_B+1","Defend_B","Zap","Dualcast","Streamline+1","Defragment+1","Defragment+1","Doom and Gloom","Coolheaded","Machine Learning","Conserve Battery","Cold Snap","Self Repair","Coolheaded","Cold Snap","Writhe","Core Surge"],"relics":["Cracked Core","Anchor","Symbiotic Virus","Kunai","Emotion Chip","Busted Crown","Smiling Mask","Bottled Flame","Pear","Fusion Hammer"],"potions_floor_usage":[16,16],"damage_taken":[{"damage":4,"enemies":"Small Slimes","floor":1,"turns":3},{"damage":2,"enemies":"Jaw Worm","floor":3,"turns":3},{"damage":0,"enemies":"2 Louse","floor":5,"turns":2},{"damage":39,"enemies":"3 Sentries","floor":7,"turns":7},{"damage":6,"enemies":"2 Fungi Beasts","floor":11,"turns":3},{"damage":10,"enemies":"Lagavulin","floor":13,"turns":4},{"damage":8,"enemies":"Hexaghost","floor":16,"turns":7},{"damage":11,"enemies":"3 Byrds","floor":18,"turns":4},{"damage":8,"enemies":"2 Thieves","floor":20,"turns":3},{"damage":1,"enemies":"Sentry and Sphere","floor":21,"turns":3},{"damage":41,"enemies":"Slavers","floor":24,"turns":5},{"damage":16,"enemies":"3 Cultists","floor":28,"turns":6},{"damage":17,"enemies":"Snake Plant","floor":30,"turns":5},{"damage":5,"enemies":"Centurion and Healer","floor":31,"turns":4},{"damage":11,"enemies":"Champ","floor":33,"turns":17},{"damage":33,"enemies":"3 Darklings","floor":35,"turns":9},{"damage":18,"enemies":"3 Shapes","floor":36,"turns":4},{"damage":33,"enemies":"3 Darklings","floor":37,"turns":2}],"seed_played":"2829155136301162450","potions_obtained":[{"floor":3,"key":"Poison Potion"},{"floor":5,"key":"Poison Potion"},{"floor":7,"key":"FocusPotion"},{"floor":24,"key":"SpeedPotion"},{"floor":31,"key":"SpeedPotion"},{"floor":33,"key":"Strength Potion"}],"is_trial":false,"path_per_floor":["M","?","M","T","M","R","E","R","T","$","M","R","E","?","R","B",null,"M","?","M","M","$","R","E","R","T","$","M","?","M","M","R","B",null,"M","M","M"],"character_chosen":"DEFECT","items_purchased":["Doom and Gloom","Coolheaded","Self Repair","Coolheaded","Cold Snap"],"campfire_rested":5,"item_purchase_floors":[10,10,22,27,27],"current_hp_per_floor":[60,39,37,37,37,58,19,40,40,40,34,34,24,24,24,16,57,46,46,38,37,37,58,24,45,45,45,36,46,36,38,62,58,75,49,31,0],"gold":187,"neow_bonus":"REMOVE_TWO","is_prod":false,"is_daily":false,"chose_seed":false,"campfire_upgraded":2,"win_rate":0,"timestamp":1559668455,"path_taken":["M","?","M","?","M","R","E","R","T","$","M","R","E","?","R","BOSS","M","?","M","M","$","R","E","R","T","$","M","?","M","M","R","BOSS","M","M","M"],"build_version":"2019-01-23","purchased_purges":0,"victory":false,"max_hp_per_floor":[71,71,71,71,71,71,71,71,71,71,71,71,71,71,71,71,71,71,71,71,71,71,71,71,71,71,71,71,81,81,81,81,81,81,81,81,81],"card_choices":[{"not_picked":["Double Energy","Melter"],"picked":"Streamline","floor":1},{"not_picked":["Compile Driver","Chill"],"picked":"Defragment","floor":3},{"not_picked":["Fusion","Go for the Eyes"],"picked":"Defragment","floor":5},{"not_picked":["Turbo","Stack","Steam"],"picked":"SKIP","floor":7},{"not_picked":["Melter","Barrage","Streamline"],"picked":"SKIP","floor":11},{"not_picked":["Chill","Barrage","Static Discharge"],"picked":"SKIP","floor":13},{"not_picked":["Seek","Reboot"],"picked":"Machine Learning","floor":16},{"not_picked":["Steam"],"picked":"SKIP","floor":18},{"not_picked":[],"picked":"Cold Snap","floor":20},{"not_picked":["Hologram"],"picked":"SKIP","floor":21},{"not_picked":["Steam"],"picked":"SKIP","floor":24},{"not_picked":["Leap"],"picked":"SKIP","floor":28},{"not_picked":["Rebound"],"picked":"SKIP","floor":30},{"not_picked":["Self Repair"],"picked":"SKIP","floor":31},{"not_picked":[],"picked":"Core Surge","floor":33},{"not_picked":["Compile Driver+1"],"picked":"SKIP","floor":35},{"not_picked":["Stack"],"picked":"SKIP","floor":36}],"player_experience":832318,"relics_obtained":[{"floor":4,"key":"Anchor"},{"floor":7,"key":"Symbiotic Virus"},{"floor":9,"key":"Kunai"},{"floor":13,"key":"Emotion Chip"},{"floor":24,"key":"Smiling Mask"},{"floor":26,"key":"Bottled Flame"}],"event_choices":[{"damage_healed":0,"gold_gain":0,"player_choice":"Entered Light","damage_taken":21,"max_hp_gain":0,"max_hp_loss":0,"event_name":"Shining Light","floor":2,"gold_loss":0,"cards_upgraded":["Streamline","Defend_B"]},{"damage_healed":0,"gold_gain":0,"player_choice":"Leave","damage_taken":0,"max_hp_gain":0,"max_hp_loss":0,"event_name":"The Cleric","floor":14,"gold_loss":0},{"damage_healed":0,"gold_gain":0,"player_choice":"Read","damage_taken":0,"max_hp_gain":0,"max_hp_loss":0,"event_name":"The Library","floor":19,"gold_loss":0,"cards_obtained":["Conserve Battery"]},{"damage_healed":0,"gold_gain":0,"player_choice":"Opened","damage_taken":0,"relics_obtained":["Pear"],"max_hp_gain":0,"max_hp_loss":0,"event_name":"The Mausoleum","floor":29,"gold_loss":0,"cards_obtained":["Writhe"]}],"is_beta":false,"boss_relics":[{"not_picked":["Empty Cage","Eternal Feather"],"picked":"Busted Crown"},{"not_picked":["Coffee Dripper","Black Star"],"picked":"Fusion Hammer"}],"items_purged_floors":[],"is_endless":false,"potions_floor_spawned":[3,5,7,13,24,31,33,36],"killed_by":"3 Darklings","ascension_level":20}