{"gold_per_floor":[109,109,121,271,271,271,299,299,299,311,311,340,358,377,377,377],"floor_reached":16,"playtime":343,"items_purged":[],"score":263,"play_id":"29ccf0fe-b450-48f4-a584-4e67ec4590ee","local_time":"20190625142843","is_ascension_mode":true,"campfire_choices":[{"data":"Clash","floor":6,"key":"SMITH"},{"data":"Defend_R","floor":8,"key":"SMITH"},{"data":"Spot Weakness","floor":11,"key":"SMITH"},{"floor":15,"key":"REST"}],"neow_cost":"NONE","seed_source_timestamp":1093110179236994,"circlet_count":0,"master_deck":["AscendersBane","Strike_R","Strike_R","Strike_R","Strike_R","Strike_R","Defend_R","Defend_R","Defend_R","Defend_R+1","Bash+1","Heavy Blade+1","Clash+1","Doubt","Combust+1","Spot Weakness+1","Metallicize+1","Sentinel","Sword Boomerang"],"relics":["Burning Blood","NeowsBlessing","Frozen Egg 2","Question Card","Champion Belt"],"potions_floor_usage":[12,14,16],"damage_taken":[{"damage":0,"enemies":"Small Slimes","floor":1,"turns":1},{"damage":0,"enemies":"Jaw Worm","floor":3,"turns":1},{"damage":0,"enemies":"3 Sentries","floor":7,"turns":1},{"damage":5,"enemies":"2 Louse","floor":10,"turns":2},{"damage":59,"enemies":"Gremlin Nob","floor":12,"turns":5},{"damage":21,"enemies":"Gremlin Gang","floor":13,"turns":3},{"damage":0,"enemies":"Exordium Thugs","floor":14,"turns":5},{"damage":47,"enemies":"Hexaghost","floor":16,"turns":9}],"seed_played":"-607252308413219115","potions_obtained":[{"floor":10,"key":"Regen Potion"},{"floor":13,"key":"EssenceOfSteel"},{"floor":14,"key":"Weak Potion"}],"is_trial":false,"path_per_floor":["M","?","M","?","?","R","E","R","T","M","R","E","M","M","R","B"],"character_chosen":"IRONCLAD","items_purchased":[],"campfire_rested":1,"item_purchase_floors":[],"current_hp_per_floor":[74,74,75,75,75,75,75,75,75,75,75,31,16,22,44,0],"gold":377,"neow_bonus":"THREE_ENEMY_KILL","is_prod":false,"is_daily":false,"chose_seed":false,"campfire_upgraded":3,"win_rate":0,"timestamp":1561498123,"path_taken":["M","?","M","?","?","R","E","R","T","M","R","E","?","M","R","BOSS"],"build_version":"2019-01-23","purchased_purges":0,"victory":false,"max_hp_per_floor":[75,75,75,75,75,75,75,75,75,75,75,75,75,75,75,75],"card_choices":[{"not_picked":["Pommel Strike","Armaments"],"picked":"Heavy Blade","floor":1},{"not_picked":["Flex","Rupture"],"picked":"Clash","floor":3},{"not_picked":["Limit Break","Wild Strike"],"picked":"Combust","floor":7},{"not_picked":["Shrug It Off","Battle Trance","Pummel"],"picked":"Spot Weakness","floor":10},{"not_picked":["Hemokinesis","Fire Breathing+1","Anger"],"picked":"Metallicize+1","floor":12},{"not_picked":["Warcry","Cleave","Clash"],"picked":"Sentinel","floor":13},{"not_picked":["Fire Breathing+1","Clash","Iron Wave"],"picked":"Sword Boomerang","floor":14}],"player_experience":1075207,"relics_obtained":[{"floor":7,"key":"Frozen Egg 2"},{"floor":9,"key":"Question Card"},{"floor":12,"key":"Champion Belt"}],"event_choices":[{"damage_healed":0,"gold_gain":0,"player_choice":"Grow","damage_taken":0,"max_hp_gain":0,"max_hp_loss":0,"event_name":"Living Wall","floor":2,"gold_loss":0,"cards_upgraded":["Heavy Blade"]},{"damage_healed":0,"gold_gain":150,"player_choice":"AGREE","damage_taken":0,"max_hp_gain":0,"max_hp_loss":0,"event_name":"Liars Game","floor":4,"gold_loss":0,"cards_obtained":["Doubt"]},{"damage_healed":0,"gold_gain":0,"player_choice":"Upgraded","damage_taken":0,"max_hp_gain":0,"max_hp_loss":0,"event_name":"Upgrade Shrine","floor":5,"gold_loss":0,"cards_upgraded":["Bash"]}],"is_beta":false,"boss_relics":[],"items_purged_floors":[],"is_endless":false,"potions_floor_spawned":[10,13,14],"killed_by":"Hexaghost","ascension_level":19}