{"gold_per_floor":[112,128,141,141,63,63,81,256,281,84,84,2,17,33,33,137,137,77,0,0,15,32,32,46,46,46,46,46,46,76,91,91,91],"floor_reached":33,"playtime":2691,"items_purged":[],"score":255,"play_id":"a5caab29-5963-4a6a-a3a1-27d9752bfb6e","local_time":"20190128154748","is_ascension_mode":false,"campfire_choices":[{"data":"Well Laid Plans","floor":6,"key":"SMITH"},{"data":"Metamorphosis","floor":11,"key":"SMITH"},{"data":"Infinite Blades","floor":15,"key":"SMITH"},{"data":"After Image","floor":23,"key":"SMITH"},{"data":"Noxious Fumes","floor":25,"key":"SMITH"},{"data":"PiercingWail","floor":29,"key":"SMITH"},{"floor":32,"key":"REST"}],"neow_cost":"NONE","seed_source_timestamp":880270507658095,"circlet_count":0,"master_deck":["Defend_G","Defend_G","Defend_G","Defend_G","Defend_G","Strike_G","Strike_G","Strike_G","Strike_G","Strike_G","Survivor","Neutralize+1","Slice","PiercingWail+1","Deadly Poison","Well Laid Plans+1","Acrobatics","Metamorphosis+1","Infinite Blades+1","Dash","Poisoned Stab","After Image+1","Noxious Fumes+1","Endless Agony+1","Outmaneuver+1","Cloak And Dagger","Malaise","Quick Slash+1"],"relics":["Ring of the Snake","Omamori","Eternal Feather","Question Card","MutagenicStrength","Pen Nib"],"potions_floor_usage":[33],"damage_taken":[{"damage":0,"enemies":"Jaw Worm","floor":1,"turns":5},{"damage":0,"enemies":"Small Slimes","floor":2,"turns":3},{"damage":0,"enemies":"2 Louse","floor":3,"turns":4},{"damage":0,"enemies":"Red Slaver","floor":7,"turns":5},{"damage":1,"enemies":"Blue Slaver","floor":13,"turns":4},{"damage":6,"enemies":"Large Slime","floor":14,"turns":5},{"damage":32,"enemies":"The Guardian","floor":16,"turns":10},{"damage":11,"enemies":"2 Thieves","floor":18,"turns":4},{"damage":15,"enemies":"Shell Parasite","floor":21,"turns":7},{"damage":11,"enemies":"Centurion and Healer","floor":22,"turns":7},{"damage":19,"enemies":"Cultist and Chosen","floor":24,"turns":7},{"damage":41,"enemies":"Slavers","floor":30,"turns":8},{"damage":8,"enemies":"Chosen and Byrds","floor":31,"turns":6},{"damage":56,"enemies":"Champ","floor":33,"turns":12}],"seed_played":"5748445650282571646","potions_obtained":[{"floor":7,"key":"Block Potion"},{"floor":13,"key":"Block Potion"},{"floor":14,"key":"GamblersBrew"},{"floor":16,"key":"SpeedPotion"}],"is_trial":false,"path_per_floor":["M","M","M","?","$","R","M","?","T","$","R","$","M","M","R","B",null,"M","?","?","M","M","R","M","R","T","?","?","R","E","M","R","B"],"character_chosen":"THE_SILENT","items_purchased":["Well Laid Plans","Metamorphosis","Infinite Blades"],"campfire_rested":1,"item_purchase_floors":[5,10,12],"current_hp_per_floor":[70,70,70,70,70,70,70,70,70,70,70,70,69,63,63,31,70,59,59,59,44,33,48,29,44,44,44,44,59,18,10,46,0],"gold":91,"neow_bonus":"UPGRADE_CARD","is_prod":false,"is_daily":false,"chose_seed":false,"campfire_upgraded":6,"win_rate":0.0,"timestamp":1548708468,"path_taken":["M","M","M","?","$","R","M","?","T","$","R","?","M","M","R","BOSS","M","?","?","M","?","R","M","R","T","?","?","R","E","M","R","BOSS"],"build_version":"2019-01-23","purchased_purges":0,"victory":false,"max_hp_per_floor":[70,70,70,70,70,70,70,70,70,70,70,70,70,70,70,70,70,70,70,70,70,70,70,70,70,70,70,70,70,70,70,70,70],"card_choices":[{"not_picked":["Dodge and Roll","Outmaneuver"],"picked":"Slice","floor":1},{"not_picked":["Caltrops","Deadly Poison"],"picked":"PiercingWail","floor":2},{"not_picked":["Underhanded Strike","Die Die Die"],"picked":"Deadly Poison","floor":3},{"not_picked":["Masterful Stab","PiercingWail"],"picked":"Acrobatics","floor":7},{"not_picked":["Bane","Sucker Punch"],"picked":"Dash","floor":13},{"not_picked":["Bane","Calculated Gamble"],"picked":"Poisoned Stab","floor":14},{"not_picked":["Wraith Form v2","Malaise"],"picked":"After Image","floor":16},{"not_picked":["Tactician+1","PiercingWail"],"picked":"Noxious Fumes","floor":18},{"not_picked":["Cloak And Dagger+1","Dagger Spray"],"picked":"Endless Agony+1","floor":21},{"not_picked":["Blade Dance","Quick Slash+1"],"picked":"Outmaneuver+1","floor":22},{"not_picked":["Predator+1","Heel Hook"],"picked":"Cloak And Dagger","floor":24},{"not_picked":["Underhanded Strike","Eviscerate","Escape Plan+1"],"picked":"Malaise","floor":30},{"not_picked":["Sucker Punch","Dagger Throw","Tactician"],"picked":"Quick Slash+1","floor":31}],"player_experience":48713,"relics_obtained":[{"floor":9,"key":"Omamori"},{"floor":26,"key":"Question Card"},{"floor":30,"key":"Pen Nib"}],"event_choices":[{"damage_healed":0,"gold_gain":0,"player_choice":"Ignored","damage_taken":0,"max_hp_gain":0,"max_hp_loss":0,"event_name":"Golden Wing","floor":4,"gold_loss":0},{"damage_healed":0,"gold_gain":175,"player_choice":"AGREE","damage_taken":0,"max_hp_gain":0,"max_hp_loss":0,"event_name":"Liars Game","floor":8,"gold_loss":0,"cards_obtained":["Doubt"]},{"damage_healed":0,"gold_gain":0,"player_choice":"Paid Fearfully","damage_taken":0,"max_hp_gain":0,"max_hp_loss":0,"event_name":"Masked Bandits","floor":19,"gold_loss":77},{"cards_removed":["Doubt"],"damage_healed":0,"gold_gain":0,"player_choice":"Removed Curses","damage_taken":0,"max_hp_gain":0,"max_hp_loss":0,"event_name":"Fountain of Cleansing","floor":20,"gold_loss":0},{"damage_healed":0,"gold_gain":0,"player_choice":"Inject Mutagens","damage_taken":0,"relics_obtained":["MutagenicStrength"],"max_hp_gain":0,"max_hp_loss":0,"event_name":"Drug Dealer","floor":27,"gold_loss":0},{"damage_healed":0,"gold_gain":0,"player_choice":"Smashed Altar","damage_taken":0,"max_hp_gain":0,"max_hp_loss":0,"event_name":"Forgotten Altar","floor":28,"gold_loss":0,"cards_obtained":["Decay"]}],"is_beta":false,"boss_relics":[{"not_picked":["Ring of the Serpent","Busted Crown"],"picked":"Eternal Feather"}],"items_purged_floors":[],"is_endless":false,"potions_floor_spawned":[7,13,14,16,22,30],"killed_by":"Champ","ascension_level":0}