{"gold_per_floor":[113,125,143,158,135,135,9,9,63,63,94,94,114,149,149,244,244,263,263,281,293,313,313,17,17,44,44,64,79,110,47,59,71],"floor_reached":33,"playtime":2024,"items_purged":["Strike_G"],"score":277,"play_id":"4f6cab56-76fb-456e-94de-1ccb55931831","local_time":"20190701011406","is_ascension_mode":false,"campfire_choices":[{"data":"Neutralize","floor":6,"key":"SMITH"},{"data":"All Out Attack","floor":8,"key":"SMITH"},{"data":"Backflip","floor":12,"key":"SMITH"},{"data":"Dagger Spray","floor":15,"key":"SMITH"},{"floor":23,"key":"REST"},{"data":"Setup","floor":27,"key":"SMITH"},{"floor":32,"key":"REST"}],"neow_cost":"NONE","seed_source_timestamp":690615630262972,"circlet_count":0,"master_deck":["Survivor","Neutralize+1","PiercingWail","Dagger Spray+1","All Out Attack+1","Backflip+1","Flying Knee","Corpse Explosion","Deadly Poison","Burst","Die Die Die","Terror","Footwork","Flying Knee","Dodge and Roll","Setup+1","Envenom+1","Adrenaline","Bane","Expertise","Leg Sweep","Acrobatics","Footwork","Calculated Gamble","Dodge and Roll+1","Dash","Endless Agony+1"],"relics":["Ring of the Snake","Dream Catcher","Bottled Lightning","PreservedInsect","Bronze Scales","Pandora\u0027s Box","The Specimen","Anchor","MawBank"],"potions_floor_usage":[1,3,3,4,11,16,16,21,30],"damage_taken":[{"damage":0,"enemies":"2 Louse","floor":1,"turns":1},{"damage":0,"enemies":"Jaw Worm","floor":2,"turns":5},{"damage":0,"enemies":"Cultist","floor":3,"turns":3},{"damage":1,"enemies":"Lots of Slimes","floor":4,"turns":3},{"damage":14,"enemies":"3 Sentries","floor":11,"turns":5},{"damage":0,"enemies":"Red Slaver","floor":13,"turns":4},{"damage":4,"enemies":"Gremlin Nob","floor":14,"turns":3},{"damage":44,"enemies":"Slime Boss","floor":16,"turns":13},{"damage":0,"enemies":"3 Byrds","floor":18,"turns":1},{"damage":22,"enemies":"Spheric Guardian","floor":20,"turns":4},{"damage":0,"enemies":"3 Cultists","floor":21,"turns":3},{"damage":20,"enemies":"Centurion and Healer","floor":22,"turns":4},{"damage":23,"enemies":"Snecko","floor":28,"turns":5},{"damage":0,"enemies":"Snake Plant","floor":29,"turns":3},{"damage":17,"enemies":"Slavers","floor":30,"turns":2},{"damage":67,"enemies":"Collector","floor":33,"turns":6}],"seed_played":"8728257042239689896","potions_obtained":[{"floor":0,"key":"FearPotion"},{"floor":0,"key":"Poison Potion"},{"floor":0,"key":"Explosive Potion"},{"floor":1,"key":"Weak Potion"},{"floor":4,"key":"FearPotion"},{"floor":13,"key":"Energy Potion"},{"floor":14,"key":"GamblersBrew"},{"floor":20,"key":"LiquidBronze"},{"floor":28,"key":"SteroidPotion"}],"is_trial":false,"path_per_floor":["M","M","M","M","?","R","$","R","T","T","E","R","M","E","R","B",null,"M","?","M","M","M","R","$","?","T","R","M","M","E","?","R","B"],"character_chosen":"THE_SILENT","items_purchased":["Flying Knee","The Specimen"],"campfire_rested":2,"item_purchase_floors":[7,24],"current_hp_per_floor":[70,70,70,69,69,69,69,69,69,69,55,55,55,51,51,7,70,70,70,48,48,28,49,49,70,70,70,47,47,30,30,51,0],"gold":71,"neow_bonus":"THREE_SMALL_POTIONS","is_prod":false,"is_daily":false,"chose_seed":false,"campfire_upgraded":5,"win_rate":0,"timestamp":1561968846,"path_taken":["M","M","M","M","?","R","$","R","T","?","E","R","M","E","R","BOSS","M","?","?","?","M","R","$","?","T","R","M","M","E","?","R","BOSS"],"build_version":"2019-01-23","purchased_purges":1,"victory":false,"max_hp_per_floor":[70,70,70,70,70,70,70,70,70,70,70,70,70,70,70,70,70,70,70,70,70,70,70,70,70,70,70,70,70,70,70,70,70],"card_choices":[{"not_picked":["Eviscerate","Dodge and Roll"],"picked":"PiercingWail","floor":1},{"not_picked":["Flying Knee","Slice"],"picked":"Dagger Spray","floor":2},{"not_picked":["Poisoned Stab","Tactician"],"picked":"All Out Attack","floor":3},{"not_picked":["Cloak And Dagger","Tactician"],"picked":"Backflip","floor":4},{"not_picked":["Bane","Expertise"],"picked":"Corpse Explosion","floor":11},{"not_picked":["Flying Knee","PiercingWail"],"picked":"Deadly Poison","floor":13},{"not_picked":["Acrobatics","All Out Attack"],"picked":"Burst","floor":14},{"not_picked":["Malaise","Burst"],"picked":"Die Die Die","floor":16},{"not_picked":["Outmaneuver","Distraction+1"],"picked":"Expertise","floor":18},{"not_picked":["Dagger Throw","Skewer+1"],"picked":"Leg Sweep","floor":20},{"not_picked":["Leg Sweep+1","Sucker Punch"],"picked":"Acrobatics","floor":21},{"not_picked":["PiercingWail","Dodge and Roll"],"picked":"Footwork","floor":22},{"not_picked":["Masterful Stab+1","Underhanded Strike"],"picked":"Calculated Gamble","floor":23},{"not_picked":["Eviscerate","Blade Dance"],"picked":"Dodge and Roll+1","floor":28},{"not_picked":["Acrobatics+1","Endless Agony","Flying Knee+1"],"picked":"SKIP","floor":29},{"not_picked":["Underhanded Strike+1","Backstab"],"picked":"Dash","floor":30},{"not_picked":["Quick Slash","Doppelganger"],"picked":"Endless Agony+1","floor":32}],"player_experience":559638,"relics_obtained":[{"floor":9,"key":"Dream Catcher"},{"floor":10,"key":"Bottled Lightning"},{"floor":11,"key":"PreservedInsect"},{"floor":14,"key":"Bronze Scales"},{"floor":26,"key":"Anchor"},{"floor":30,"key":"MawBank"}],"event_choices":[{"damage_healed":0,"gold_gain":0,"player_choice":"Left Gold","damage_taken":0,"max_hp_gain":0,"max_hp_loss":0,"event_name":"World of Goop","floor":5,"gold_loss":23},{"damage_healed":0,"gold_gain":0,"player_choice":"Upgraded","damage_taken":0,"max_hp_gain":0,"max_hp_loss":0,"event_name":"Upgrade Shrine","floor":19,"gold_loss":0,"cards_upgraded":["Envenom"]},{"damage_healed":23,"gold_gain":0,"player_choice":"Heal","damage_taken":0,"max_hp_gain":0,"max_hp_loss":0,"event_name":"The Library","floor":25,"gold_loss":0},{"cards_removed":["Storm of Steel"],"damage_healed":0,"gold_gain":0,"player_choice":"Gave Gold","damage_taken":0,"max_hp_gain":0,"max_hp_loss":0,"event_name":"Beggar","floor":31,"gold_loss":75}],"is_beta":false,"boss_relics":[{"not_picked":["Calling Bell","Snecko Eye"],"picked":"Pandora\u0027s Box"}],"items_purged_floors":[7],"is_endless":false,"potions_floor_spawned":[1,4,13,14,20,28],"killed_by":"Collector","ascension_level":0}