{"gold_per_floor":[116,116,127,127,141,141,170,181,181,181,17,46,46,56,56,56],"floor_reached":16,"playtime":462,"items_purged":["Pain"],"score":220,"play_id":"7de5f883-291d-4527-8871-8d8d88f234bd","local_time":"20190617181526","is_ascension_mode":true,"campfire_choices":[{"floor":6,"key":"REST"},{"floor":10,"key":"REST"},{"data":"Beam Cell","floor":13,"key":"SMITH"},{"floor":15,"key":"REST"}],"neow_cost":"NONE","seed_source_timestamp":324770258993714,"circlet_count":0,"master_deck":["AscendersBane","Strike_B","Strike_B","Strike_B","Strike_B","Defend_B","Defend_B","Defend_B","Defend_B","Zap","Dualcast","Streamline","Ball Lightning","Beam Cell+1","Coolheaded","BootSequence","Sunder"],"relics":["Cracked Core","Happy Flower","Sundial","WarpedTongs","Boot","Pear","Potion Belt"],"potions_floor_usage":[7,12],"damage_taken":[{"damage":16,"enemies":"Small Slimes","floor":1,"turns":3},{"damage":6,"enemies":"Cultist","floor":3,"turns":3},{"damage":12,"enemies":"2 Louse","floor":5,"turns":2},{"damage":10,"enemies":"Gremlin Nob","floor":7,"turns":3},{"damage":13,"enemies":"Red Slaver","floor":8,"turns":4},{"damage":8,"enemies":"3 Sentries","floor":12,"turns":6},{"damage":15,"enemies":"2 Fungi Beasts","floor":14,"turns":3},{"damage":43,"enemies":"The Guardian","floor":16,"turns":9}],"seed_played":"-6533263415240771709","potions_obtained":[{"floor":5,"key":"SteroidPotion"},{"floor":8,"key":"AttackPotion"}],"is_trial":false,"path_per_floor":["M","?","M","?","M","R","E","M","T","R","$","E","R","M","R","B"],"character_chosen":"DEFECT","items_purchased":["Sunder"],"campfire_rested":3,"item_purchase_floors":[11],"current_hp_per_floor":[48,22,16,16,4,25,15,2,12,36,36,28,28,13,37,0],"gold":56,"neow_bonus":"RANDOM_COMMON_RELIC","is_prod":false,"is_daily":false,"chose_seed":false,"campfire_upgraded":1,"win_rate":0,"timestamp":1560809726,"path_taken":["M","?","M","?","M","R","E","M","T","R","$","E","R","M","R","BOSS"],"build_version":"2019-01-23","purchased_purges":1,"victory":false,"max_hp_per_floor":[71,71,71,71,71,71,71,71,81,81,81,81,81,81,81,81],"card_choices":[{"not_picked":["Consume","Beam Cell"],"picked":"Streamline","floor":1},{"not_picked":["Sweeping Beam","Steam"],"picked":"Ball Lightning","floor":3},{"not_picked":["Hologram","Streamline"],"picked":"Beam Cell","floor":5},{"not_picked":["Amplify","Barrage"],"picked":"Coolheaded","floor":7},{"not_picked":["Steam","Tempest"],"picked":"BootSequence","floor":8},{"not_picked":["Scrape","Sunder","Force Field"],"picked":"SKIP","floor":12},{"not_picked":["Sunder","Turbo","Rebound"],"picked":"SKIP","floor":14}],"player_experience":919606,"relics_obtained":[{"floor":7,"key":"Boot"},{"floor":9,"key":"Pear"},{"floor":12,"key":"Potion Belt"}],"event_choices":[{"damage_healed":0,"gold_gain":0,"player_choice":"Success","damage_taken":26,"relics_obtained":["Sundial"],"max_hp_gain":0,"max_hp_loss":0,"event_name":"Scrap Ooze","floor":2,"gold_loss":0},{"damage_healed":0,"gold_gain":0,"player_choice":"Rummage","damage_taken":0,"relics_obtained":["WarpedTongs"],"max_hp_gain":0,"max_hp_loss":0,"event_name":"Accursed Blacksmith","floor":4,"gold_loss":0,"cards_obtained":["Pain"]}],"is_beta":false,"boss_relics":[],"items_purged_floors":[11],"is_endless":false,"potions_floor_spawned":[5,8],"killed_by":"The Guardian","ascension_level":20}