{"gold_per_floor":[119,119,119,119,134,134,177,202,202,221,186,97,141,141,141,239,239,257,276,22,22,35,35,35,35,35,49,72,90,90,105,105,105],"floor_reached":33,"playtime":9342,"items_purged":["Defend_G"],"score":479,"play_id":"d7ec51cf-021f-4be0-8756-28e5b7b0f358","local_time":"20190607231409","is_ascension_mode":true,"campfire_choices":[{"data":"Skewer","floor":6,"key":"SMITH"},{"data":"Terror","floor":15,"key":"SMITH"},{"data":"Envenom","floor":23,"key":"SMITH"},{"data":"Adrenaline","floor":25,"key":"SMITH"},{"floor":30,"key":"REST"},{"floor":32,"key":"REST"}],"neow_cost":"NONE","seed_source_timestamp":537964121245186,"circlet_count":0,"master_deck":["AscendersBane","Defend_G","Defend_G+1","Defend_G+1","Strike_G","Strike_G","Strike_G","Strike_G","Survivor","Neutralize+1","Cloak And Dagger","Skewer+1","Escape Plan","Terror+1","Envenom+1","Die Die Die","Adrenaline+1","Leg Sweep","Deflect+1","Sadistic Nature","Ghostly","Ghostly","Ghostly","Deflect","Dash","Infinite Blades+1"],"relics":["Ring of the Snake","Golden Idol","Pear","Singing Bowl","Lantern","White Beast Statue","Bottled Tornado"],"potions_floor_usage":[7,13,14,18,31,33,33],"damage_taken":[{"damage":3,"enemies":"Small Slimes","floor":1,"turns":4},{"damage":1,"enemies":"Jaw Worm","floor":5,"turns":5},{"damage":2,"enemies":"Lagavulin","floor":7,"turns":12},{"damage":1,"enemies":"2 Louse","floor":8,"turns":2},{"damage":0,"enemies":"Exordium Wildlife","floor":10,"turns":6},{"damage":15,"enemies":"Gremlin Nob","floor":13,"turns":4},{"damage":3,"enemies":"Gremlin Gang","floor":14,"turns":2},{"damage":11,"enemies":"The Guardian","floor":16,"turns":13},{"damage":8,"enemies":"2 Thieves","floor":18,"turns":4},{"damage":21,"enemies":"Shell Parasite","floor":19,"turns":10},{"damage":3,"enemies":"Snake Plant","floor":22,"turns":3},{"damage":12,"enemies":"Snecko","floor":27,"turns":6},{"damage":9,"enemies":"Centurion and Healer","floor":28,"turns":7},{"damage":7,"enemies":"3 Cultists","floor":29,"turns":5},{"damage":1,"enemies":"Snecko","floor":31,"turns":5},{"damage":28,"enemies":"Collector","floor":33,"turns":7}],"seed_played":"5138695411325428106","potions_obtained":[{"floor":5,"key":"EssenceOfSteel"},{"floor":8,"key":"SpeedPotion"},{"floor":10,"key":"SmokeBomb"},{"floor":16,"key":"Fire Potion"},{"floor":18,"key":"LiquidBronze"},{"floor":19,"key":"SpeedPotion"},{"floor":27,"key":"Dexterity Potion"},{"floor":29,"key":"Block Potion"},{"floor":31,"key":"GamblersBrew"}],"is_trial":false,"path_per_floor":["M","?","?","?","M","R","E","M","T","M","?","$","E","M","R","B",null,"M","M","$","?","M","R","?","R","T","M","M","M","R","M","R","B"],"character_chosen":"THE_SILENT","items_purchased":["Envenom","Sadistic Nature"],"campfire_rested":2,"item_purchase_floors":[12,20],"current_hp_per_floor":[56,49,49,31,30,30,38,37,37,39,57,57,42,39,39,28,61,53,32,32,32,31,31,31,31,31,19,12,5,17,16,28,0],"gold":105,"neow_bonus":"UPGRADE_CARD","is_prod":false,"is_daily":false,"chose_seed":false,"campfire_upgraded":4,"win_rate":0,"timestamp":1559974449,"path_taken":["M","?","?","?","?","R","E","M","T","M","?","$","E","M","R","BOSS","M","M","$","?","M","R","?","R","T","M","?","M","R","M","R","BOSS"],"build_version":"2019-01-23","purchased_purges":1,"victory":false,"max_hp_per_floor":[66,66,60,60,60,60,70,70,70,72,72,72,72,72,72,72,72,72,72,72,36,38,38,38,38,38,38,40,40,40,40,40,40],"card_choices":[{"not_picked":["Prepared","Slice"],"picked":"Cloak And Dagger","floor":1},{"not_picked":["Infinite Blades","Prepared"],"picked":"Skewer","floor":5},{"not_picked":["Distraction","Backflip"],"picked":"Escape Plan","floor":7},{"not_picked":["Underhanded Strike","Riddle With Holes"],"picked":"Terror","floor":8},{"not_picked":["Blur","Prepared","Endless Agony"],"picked":"Singing Bowl","floor":10},{"not_picked":["Sucker Punch","Backflip"],"picked":"Die Die Die","floor":13},{"not_picked":["Glass Knife","Tools of the Trade"],"picked":"Adrenaline","floor":16},{"not_picked":["Dagger Spray","Setup+1"],"picked":"Leg Sweep","floor":18},{"not_picked":["Bouncing Flask","Underhanded Strike"],"picked":"Deflect+1","floor":19},{"not_picked":["Prepared","Quick Slash","Setup"],"picked":"Singing Bowl","floor":22},{"not_picked":["Distraction","Flying Knee"],"picked":"Deflect","floor":27},{"not_picked":["Skewer","Bane","Flying Knee"],"picked":"Singing Bowl","floor":28},{"not_picked":["Die Die Die","Dodge and Roll+1"],"picked":"Dash","floor":29},{"not_picked":["Blade Dance","Flying Knee"],"picked":"Infinite Blades+1","floor":31}],"player_experience":969814,"relics_obtained":[{"floor":7,"key":"Pear"},{"floor":9,"key":"Singing Bowl"},{"floor":13,"key":"Lantern"},{"floor":26,"key":"Bottled Tornado"}],"event_choices":[{"cards_removed":["Strike_G"],"damage_healed":0,"gold_gain":0,"player_choice":"Card Removal","damage_taken":7,"max_hp_gain":0,"max_hp_loss":0,"event_name":"Golden Wing","floor":2,"gold_loss":0},{"damage_healed":0,"gold_gain":0,"player_choice":"Lose Max HP","damage_taken":0,"relics_obtained":["Golden Idol"],"max_hp_gain":0,"max_hp_loss":6,"event_name":"Golden Idol","floor":3,"gold_loss":0},{"damage_healed":0,"gold_gain":0,"player_choice":"Entered Light","damage_taken":18,"max_hp_gain":0,"max_hp_loss":0,"event_name":"Shining Light","floor":4,"gold_loss":0,"cards_upgraded":["Defend_G","Defend_G"]},{"damage_healed":18,"gold_gain":0,"player_choice":"Healed","damage_taken":0,"max_hp_gain":0,"max_hp_loss":0,"event_name":"The Cleric","floor":11,"gold_loss":35},{"damage_healed":0,"gold_gain":0,"player_choice":"Became a Ghost","damage_taken":0,"max_hp_gain":0,"max_hp_loss":36,"event_name":"Ghosts","floor":21,"gold_loss":0,"cards_obtained":["Ghostly","Ghostly","Ghostly"]},{"cards_removed":["Defend_G"],"damage_healed":0,"gold_gain":0,"player_choice":"Purged","damage_taken":0,"max_hp_gain":0,"max_hp_loss":0,"event_name":"Purifier","floor":24,"gold_loss":0}],"is_beta":false,"boss_relics":[{"not_picked":["Runic Dome","Calling Bell"],"picked":"White Beast Statue"}],"items_purged_floors":[20],"is_endless":false,"potions_floor_spawned":[5,8,10,14,16,18,19,22,27,28,29,31],"killed_by":"Collector","ascension_level":17}