{"gold_per_floor":[115,135,135,147,161,161,179,240,240,269,319,36,61,81,81,183,183,200,2,52,65,75,75,85,99,99,112,112,127,140,156,156,156],"floor_reached":33,"playtime":1043,"items_purged":["Parasite","Strike_R"],"score":435,"play_id":"d5fde3aa-ed75-4c35-bba4-b4b7ca29cb6b","local_time":"20190228182536","is_ascension_mode":true,"campfire_choices":[{"data":"Perfected Strike","floor":6,"key":"SMITH"},{"data":"Armaments","floor":15,"key":"SMITH"},{"floor":23,"key":"REST"},{"data":"Panacea","floor":28,"key":"SMITH"},{"floor":32,"key":"REST"}],"neow_cost":"NONE","seed_source_timestamp":1119800385410734,"circlet_count":0,"master_deck":["AscendersBane","Strike_R","Strike_R","Strike_R","Strike_R","Defend_R","Defend_R","Defend_R","Defend_R","Bash","Heavy Blade","Perfected Strike+1","Perfected Strike","Thunderclap","Armaments+1","Cleave","Clash","Panacea+1","Armaments+1","Wild Strike","Reaper","Headbutt","Decay","Shrug It Off","Clash","Shrug It Off","Flame Barrier"],"relics":["Burning Blood","SsserpentHead","The Courier","Art of War","Brimstone","Pantograph","Sozu","Orichalcum","Bottled Lightning"],"potions_floor_usage":[16,16,16,30],"damage_taken":[{"damage":1,"enemies":"Cultist","floor":1,"turns":3},{"damage":8,"enemies":"Small Slimes","floor":2,"turns":3},{"damage":0,"enemies":"2 Louse","floor":4,"turns":2},{"damage":16,"enemies":"Blue Slaver","floor":5,"turns":3},{"damage":6,"enemies":"Exordium Thugs","floor":7,"turns":4},{"damage":40,"enemies":"Gremlin Gang","floor":8,"turns":4},{"damage":8,"enemies":"Gremlin Nob","floor":10,"turns":3},{"damage":40,"enemies":"Lagavulin","floor":13,"turns":5},{"damage":0,"enemies":"3 Louse","floor":14,"turns":2},{"damage":50,"enemies":"Hexaghost","floor":16,"turns":6},{"damage":22,"enemies":"Shell Parasite","floor":18,"turns":4},{"damage":0,"enemies":"Spheric Guardian","floor":21,"turns":3},{"damage":25,"enemies":"Snecko","floor":22,"turns":4},{"damage":4,"enemies":"Centurion and Healer","floor":25,"turns":3},{"damage":26,"enemies":"Snake Plant","floor":27,"turns":3},{"damage":11,"enemies":"Shelled Parasite and Fungi","floor":29,"turns":3},{"damage":24,"enemies":"Centurion and Healer","floor":30,"turns":5},{"damage":21,"enemies":"Snake Plant","floor":31,"turns":2},{"damage":95,"enemies":"Automaton","floor":33,"turns":6}],"seed_played":"2449970421059956844","potions_obtained":[{"floor":1,"key":"Dexterity Potion"},{"floor":2,"key":"Dexterity Potion"},{"floor":4,"key":"BloodPotion"},{"floor":16,"key":"GamblersBrew"}],"is_trial":false,"path_per_floor":["M","M","?","M","M","R","M","M","T","E","?","$","E","M","R","B",null,"M","$","?","M","M","R","?","M","T","M","R","M","M","M","R","B"],"character_chosen":"IRONCLAD","items_purchased":["Brimstone","Panacea","Orichalcum"],"campfire_rested":2,"item_purchase_floors":[12,12,19],"current_hp_per_floor":[85,83,83,88,78,78,78,44,44,42,64,64,30,36,36,25,70,54,54,54,60,41,66,66,68,68,59,59,54,49,34,59,0],"gold":156,"neow_bonus":"TEN_PERCENT_HP_BONUS","is_prod":false,"is_daily":false,"chose_seed":false,"campfire_upgraded":3,"win_rate":0,"timestamp":1551396336,"path_taken":["M","M","?","M","M","R","M","?","T","E","?","$","E","M","R","BOSS","M","$","?","M","M","R","?","M","T","M","R","M","M","M","R","BOSS"],"build_version":"2019-01-23","purchased_purges":2,"victory":false,"max_hp_per_floor":[88,88,88,88,88,88,88,88,88,88,88,85,85,85,85,85,85,85,85,85,85,85,85,85,85,85,85,85,85,85,85,85,85],"card_choices":[{"not_picked":["Combust","Warcry"],"picked":"Heavy Blade","floor":1},{"not_picked":["Pommel Strike","Havoc"],"picked":"Perfected Strike","floor":2},{"not_picked":["Sever Soul","Warcry"],"picked":"Perfected Strike","floor":4},{"not_picked":["Intimidate","Anger"],"picked":"Thunderclap","floor":5},{"not_picked":["Sword Boomerang","Perfected Strike"],"picked":"Armaments","floor":7},{"not_picked":["Offering","Whirlwind"],"picked":"Cleave","floor":8},{"not_picked":["Heavy Blade","Feel No Pain"],"picked":"Clash","floor":10},{"not_picked":["Berserk","Headbutt"],"picked":"Armaments","floor":13},{"not_picked":["Twin Strike","Carnage"],"picked":"Wild Strike","floor":14},{"not_picked":["Berserk","Feed"],"picked":"Reaper","floor":16},{"not_picked":["Warcry","True Grit"],"picked":"Headbutt","floor":18},{"not_picked":["True Grit","Pommel Strike"],"picked":"Shrug It Off","floor":21},{"not_picked":["Body Slam","Cleave"],"picked":"Clash","floor":22},{"not_picked":["Reckless Charge","Iron Wave"],"picked":"Shrug It Off","floor":25},{"not_picked":["Armaments","Hemokinesis+1","Bloodletting"],"picked":"SKIP","floor":27},{"not_picked":["Body Slam","Blood for Blood","Headbutt+1"],"picked":"SKIP","floor":29},{"not_picked":["Perfected Strike+1","Searing Blow"],"picked":"Flame Barrier","floor":30},{"not_picked":["Armaments","Inflame+1","Flex"],"picked":"SKIP","floor":31}],"player_experience":332495,"relics_obtained":[{"floor":9,"key":"The Courier"},{"floor":10,"key":"Art of War"},{"floor":13,"key":"Pantograph"},{"floor":26,"key":"Bottled Lightning"}],"event_choices":[{"damage_healed":0,"gold_gain":0,"player_choice":"Trade","damage_taken":0,"relics_obtained":["SsserpentHead"],"max_hp_gain":0,"max_hp_loss":0,"event_name":"FaceTrader","floor":3,"gold_loss":0},{"damage_healed":22,"gold_gain":0,"player_choice":"Healed and dodged fight","damage_taken":0,"max_hp_gain":0,"max_hp_loss":0,"event_name":"Mushrooms","floor":11,"gold_loss":0,"cards_obtained":["Parasite"]},{"damage_healed":0,"gold_gain":0,"player_choice":"Smashed Altar","damage_taken":0,"max_hp_gain":0,"max_hp_loss":0,"event_name":"Forgotten Altar","floor":20,"gold_loss":0,"cards_obtained":["Decay"]},{"damage_healed":0,"gold_gain":0,"player_choice":"Upgrade","damage_taken":0,"max_hp_gain":0,"max_hp_loss":0,"event_name":"Designer","floor":24,"gold_loss":40,"cards_upgraded":["Armaments"]}],"is_beta":false,"boss_relics":[{"not_picked":["Ectoplasm","Runic Pyramid"],"picked":"Sozu"}],"items_purged_floors":[12,19],"is_endless":false,"potions_floor_spawned":[1,2,4,10,16,22,27,31],"killed_by":"Automaton","ascension_level":10}