{"gold_per_floor":[113,127,127,127,127,127,154,154,154,154,173,203,222,222],"floor_reached":14,"playtime":419,"items_purged":[],"score":152,"play_id":"96679e2b-56c1-499b-9bc0-c072a5e02bb9","local_time":"20190301172146","is_ascension_mode":true,"campfire_choices":[{"data":"True Grit","floor":6,"key":"SMITH"},{"data":"Heavy Blade","floor":8,"key":"SMITH"},{"data":"Demon Form","floor":10,"key":"SMITH"}],"neow_cost":"NONE","seed_source_timestamp":1202998741423006,"circlet_count":0,"master_deck":["AscendersBane","Strike_R","Strike_R","Strike_R","Strike_R","Strike_R","Defend_R","Defend_R","Defend_R","Defend_R+1","Bash+1","Demon Form+1","Pommel Strike","True Grit+1","Heavy Blade+1","Armaments","Bludgeon","Thunderclap"],"relics":["Burning Blood","Mummified Hand","GremlinMask","Ornamental Fan","Shuriken","Girya"],"potions_floor_usage":[7,14],"damage_taken":[{"damage":0,"enemies":"Small Slimes","floor":1,"turns":3},{"damage":11,"enemies":"Jaw Worm","floor":2,"turns":4},{"damage":24,"enemies":"Lagavulin","floor":7,"turns":8},{"damage":0,"enemies":"Cultist","floor":11,"turns":3},{"damage":40,"enemies":"Gremlin Nob","floor":12,"turns":5},{"damage":3,"enemies":"3 Louse","floor":13,"turns":5},{"damage":16,"enemies":"Lagavulin","floor":14,"turns":4}],"seed_played":"6650716091981494105","potions_obtained":[{"floor":1,"key":"Regen Potion"},{"floor":12,"key":"Dexterity Potion"}],"is_trial":false,"path_per_floor":["M","M","?","?","?","R","E","R","T","R","M","E","M","E"],"character_chosen":"IRONCLAD","items_purchased":[],"campfire_rested":0,"item_purchase_floors":[],"current_hp_per_floor":[78,73,57,45,45,45,39,39,39,39,45,11,14,0],"gold":222,"neow_bonus":"ONE_RANDOM_RARE_CARD","is_prod":false,"is_daily":false,"chose_seed":false,"campfire_upgraded":3,"win_rate":0,"timestamp":1551478906,"path_taken":["M","M","?","?","?","R","E","R","T","R","M","E","M","E"],"build_version":"2019-01-23","purchased_purges":0,"victory":false,"max_hp_per_floor":[80,80,80,80,80,80,80,80,80,80,80,80,80,80],"card_choices":[{"not_picked":["Entrench","Dropkick"],"picked":"Pommel Strike","floor":1},{"not_picked":["Inflame","Sentinel"],"picked":"True Grit","floor":2},{"not_picked":["Clash","Shrug It Off"],"picked":"Heavy Blade","floor":7},{"not_picked":["Evolve","Heavy Blade"],"picked":"Armaments","floor":11},{"not_picked":["Fire Breathing","Pommel Strike"],"picked":"Bludgeon","floor":12},{"not_picked":["Armaments","Body Slam"],"picked":"Thunderclap","floor":13}],"player_experience":352214,"relics_obtained":[{"floor":7,"key":"Ornamental Fan"},{"floor":9,"key":"Shuriken"},{"floor":12,"key":"Girya"}],"event_choices":[{"damage_healed":0,"gold_gain":0,"player_choice":"Entered Light","damage_taken":16,"max_hp_gain":0,"max_hp_loss":0,"event_name":"Shining Light","floor":3,"gold_loss":0,"cards_upgraded":["Defend_R","Bash"]},{"damage_healed":0,"gold_gain":0,"player_choice":"Success","damage_taken":12,"relics_obtained":["Mummified Hand"],"max_hp_gain":0,"max_hp_loss":0,"event_name":"Scrap Ooze","floor":4,"gold_loss":0},{"damage_healed":0,"gold_gain":0,"player_choice":"Trade","damage_taken":0,"relics_obtained":["GremlinMask"],"max_hp_gain":0,"max_hp_loss":0,"event_name":"FaceTrader","floor":5,"gold_loss":0}],"is_beta":false,"boss_relics":[],"items_purged_floors":[],"is_endless":false,"potions_floor_spawned":[1,12],"killed_by":"Lagavulin","ascension_level":11}