{"gold_per_floor":[110,122,134,234,253,282,282,308,345,357,399,411],"floor_reached":12,"playtime":614,"items_purged":[],"score":127,"play_id":"3f6d5742-eaea-42b8-ba3d-ec6012457192","local_time":"20190702230142","is_ascension_mode":true,"campfire_choices":[{"floor":7,"key":"REST"},{"floor":10,"key":"REST"}],"neow_cost":"NONE","seed_source_timestamp":1314224638861842,"circlet_count":0,"master_deck":["Strike_B","Strike_B","Strike_B","Strike_B","Defend_B","Defend_B","Defend_B","Defend_B","Zap","Dualcast","Seek","Consume","Defragment","Lockon","Turbo","Auto Shields","Cold Snap","Reboot"],"relics":["Cracked Core","Happy Flower","MawBank","Bag of Marbles","Omamori"],"potions_floor_usage":[6],"damage_taken":[{"damage":2,"enemies":"Jaw Worm","floor":1,"turns":3},{"damage":1,"enemies":"Cultist","floor":2,"turns":3},{"damage":13,"enemies":"Small Slimes","floor":3,"turns":3},{"damage":12,"enemies":"3 Louse","floor":5,"turns":4},{"damage":30,"enemies":"Lagavulin","floor":6,"turns":5},{"damage":19,"enemies":"Gremlin Nob","floor":8,"turns":4},{"damage":14,"enemies":"Lagavulin","floor":11,"turns":6},{"damage":24,"enemies":"Exordium Thugs","floor":12,"turns":5}],"seed_played":"543049986939549234","potions_obtained":[{"floor":1,"key":"LiquidBronze"},{"floor":3,"key":"PowerPotion"},{"floor":5,"key":"Dexterity Potion"}],"is_trial":false,"path_per_floor":["M","M","M","?","M","E","R","E","T","R","E","M"],"character_chosen":"DEFECT","items_purchased":[],"campfire_rested":2,"item_purchase_floors":[],"current_hp_per_floor":[66,65,52,52,40,10,32,13,13,35,21,0],"gold":411,"neow_bonus":"ONE_RANDOM_RARE_CARD","is_prod":false,"is_daily":false,"chose_seed":false,"campfire_upgraded":0,"win_rate":0,"timestamp":1562122902,"path_taken":["M","M","M","?","M","E","R","E","T","R","E","M"],"build_version":"2019-07-01","purchased_purges":0,"victory":false,"max_hp_per_floor":[75,75,75,75,75,75,75,75,75,75,75,75],"card_choices":[{"not_picked":["Steam","Conserve Battery"],"picked":"Consume","floor":1},{"not_picked":["Steam Power","Aggregate"],"picked":"Defragment","floor":2},{"not_picked":["Coolheaded","Storm"],"picked":"Lockon","floor":3},{"not_picked":["Go for the Eyes","Hologram"],"picked":"Turbo","floor":5},{"not_picked":["Rebound","Sweeping Beam"],"picked":"Auto Shields","floor":6},{"not_picked":["Reinforced Body","Barrage"],"picked":"Cold Snap","floor":8},{"not_picked":["FTL","Reinforced Body"],"picked":"Reboot","floor":11}],"player_experience":460450,"relics_obtained":[{"floor":6,"key":"Happy Flower"},{"floor":8,"key":"MawBank"},{"floor":9,"key":"Bag of Marbles"},{"floor":11,"key":"Omamori"}],"event_choices":[{"damage_healed":0,"gold_gain":100,"player_choice":"Pray","damage_taken":0,"max_hp_gain":0,"max_hp_loss":0,"event_name":"Golden Shrine","floor":4,"gold_loss":0}],"is_beta":false,"boss_relics":[],"items_purged_floors":[],"is_endless":false,"potions_floor_spawned":[1,3,5],"killed_by":"Exordium Thugs","ascension_level":6}