{"gold_per_floor":[119,119,135,154,168,168,198,198,221,252,279,291,303,334,346,461,473,471,500,531,543,555],"floor_reached":22,"playtime":1439,"items_purged":[],"score":190,"play_id":"56796956-7cf4-4c31-8a65-eacead942fa0","local_time":"20190628124856","is_ascension_mode":false,"campfire_choices":[{"data":"Perfected Strike","floor":6,"key":"SMITH"},{"floor":8,"key":"REST"},{"floor":15,"key":"REST"}],"neow_cost":"","seed_source_timestamp":997126933623090,"circlet_count":0,"master_deck":["Strike_R","Strike_R","Strike_R","Strike_R","Strike_R","Defend_R","Defend_R","Defend_R","Defend_R","Cleave","Carnage","Flex","Perfected Strike+1","Reckless Charge","Clothesline","Clothesline","Iron Wave","Barricade","Body Slam","Flex","Perfected Strike"],"relics":["Burning Blood","Bronze Scales","MawBank","Lantern","Runic Pyramid"],"potions_floor_usage":[7,7,10,16,20,20],"damage_taken":[{"damage":10,"enemies":"Small Slimes","floor":1,"turns":4},{"damage":15,"enemies":"Jaw Worm","floor":3,"turns":7},{"damage":0,"enemies":"Cultist","floor":4,"turns":4},{"damage":11,"enemies":"Red Slaver","floor":5,"turns":3},{"damage":27,"enemies":"3 Sentries","floor":7,"turns":5},{"damage":10,"enemies":"Large Slime","floor":10,"turns":4},{"damage":7,"enemies":"Looter","floor":11,"turns":3},{"damage":4,"enemies":"Gremlin Gang","floor":14,"turns":3},{"damage":71,"enemies":"The Guardian","floor":16,"turns":9},{"damage":20,"enemies":"2 Thieves","floor":18,"turns":4},{"damage":27,"enemies":"Chosen","floor":19,"turns":5},{"damage":37,"enemies":"Centurion and Healer","floor":20,"turns":10},{"damage":15,"enemies":"Snake Plant","floor":22,"turns":1}],"seed_played":"6977824328392332037","potions_obtained":[{"floor":3,"key":"GamblersBrew"},{"floor":5,"key":"Dexterity Potion"},{"floor":7,"key":"Strength Potion"},{"floor":11,"key":"SpeedPotion"},{"floor":16,"key":"SkillPotion"},{"floor":19,"key":"SneckoOil"}],"is_trial":false,"path_per_floor":["M","?","M","M","M","R","E","R","T","M","M","T","$","M","R","B",null,"M","M","M","?","M"],"character_chosen":"IRONCLAD","items_purchased":[],"campfire_rested":2,"item_purchase_floors":[],"current_hp_per_floor":[76,76,67,73,68,68,47,71,71,67,66,66,66,68,80,15,80,66,45,14,14,0],"gold":555,"neow_bonus":"","is_prod":false,"is_daily":false,"chose_seed":false,"campfire_upgraded":1,"win_rate":0.0,"timestamp":1561751336,"path_taken":["M","?","M","M","M","R","E","R","T","M","M","?","?","M","R","BOSS","M","M","M","?","?"],"build_version":"2019-01-23","purchased_purges":0,"victory":false,"max_hp_per_floor":[80,80,80,80,80,80,80,80,80,80,80,80,80,80,80,80,80,80,80,80,80,80],"card_choices":[{"not_picked":["Iron Wave","Warcry"],"picked":"Cleave","floor":1},{"not_picked":["Ghostly Armor","True Grit"],"picked":"Carnage","floor":3},{"not_picked":["Flame Barrier","Infernal Blade"],"picked":"Flex","floor":4},{"not_picked":["Disarm","Body Slam"],"picked":"Perfected Strike","floor":5},{"not_picked":["Brutality","Shockwave"],"picked":"Reckless Charge","floor":7},{"not_picked":["Metallicize","Dual Wield"],"picked":"Clothesline","floor":10},{"not_picked":["Thunderclap","Hemokinesis"],"picked":"Clothesline","floor":11},{"not_picked":["Pommel Strike","Fire Breathing"],"picked":"Iron Wave","floor":14},{"not_picked":["Fiend Fire","Brutality"],"picked":"Barricade","floor":16},{"not_picked":["Second Wind","Reckless Charge"],"picked":"Body Slam","floor":18},{"not_picked":["Cleave","Pommel Strike"],"picked":"Flex","floor":19},{"not_picked":["True Grit","Inflame"],"picked":"Perfected Strike","floor":20}],"player_experience":0,"relics_obtained":[{"floor":7,"key":"Bronze Scales"},{"floor":9,"key":"MawBank"},{"floor":12,"key":"Lantern"}],"event_choices":[{"damage_healed":0,"gold_gain":0,"player_choice":"Leave","damage_taken":0,"max_hp_gain":0,"max_hp_loss":0,"event_name":"The Cleric","floor":2,"gold_loss":0},{"cards_removed":["Bash"],"damage_healed":0,"gold_gain":0,"player_choice":"Purged","damage_taken":0,"max_hp_gain":0,"max_hp_loss":0,"event_name":"Purifier","floor":21,"gold_loss":0}],"is_beta":false,"boss_relics":[{"not_picked":["Mark of Pain","Busted Crown"],"picked":"Runic Pyramid"}],"items_purged_floors":[],"is_endless":false,"potions_floor_spawned":[3,5,7,11,16,19],"killed_by":"Snake Plant","ascension_level":0}