{"gold_per_floor":[113,127,147,147,158,158,186,186,186,203,235,235,235,251,251,353,353,369,381,391,391,404,430,355,355,378,404,404,404,429,445,445,545,545,562,51,70,80,0,0,19,19,19,35,35,35,35,65,65,65],"floor_reached":50,"playtime":5938,"items_purged":[],"score":676,"play_id":"f6b473a2-4cfe-4887-821b-6a5775da6c92","local_time":"20190623004200","is_ascension_mode":true,"campfire_choices":[{"data":"Armaments","floor":6,"key":"SMITH"},{"data":"Armaments","floor":12,"key":"SMITH"},{"floor":15,"key":"REST"},{"floor":25,"key":"REST"},{"data":"Fiend Fire","floor":29,"key":"SMITH"},{"data":"Dual Wield","floor":32,"key":"SMITH"},{"data":"Apotheosis","floor":40,"key":"SMITH"},{"data":"Barricade","floor":42,"key":"SMITH"},{"data":"Juggernaut","floor":45,"key":"SMITH"},{"data":"Enlightenment","floor":47,"key":"SMITH"},{"data":"Defend_R","floor":49,"key":"SMITH"}],"neow_cost":"NONE","seed_source_timestamp":278754055813847,"circlet_count":0,"master_deck":["Defend_R","Defend_R","Defend_R+1","Defend_R+1","Bash","Twin Strike","Armaments+1","Armaments+1","Iron Wave","Thunderclap","Anger","Thunderclap","Spot Weakness+1","Juggernaut+1","Combust+1","Shrug It Off","Whirlwind+1","Bite","Bite","Bite","Bite","Bite","Battle Trance+1","Metallicize","Fiend Fire+1","Dual Wield+1","Reaper","True Grit+1","Metallicize","Apotheosis+1","Rage+1","Evolve+1","Barricade+1","Iron Wave","Enlightenment+1","Battle Trance+1"],"relics":["Burning Blood","Oddly Smooth Stone","Ornamental Fan","Bottled Lightning","Pen Nib","Ginger","GremlinMask","Sozu","Art of War","PreservedInsect","Darkstone Periapt","MutagenicStrength","Centennial Puzzle","Coffee Dripper","Mummified Hand","Red Mask","Blue Candle","War Paint"],"potions_floor_usage":[5,5,7,16],"damage_taken":[{"damage":6,"enemies":"2 Louse","floor":1,"turns":3},{"damage":6,"enemies":"Jaw Worm","floor":2,"turns":4},{"damage":0,"enemies":"Small Slimes","floor":3,"turns":4},{"damage":21,"enemies":"Exordium Thugs","floor":5,"turns":6},{"damage":26,"enemies":"Lagavulin","floor":7,"turns":10},{"damage":0,"enemies":"Looter","floor":10,"turns":4},{"damage":16,"enemies":"Gremlin Nob","floor":11,"turns":4},{"damage":6,"enemies":"3 Louse","floor":14,"turns":3},{"damage":19,"enemies":"Slime Boss","floor":16,"turns":9},{"damage":19,"enemies":"2 Thieves","floor":18,"turns":4},{"damage":3,"enemies":"3 Byrds","floor":19,"turns":3},{"damage":19,"enemies":"3 Cultists","floor":20,"turns":5},{"damage":21,"enemies":"Cultist and Chosen","floor":22,"turns":5},{"damage":41,"enemies":"Gremlin Leader","floor":23,"turns":6},{"damage":4,"enemies":"Book of Stabbing","floor":27,"turns":4},{"damage":5,"enemies":"Centurion and Healer","floor":31,"turns":6},{"damage":61,"enemies":"Champ","floor":33,"turns":10},{"damage":0,"enemies":"3 Darklings","floor":35,"turns":2},{"damage":21,"enemies":"3 Shapes","floor":37,"turns":4},{"damage":20,"enemies":"Sphere and 2 Shapes","floor":38,"turns":5},{"damage":12,"enemies":"Writhing Mass","floor":41,"turns":6},{"damage":38,"enemies":"Spire Growth","floor":44,"turns":6},{"damage":31,"enemies":"Giant Head","floor":48,"turns":6},{"damage":65,"enemies":"Awakened One","floor":50,"turns":6}],"seed_played":"-7595602030604080275","potions_obtained":[{"floor":2,"key":"PowerPotion"},{"floor":3,"key":"SteroidPotion"},{"floor":5,"key":"BloodPotion"},{"floor":14,"key":"Energy Potion"}],"is_trial":false,"path_per_floor":["M","M","M","?","M","R","E","T","T","M","E","R","?","M","R","B",null,"M","M","M","?","M","E","$","R","T","E","?","R","T","M","R","B",null,"M","$","M","M","?","R","M","R","T","M","R","?","R","E","R","B"],"character_chosen":"IRONCLAD","items_purchased":["Metallicize","Metallicize","Apotheosis","Mummified Hand"],"campfire_rested":2,"item_purchase_floors":[24,36,36,36],"current_hp_per_floor":[80,80,80,85,70,70,58,58,58,64,54,54,54,54,79,66,85,72,75,62,59,46,19,19,36,36,46,46,46,46,59,59,21,59,59,59,46,44,44,44,58,58,58,41,41,41,41,37,37,0],"gold":65,"neow_bonus":"RANDOM_COMMON_RELIC","is_prod":false,"is_daily":false,"chose_seed":false,"campfire_upgraded":9,"win_rate":0,"timestamp":1561275720,"path_taken":["M","M","M","?","M","R","E","?","T","M","E","R","?","?","R","BOSS","M","M","M","?","M","E","$","R","T","E","?","R","?","M","R","BOSS","M","$","M","M","?","R","M","R","T","M","R","?","R","E","R","BOSS"],"build_version":"2019-01-23","purchased_purges":0,"victory":false,"max_hp_per_floor":[80,80,80,85,85,85,85,85,85,85,85,85,85,85,85,85,85,85,85,85,59,59,59,59,59,59,59,59,59,59,59,59,59,59,59,59,59,59,59,59,59,59,59,59,59,59,59,59,59,59],"card_choices":[{"not_picked":["Reckless Charge","Searing Blow"],"picked":"Twin Strike","floor":1},{"not_picked":["Bloodletting","Metallicize"],"picked":"Armaments","floor":2},{"not_picked":["Twin Strike","Pummel"],"picked":"Armaments","floor":3},{"not_picked":["Warcry","Heavy Blade"],"picked":"Iron Wave","floor":5},{"not_picked":["Clash","Entrench"],"picked":"Thunderclap","floor":7},{"not_picked":["Whirlwind","Heavy Blade"],"picked":"Anger","floor":10},{"not_picked":["Shrug It Off","True Grit"],"picked":"Thunderclap","floor":11},{"not_picked":["Headbutt","Disarm"],"picked":"Spot Weakness","floor":14},{"not_picked":["Berserk","Dark Embrace"],"picked":"Juggernaut","floor":16},{"not_picked":["Blood for Blood","Thunderclap"],"picked":"Combust+1","floor":18},{"not_picked":["Flame Barrier","Headbutt"],"picked":"Shrug It Off","floor":19},{"not_picked":["Hemokinesis","Perfected Strike"],"picked":"Whirlwind+1","floor":20},{"not_picked":["Shockwave+1","Uppercut","Flex"],"picked":"SKIP","floor":22},{"not_picked":["Carnage+1","Ghostly Armor"],"picked":"Battle Trance+1","floor":23},{"not_picked":["Flex","Wild Strike"],"picked":"Fiend Fire","floor":27},{"not_picked":["Rampage","Clash"],"picked":"Dual Wield","floor":31},{"not_picked":["Immolate","Exhume"],"picked":"Reaper","floor":33},{"not_picked":["Heavy Blade","Body Slam"],"picked":"True Grit+1","floor":35},{"not_picked":["Searing Blow+1","Headbutt"],"picked":"Rage+1","floor":37},{"not_picked":["Wild Strike+1","Anger+1"],"picked":"Evolve+1","floor":38},{"not_picked":["Pommel Strike","Sword Boomerang"],"picked":"Barricade","floor":41},{"not_picked":["Twin Strike","Flame Barrier"],"picked":"Iron Wave","floor":44},{"not_picked":["Madness","Deep Breath"],"picked":"Enlightenment","floor":46},{"not_picked":["Armaments+1","Havoc"],"picked":"Battle Trance+1","floor":48}],"player_experience":471576,"relics_obtained":[{"floor":7,"key":"Ornamental Fan"},{"floor":8,"key":"Bottled Lightning"},{"floor":9,"key":"Pen Nib"},{"floor":11,"key":"Ginger"},{"floor":23,"key":"Art of War"},{"floor":26,"key":"PreservedInsect"},{"floor":27,"key":"Darkstone Periapt"},{"floor":30,"key":"Centennial Puzzle"},{"floor":43,"key":"Blue Candle"},{"floor":48,"key":"War Paint"}],"event_choices":[{"damage_healed":0,"gold_gain":0,"player_choice":"Donut","damage_taken":0,"max_hp_gain":5,"max_hp_loss":0,"event_name":"Big Fish","floor":4,"gold_loss":0},{"damage_healed":0,"gold_gain":0,"player_choice":"Trade","damage_taken":0,"relics_obtained":["GremlinMask"],"max_hp_gain":0,"max_hp_loss":0,"event_name":"FaceTrader","floor":13,"gold_loss":0},{"damage_healed":0,"gold_gain":0,"player_choice":"Became a vampire","damage_taken":0,"max_hp_gain":0,"max_hp_loss":26,"event_name":"Vampires","floor":21,"gold_loss":0,"cards_obtained":["Bite","Bite","Bite","Bite","Bite"]},{"damage_healed":0,"gold_gain":0,"player_choice":"Inject Mutagens","damage_taken":0,"relics_obtained":["MutagenicStrength"],"max_hp_gain":0,"max_hp_loss":0,"event_name":"Drug Dealer","floor":28,"gold_loss":0},{"damage_healed":0,"gold_gain":0,"player_choice":"Paid","damage_taken":0,"relics_obtained":["Red Mask"],"max_hp_gain":0,"max_hp_loss":0,"event_name":"Tomb of Lord Red Mask","floor":39,"gold_loss":80},{"damage_healed":0,"gold_gain":0,"player_choice":"Memory 1","damage_taken":0,"max_hp_gain":0,"max_hp_loss":0,"event_name":"SensoryStone","floor":46,"gold_loss":0}],"is_beta":false,"boss_relics":[{"not_picked":["Ectoplasm","Runic Dome"],"picked":"Sozu"},{"not_picked":["Empty Cage","Black Star"],"picked":"Coffee Dripper"}],"items_purged_floors":[],"is_endless":false,"potions_floor_spawned":[2,3,5,14,18,22,23,27,35,38],"killed_by":"Awakened One","ascension_level":4}