{"gold_per_floor":[114,114,28,28,28,28,59,71,71,96,96,96,121,121,121,198,198,211,228,238,238,256,283,283,283],"floor_reached":25,"playtime":801,"items_purged":[],"score":524,"play_id":"5600bdf5-cab5-43b4-ba69-c8a5279d2eb5","local_time":"20190625191942","is_ascension_mode":true,"campfire_choices":[{"data":"Poisoned Stab","floor":6.0,"key":"SMITH"},{"floor":12.0,"key":"REST"},{"data":"Noxious Fumes","floor":15.0,"key":"SMITH"},{"floor":24,"key":"REST"}],"neow_cost":"NONE","seed_source_timestamp":0,"circlet_count":0,"master_deck":["AscendersBane","Defend_G","Defend_G","Defend_G","Defend_G","Defend_G","Strike_G","Strike_G","Strike_G","Strike_G","Strike_G","Survivor","Neutralize","Poisoned Stab+1","Noxious Fumes+1","Backflip","Deadly Poison","PiercingWail","Corpse Explosion","Bane","Backstab","Die Die Die"],"special_seed":0,"relics":["Ring of the Snake","NeowsBlessing","Blue Candle","Bird Faced Urn","Kunai","Pear","Happy Flower","Ornamental Fan","Torii","Lizard Tail","The Courier"],"potions_floor_usage":[23,23,25],"damage_taken":[{"damage":0.0,"enemies":"Jaw Worm","floor":1.0,"turns":1.0},{"damage":0.0,"enemies":"Lagavulin","floor":7.0,"turns":1.0},{"damage":0.0,"enemies":"2 Louse","floor":8.0,"turns":1.0},{"damage":32.0,"enemies":"3 Sentries","floor":10.0,"turns":7.0},{"damage":23.0,"enemies":"Lagavulin","floor":13.0,"turns":6.0},{"damage":28.0,"enemies":"The Guardian","floor":16.0,"turns":10.0},{"damage":12,"enemies":"Shell Parasite","floor":18,"turns":9},{"damage":21,"enemies":"2 Thieves","floor":19,"turns":4},{"damage":0,"enemies":"Centurion and Healer","floor":20,"turns":4},{"damage":33,"enemies":"Snake Plant","floor":22,"turns":5},{"damage":16,"enemies":"Slavers","floor":23,"turns":3},{"damage":62,"enemies":"Book of Stabbing","floor":25,"turns":5}],"seed_played":"1562324775090336714","potions_obtained":[{"floor":1.0,"key":"Fire Potion"},{"floor":13.0,"key":"Ancient Potion"},{"floor":16.0,"key":"SpeedPotion"},{"floor":23,"key":"AttackPotion"}],"is_trial":false,"path_per_floor":["M","?","$","?","T","R","E","M","T","E","?","R","E","?","R","B",null,"M","M","M","?","M","E","R","E"],"character_chosen":"THE_SILENT","items_purchased":["Noxious Fumes"],"campfire_rested":2,"item_purchase_floors":[3],"current_hp_per_floor":[59,48,48,48,48,48,48,48,58,28,28,50,29,29,29,3,58,48,29,31,36,5,37,59,0],"gold":283,"neow_bonus":"THREE_ENEMY_KILL","is_prod":false,"is_daily":false,"chose_seed":false,"campfire_upgraded":2,"win_rate":0,"timestamp":1561504782,"path_taken":["M","?","$","?","?","R","E","M","T","E","?","R","E","?","R","BOSS","M","M","M","?","?","E","R","E"],"build_version":"2019-01-23","purchased_purges":0,"victory":false,"max_hp_per_floor":[66,66,66,66,66,66,66,66,76,76,76,76,76,76,76,76,76,76,76,76,76,76,76,76,76],"card_choices":[{"not_picked":["Tactician","Dagger Throw"],"picked":"Poisoned Stab","floor":1.0},{"not_picked":["Accuracy","Deflect"],"picked":"Backflip","floor":7.0},{"not_picked":["Backflip","Accuracy"],"picked":"Deadly Poison","floor":8.0},{"not_picked":["Tactician","Skewer"],"picked":"Sucker Punch","floor":10.0},{"not_picked":["Backflip","Dagger Throw"],"picked":"PiercingWail","floor":13.0},{"not_picked":["Storm of Steel","A Thousand Cuts"],"picked":"Corpse Explosion","floor":16.0},{"not_picked":["Quick Slash","Reflex"],"picked":"Bane","floor":18},{"not_picked":["Expertise","Bane","Flying Knee"],"picked":"SKIP","floor":19},{"not_picked":["Setup","Expertise","Concentrate"],"picked":"SKIP","floor":20},{"not_picked":["Riddle With Holes","Acrobatics+1"],"picked":"Backstab","floor":22},{"not_picked":["Masterful Stab","Prepared"],"picked":"Die Die Die","floor":23}],"player_experience":973610,"relics_obtained":[{"floor":5.0,"key":"Bird Faced Urn"},{"floor":7.0,"key":"Kunai"},{"floor":9.0,"key":"Pear"},{"floor":10.0,"key":"Happy Flower"},{"floor":13.0,"key":"Ornamental Fan"},{"floor":23,"key":"The Courier"}],"event_choices":[{"damage_healed":0.0,"max_hp_gain":0.0,"max_hp_loss":0.0,"gold_gain":0.0,"event_name":"Scrap Ooze","player_choice":"Success","floor":2.0,"gold_loss":0.0,"damage_taken":11.0,"relics_obtained":["Blue Candle"]},{"damage_healed":0.0,"max_hp_gain":0.0,"max_hp_loss":0.0,"gold_gain":0.0,"event_name":"The Cleric","player_choice":"Leave","floor":4.0,"gold_loss":0.0,"damage_taken":0.0},{"damage_healed":0.0,"max_hp_gain":0.0,"max_hp_loss":0.0,"gold_gain":0.0,"event_name":"Shining Light","player_choice":"Ignored","floor":11.0,"gold_loss":0.0,"damage_taken":0.0},{"damage_healed":0.0,"max_hp_gain":0.0,"max_hp_loss":0.0,"gold_gain":0.0,"event_name":"WeMeetAgain","player_choice":"Gave Potion","floor":14.0,"gold_loss":0.0,"damage_taken":0.0,"relics_obtained":["Torii"]},{"cards_removed":["Sucker Punch"],"damage_healed":5,"gold_gain":0,"player_choice":"Offered Common","damage_taken":0,"max_hp_gain":0,"max_hp_loss":0,"event_name":"Bonfire Elementals","floor":21,"gold_loss":0},{"cards_removed":["Sucker Punch"],"damage_healed":5,"gold_gain":0,"player_choice":"Offered Special","damage_taken":0,"max_hp_gain":0,"max_hp_loss":0,"event_name":"Bonfire Elementals","floor":21,"gold_loss":0}],"is_beta":false,"boss_relics":[{"not_picked":["WristBlade","Runic Dome"],"picked":"Lizard Tail"}],"items_purged_floors":[],"is_endless":false,"potions_floor_spawned":[1,13,16,20,22,23],"killed_by":"Book of Stabbing","ascension_level":20}