{"gold_per_floor":[110,110,130,142,152,182,182,200,225,150,175,3,3,19,19,123,123,133,133,149,59,74,74,3,17,69,69,69,87,186,214,214,315,315,325,325,325,0,18,18,32,52,52,66,81,81,81,98,98,98,98,98,6,35,35],"floor_reached":55,"playtime":1792,"items_purged":["Doubt","Strike_B"],"score":676,"play_id":"e43e6a01-a379-487d-9f17-e3dd0dc66aad","local_time":"20190418170215","is_ascension_mode":false,"campfire_choices":[{"floor":7,"key":"REST"},{"floor":13,"key":"REST"},{"data":"Biased Cognition","floor":15,"key":"SMITH"},{"data":"Biased Cognition","floor":23,"key":"SMITH"},{"data":"Defragment","floor":27,"key":"SMITH"},{"data":"Defragment","floor":32,"key":"SMITH"},{"floor":40,"key":"RECALL"},{"floor":49,"key":"REST"},{"data":"Conserve Battery","floor":52,"key":"SMITH"}],"neow_cost":"CURSE","seed_source_timestamp":746673117353913,"circlet_count":0,"master_deck":["Strike_B+1","Defend_B","Defend_B","Defend_B","Defend_B","Zap","Dualcast","Biased Cognition+1","Cold Snap+1","Machine Learning+1","Echo Form","Conserve Battery+1","Fusion","Self Repair","Doom and Gloom","Biased Cognition+1","Storm","Storm+1","Hyperbeam","Defragment+1","Coolheaded+1","Defragment+1","Defragment+1","Tempest+1","Echo Form","Master of Strategy","Cold Snap","Skim+1","Heatsinks+1","Panacea","Tempest+1"],"relics":["Cracked Core","GremlinMask","Torii","Omamori","Whetstone","Sozu","DataDisk","Inserter","Gambling Chip","Mummified Hand","FossilizedHelix"],"potions_floor_usage":[6,16,16,18],"damage_taken":[{"damage":1,"enemies":"2 Louse","floor":1,"turns":2},{"damage":0,"enemies":"Cultist","floor":3,"turns":3},{"damage":0,"enemies":"Small Slimes","floor":4,"turns":3},{"damage":13,"enemies":"Red Slaver","floor":5,"turns":2},{"damage":27,"enemies":"Gremlin Nob","floor":6,"turns":4},{"damage":29,"enemies":"Exordium Thugs","floor":8,"turns":5},{"damage":1,"enemies":"Lagavulin","floor":11,"turns":6},{"damage":1,"enemies":"Blue Slaver","floor":14,"turns":4},{"damage":10,"enemies":"Hexaghost","floor":16,"turns":8},{"damage":8,"enemies":"3 Byrds","floor":18,"turns":3},{"damage":0,"enemies":"Spheric Guardian","floor":20,"turns":3},{"damage":7,"enemies":"3 Cultists","floor":22,"turns":3},{"damage":7,"enemies":"Sentry and Sphere","floor":25,"turns":3},{"damage":1,"enemies":"Shelled Parasite and Fungi","floor":29,"turns":3},{"damage":1,"enemies":"Gremlin Leader","floor":31,"turns":4},{"damage":24,"enemies":"Champ","floor":33,"turns":5},{"damage":0,"enemies":"3 Shapes","floor":35,"turns":3},{"damage":17,"enemies":"3 Darklings","floor":39,"turns":3},{"damage":16,"enemies":"Writhing Mass","floor":41,"turns":3},{"damage":1,"enemies":"Transient","floor":42,"turns":5},{"damage":20,"enemies":"Jaw Worm Horde","floor":44,"turns":2},{"damage":13,"enemies":"Maw","floor":45,"turns":4},{"damage":8,"enemies":"Writhing Mass","floor":48,"turns":3},{"damage":45,"enemies":"Time Eater","floor":50,"turns":4},{"damage":50,"enemies":"Shield and Spear","floor":54,"turns":3},{"damage":73,"enemies":"The Heart","floor":55,"turns":3}],"seed_played":"5143617582422158943","potions_obtained":[{"floor":1,"key":"AttackPotion"},{"floor":6,"key":"SpeedPotion"},{"floor":11,"key":"Explosive Potion"},{"floor":14,"key":"LiquidBronze"}],"is_trial":false,"path_per_floor":["M","?","M","M","M","E","R","M","T","$","E","$","R","M","R","B",null,"M","?","M","?","M","R","$","M","T","R","?","M","?","E","R","B",null,"M","?","?","$","M","R","M","M","T","M","M","$","?","M","R","B",null,"R","$","E","B"],"character_chosen":"DEFECT","items_purchased":["Self Repair","Defragment","Gambling Chip","Cold Snap","Panacea"],"campfire_rested":3,"item_purchase_floors":[12,24,38,38,53],"current_hp_per_floor":[74,74,74,74,61,34,56,27,27,27,26,26,48,54,54,51,75,74,74,75,75,75,75,75,75,75,75,75,74,74,75,75,51,75,75,75,75,75,58,58,49,55,55,42,36,36,36,35,57,12,75,75,75,25,0],"gold":35,"neow_bonus":"THREE_RARE_CARDS","is_prod":false,"is_daily":false,"chose_seed":false,"campfire_upgraded":5,"win_rate":0,"timestamp":1555621335,"path_taken":["M","?","?","M","M","E","R","M","T","$","E","$","R","?","R","BOSS","M","?","M","?","?","R","?","?","T","R","?","?","?","E","R","BOSS","M","?","?","$","M","R","M","?","T","M","?","$","?","M","R","BOSS","R","$","E","BOSS"],"build_version":"2019-01-23","purchased_purges":2,"victory":false,"max_hp_per_floor":[75,75,75,75,75,75,75,75,75,75,75,75,75,75,75,75,75,75,75,75,75,75,75,75,75,75,75,75,75,75,75,75,75,75,75,75,75,75,75,75,75,75,75,75,75,75,75,75,75,75,75,75,75,75,75],"card_choices":[{"not_picked":["Seek","Rainbow"],"picked":"Biased Cognition","floor":0},{"not_picked":["Compile Driver","Rebound"],"picked":"Cold Snap","floor":1},{"not_picked":["Turbo","Steam","Barrage"],"picked":"SKIP","floor":3},{"not_picked":["Scrape","Gash","Aggregate"],"picked":"SKIP","floor":4},{"not_picked":["Chaos","Turbo"],"picked":"Machine Learning","floor":5},{"not_picked":["Genetic Algorithm","Loop"],"picked":"Echo Form","floor":6},{"not_picked":["Go for the Eyes","Turbo"],"picked":"Conserve Battery","floor":8},{"not_picked":["Recycle","Thunder Strike"],"picked":"Fusion","floor":11},{"not_picked":["Sweeping Beam","Go for the Eyes"],"picked":"Doom and Gloom","floor":14},{"not_picked":["Reboot","Fission"],"picked":"Biased Cognition","floor":16},{"not_picked":["Hello World","Sweeping Beam","Steam"],"picked":"SKIP","floor":18},{"not_picked":["Hologram","Genetic Algorithm"],"picked":"Storm+1","floor":20},{"not_picked":["Ball Lightning+1","Compile Driver+1"],"picked":"Hyperbeam","floor":22},{"not_picked":["Beam Cell","Melter"],"picked":"Coolheaded+1","floor":25},{"not_picked":["Steam","Redo+1"],"picked":"Defragment","floor":29},{"not_picked":["Hello World+1","Darkness+1"],"picked":"Tempest+1","floor":31},{"not_picked":["Multi-Cast","Reboot"],"picked":"Echo Form","floor":33},{"not_picked":["Hello World","Leap+1","FTL"],"picked":"SKIP","floor":35},{"not_picked":["Jack Of All Trades","Dramatic Entrance"],"picked":"Master of Strategy","floor":37},{"not_picked":["Streamline+1","Barrage+1","Sweeping Beam"],"picked":"SKIP","floor":39},{"not_picked":["Turbo","Sweeping Beam+1"],"picked":"Skim+1","floor":41},{"not_picked":["Gash","Sweeping Beam","BootSequence"],"picked":"SKIP","floor":42},{"not_picked":["Beam Cell+1","Compile Driver","Melter+1"],"picked":"SKIP","floor":44},{"not_picked":["Static Discharge+1","Chaos+1"],"picked":"Heatsinks+1","floor":45},{"not_picked":["Hologram","Redo+1","Leap+1"],"picked":"SKIP","floor":48},{"not_picked":["Leap","Go for the Eyes+1"],"picked":"Tempest+1","floor":54}],"player_experience":608731,"relics_obtained":[{"floor":6,"key":"Torii"},{"floor":9,"key":"Omamori"},{"floor":11,"key":"Whetstone"},{"floor":31,"key":"DataDisk"},{"floor":43,"key":"Mummified Hand"},{"floor":54,"key":"FossilizedHelix"}],"event_choices":[{"damage_healed":0,"gold_gain":0,"player_choice":"Trade","damage_taken":0,"relics_obtained":["GremlinMask"],"max_hp_gain":0,"max_hp_loss":0,"event_name":"FaceTrader","floor":2,"gold_loss":0},{"damage_healed":0,"gold_gain":0,"player_choice":"Read","damage_taken":0,"max_hp_gain":0,"max_hp_loss":0,"event_name":"The Library","floor":19,"gold_loss":0,"cards_obtained":["Storm"]},{"cards_removed":["Strike_B"],"damage_healed":0,"gold_gain":0,"player_choice":"Upgrade and Remove","damage_taken":0,"max_hp_gain":0,"max_hp_loss":0,"event_name":"Designer","floor":21,"gold_loss":90,"cards_upgraded":["Machine Learning"]},{"damage_healed":0,"gold_gain":0,"player_choice":"Copied","damage_taken":0,"max_hp_gain":0,"max_hp_loss":0,"event_name":"Duplicator","floor":28,"gold_loss":0,"cards_obtained":["Defragment"]},{"damage_healed":0,"gold_gain":99,"player_choice":"Stole From Cult","damage_taken":0,"max_hp_gain":0,"max_hp_loss":0,"event_name":"Nest","floor":30,"gold_loss":0},{"damage_healed":19,"gold_gain":0,"player_choice":"Writhe","damage_taken":0,"max_hp_gain":0,"max_hp_loss":0,"event_name":"Winding Halls","floor":36,"gold_loss":0,"cards_obtained":["Writhe"]},{"damage_healed":0,"gold_gain":0,"player_choice":"Memory 1","damage_taken":0,"max_hp_gain":0,"max_hp_loss":0,"event_name":"SensoryStone","floor":37,"gold_loss":0},{"cards_removed":["Strike_B"],"damage_healed":0,"gold_gain":0,"player_choice":"Card Removal","damage_taken":0,"max_hp_gain":0,"max_hp_loss":0,"event_name":"Wheel of Change","floor":47,"gold_loss":0}],"is_beta":false,"boss_relics":[{"not_picked":["Calling Bell","Velvet Choker"],"picked":"Sozu"},{"not_picked":["Eternal Feather","Lizard Tail"],"picked":"Inserter"}],"items_purged_floors":[10,12],"is_endless":false,"potions_floor_spawned":[1,6,11,14,20,22,33,39,41,45,48],"killed_by":"The Heart","ascension_level":0}