{"gold_per_floor":[159,159,159,159,216,303,303,357,428,521,569,665,665,596,596,818,818,878,920,431,488,563,563,662,662,687,687,612,690,726,828,828,1044,1044,1086,1125,1425,1045,1192,1267,1267,1267,1321,1321,1351,1429,1429,464,464,464],"floor_reached":51,"playtime":2108,"items_purged":[],"score":1891,"play_id":"9130aab2-f8f7-4e66-a089-65adb7682cf1","local_time":"20190617233307","daily_mods":["Chimera","Hoarder","Midas"],"is_ascension_mode":true,"campfire_choices":[{"floor":7,"key":"REST"},{"floor":13,"key":"REST"},{"data":"Pain","floor":15,"key":"PURGE"},{"data":"Pain","floor":23,"key":"PURGE"},{"floor":25,"key":"REST"},{"floor":27,"key":"REST"},{"floor":32,"key":"REST"},{"floor":41,"key":"REST"},{"floor":44,"key":"REST"},{"floor":47,"key":"REST"},{"floor":49,"key":"REST"}],"neow_cost":"","seed_source_timestamp":0,"circlet_count":0,"master_deck":["AscendersBane","Bash","Survivor+1","Zap","Strike_B","Defend_R","Defend_G","Defend_B","Iron Wave","Iron Wave","Iron Wave","Pain","Fiend Fire","Fiend Fire","Fiend Fire","Twin Strike","Twin Strike","Twin Strike","Disarm+1","Disarm","Disarm","Cleave","Cleave","Cleave","Rupture","Rupture","Rupture","Offering","Offering","Offering","Burning Pact","Burning Pact","Burning Pact","Corruption","Corruption","Corruption","Demon Form","Demon Form","Demon Form","Bloodletting","Bloodletting","Bloodletting","Burning Pact","Burning Pact","Burning Pact","Limit Break","Limit Break","Limit Break","Panacea","Panacea","Panacea","Pommel Strike+1","Pommel Strike+1","Pommel Strike+1","Spot Weakness","Spot Weakness","Spot Weakness","Madness","Madness","Madness","Madness","Madness","Madness","Sentinel","Sentinel","Sentinel","Battle Trance","Battle Trance","Battle Trance","Disarm","Disarm","Disarm","True Grit","True Grit","True Grit","Violence","Violence","Violence"],"relics":["Burning Blood","WarpedTongs","Bag of Marbles","Darkstone Periapt","Dead Branch","Peace Pipe","Fusion Hammer","Brimstone","Mango","Red Mask","War Paint","Bronze Scales","Gambling Chip","Self Forming Clay","Philosopher\u0027s Stone","PreservedInsect","Anchor","Pocketwatch","Mummified Hand","Juzu Bracelet","Centennial Puzzle","Bottled Tornado","Sundial","Chemical X"],"potions_floor_usage":[12,16,21,30,36,50],"damage_taken":[{"damage":8,"enemies":"Jaw Worm","floor":1,"turns":4},{"damage":9,"enemies":"Small Slimes","floor":5,"turns":4},{"damage":38,"enemies":"Gremlin Nob","floor":6,"turns":5},{"damage":4,"enemies":"2 Louse","floor":8,"turns":2},{"damage":28,"enemies":"Lagavulin","floor":10,"turns":5},{"damage":12,"enemies":"Blue Slaver","floor":11,"turns":3},{"damage":13,"enemies":"3 Sentries","floor":12,"turns":5},{"damage":38,"enemies":"The Guardian","floor":16,"turns":14},{"damage":18,"enemies":"Shell Parasite","floor":18,"turns":3},{"damage":14,"enemies":"Chosen","floor":19,"turns":2},{"damage":21,"enemies":"Centurion and Healer","floor":21,"turns":2},{"damage":9,"enemies":"Masked Bandits","floor":22,"turns":2},{"damage":17,"enemies":"Book of Stabbing","floor":24,"turns":2},{"damage":15,"enemies":"Gremlin Leader","floor":29,"turns":1},{"damage":18,"enemies":"Sentry and Sphere","floor":30,"turns":3},{"damage":42,"enemies":"Book of Stabbing","floor":31,"turns":3},{"damage":19,"enemies":"Collector","floor":33,"turns":2},{"damage":18,"enemies":"3 Darklings","floor":35,"turns":3},{"damage":1,"enemies":"Orb Walker","floor":36,"turns":1},{"damage":30,"enemies":"2 Orb Walkers","floor":39,"turns":2},{"damage":3,"enemies":"Nemesis","floor":40,"turns":3},{"damage":6,"enemies":"Jaw Worm Horde","floor":45,"turns":1},{"damage":6,"enemies":"Reptomancer","floor":46,"turns":1},{"damage":12,"enemies":"Awakened One","floor":50,"turns":3}],"seed_played":"8622813153143249245","potions_obtained":[{"floor":1,"key":"BloodPotion"},{"floor":10,"key":"SneckoOil"},{"floor":11,"key":"Strength Potion"},{"floor":16,"key":"Strength Potion"},{"floor":18,"key":"Regen Potion"},{"floor":22,"key":"Ancient Potion"},{"floor":30,"key":"Poison Potion"},{"floor":36,"key":"Fruit Juice"},{"floor":45,"key":"PowerPotion"}],"is_trial":true,"path_per_floor":["M","?","?","?","M","E","R","M","T","E","M","E","R","?","R","B",null,"M","M","$","M","?","R","E","R","T","R","?","E","M","E","R","B",null,"M","M","?","$","?","E","R","?","T","R","M","E","R","$","R","B",null],"character_chosen":"IRONCLAD","items_purchased":["Brimstone","Mango","PreservedInsect","Panacea","Anchor","Bottled Tornado","Sundial","Chemical X","Disarm","True Grit","Violence"],"campfire_rested":9,"item_purchase_floors":[20,20,38,38,38,48,48,48,48,48,48],"current_hp_per_floor":[66,59,59,59,56,24,46,48,48,26,20,13,35,35,35,10,59,47,39,53,43,40,40,29,55,55,81,81,72,60,24,50,37,76,64,74,74,74,50,53,81,64,64,92,92,92,94,94,94,88],"gold":464,"neow_bonus":"","is_prod":false,"is_daily":false,"chose_seed":false,"campfire_upgraded":0,"win_rate":0,"timestamp":1560828787,"path_taken":["M","?","?","?","M","E","R","M","T","E","?","E","R","?","R","BOSS","M","M","$","M","?","R","E","R","T","R","?","E","M","E","R","BOSS","M","M","?","?","?","E","R","?","T","R","M","E","R","$","R","BOSS"],"build_version":"2019-01-23","purchased_purges":0,"victory":true,"max_hp_per_floor":[75,75,75,75,75,75,75,75,75,75,75,75,75,75,75,75,75,75,75,89,89,89,89,89,89,89,89,89,89,89,89,89,89,89,89,94,94,94,94,94,94,94,94,94,94,94,94,94,94,94],"card_choices":[{"not_picked":["Flame Barrier","Shrug It Off"],"picked":"Iron Wave","floor":1},{"not_picked":["Pommel Strike","Havoc","Combust"],"picked":"SKIP","floor":5},{"not_picked":["Carnage","Pummel"],"picked":"Fiend Fire","floor":6},{"not_picked":["Pommel Strike","Ghostly Armor"],"picked":"Twin Strike","floor":8},{"not_picked":["Metallicize","Fiend Fire"],"picked":"Disarm","floor":10},{"not_picked":["Flex","Twin Strike"],"picked":"Cleave","floor":11},{"not_picked":["Sword Boomerang","Iron Wave"],"picked":"Rupture","floor":12},{"not_picked":["Barricade","Impervious"],"picked":"Offering","floor":16},{"not_picked":["Uppercut","Clash"],"picked":"Burning Pact","floor":18},{"not_picked":["Carnage","Havoc"],"picked":"Corruption","floor":19},{"not_picked":["Dropkick","Clothesline","Body Slam"],"picked":"SKIP","floor":21},{"not_picked":["Twin Strike","Evolve"],"picked":"Demon Form","floor":24},{"not_picked":["Pommel Strike","Headbutt","Ghostly Armor"],"picked":"SKIP","floor":29},{"not_picked":["True Grit","Carnage+1"],"picked":"Bloodletting","floor":30},{"not_picked":["Inflame","True Grit"],"picked":"Burning Pact","floor":31},{"not_picked":["Immolate","Juggernaut"],"picked":"Limit Break","floor":33},{"not_picked":["Dual Wield","Anger","Iron Wave"],"picked":"SKIP","floor":35},{"not_picked":["Hemokinesis","Headbutt","Pommel Strike"],"picked":"SKIP","floor":36},{"not_picked":["Heavy Blade","Wild Strike"],"picked":"Pommel Strike+1","floor":39},{"not_picked":["Shockwave+1","Limit Break"],"picked":"Spot Weakness","floor":40},{"not_picked":["Battle Trance","Hemokinesis+1"],"picked":"Sentinel","floor":45},{"not_picked":["Rage","Warcry"],"picked":"Battle Trance","floor":46}],"player_experience":926526,"relics_obtained":[{"floor":6,"key":"Bag of Marbles"},{"floor":9,"key":"Darkstone Periapt"},{"floor":10,"key":"Dead Branch"},{"floor":12,"key":"Peace Pipe"},{"floor":22,"key":"Red Mask"},{"floor":24,"key":"War Paint"},{"floor":26,"key":"Bronze Scales"},{"floor":29,"key":"Gambling Chip"},{"floor":31,"key":"Self Forming Clay"},{"floor":39,"key":"Pocketwatch"},{"floor":40,"key":"Mummified Hand"},{"floor":43,"key":"Juzu Bracelet"},{"floor":46,"key":"Centennial Puzzle"}],"event_choices":[{"cards_removed":["Strike_R"],"damage_healed":0,"gold_gain":0,"player_choice":"Card Removal","damage_taken":7,"max_hp_gain":0,"max_hp_loss":0,"event_name":"Golden Wing","floor":2,"gold_loss":0},{"damage_healed":0,"gold_gain":0,"player_choice":"Ignored","damage_taken":0,"max_hp_gain":0,"max_hp_loss":0,"event_name":"Liars Game","floor":3,"gold_loss":0},{"damage_healed":0,"gold_gain":0,"player_choice":"Rummage","damage_taken":0,"relics_obtained":["WarpedTongs"],"max_hp_gain":0,"max_hp_loss":0,"event_name":"Accursed Blacksmith","floor":4,"gold_loss":0,"cards_obtained":["Pain"]},{"damage_healed":0,"gold_gain":0,"player_choice":"Left Gold","damage_taken":0,"max_hp_gain":0,"max_hp_loss":0,"event_name":"World of Goop","floor":14,"gold_loss":69},{"damage_healed":0,"gold_gain":0,"player_choice":"Fought Bandits","damage_taken":0,"max_hp_gain":0,"max_hp_loss":0,"event_name":"Masked Bandits","floor":22,"gold_loss":0},{"cards_removed":["Strike_G"],"damage_healed":0,"gold_gain":0,"player_choice":"Gave Gold","damage_taken":0,"max_hp_gain":0,"max_hp_loss":0,"event_name":"Beggar","floor":28,"gold_loss":75},{"damage_healed":0,"gold_gain":300,"player_choice":"Gold","damage_taken":0,"max_hp_gain":0,"max_hp_loss":0,"event_name":"Wheel of Change","floor":37,"gold_loss":0},{"damage_healed":0,"gold_gain":0,"player_choice":"Fight","damage_taken":0,"max_hp_gain":0,"max_hp_loss":0,"event_name":"Mysterious Sphere","floor":39,"gold_loss":0},{"damage_healed":0,"gold_gain":0,"player_choice":"Embrace Madness","damage_taken":17,"max_hp_gain":0,"max_hp_loss":0,"event_name":"Winding Halls","floor":42,"gold_loss":0,"cards_obtained":["Madness","Madness"]}],"is_beta":false,"boss_relics":[{"not_picked":["Runic Dome","Black Star"],"picked":"Fusion Hammer"},{"not_picked":["Tiny House","Pandora\u0027s Box"],"picked":"Philosopher\u0027s Stone"}],"items_purged_floors":[],"is_endless":false,"potions_floor_spawned":[1,10,11,16,18,22,30,33,36,45,46],"ascension_level":15}