{"gold_per_floor":[119,119,134,145,220,220,235,246,246,246,261,261],"floor_reached":12,"playtime":421,"items_purged":[],"score":137,"play_id":"710c365a-8668-4d6d-8dc5-bcd573b7b4fa","local_time":"20190619202422","is_ascension_mode":true,"campfire_choices":[{"data":"Echo Form","floor":6,"key":"SMITH"},{"floor":10,"key":"REST"}],"neow_cost":"PERCENT_DAMAGE","seed_source_timestamp":595974426821193,"circlet_count":0,"master_deck":["AscendersBane","Strike_B","Strike_B","Strike_B","Strike_B","Defend_B","Defend_B","Defend_B","Defend_B","Zap","Dualcast","Echo Form+1","Ball Lightning","Coolheaded","Streamline","Coolheaded","White Noise"],"relics":["Cracked Core","Dodecahedron","Bronze Scales"],"potions_floor_usage":[11],"damage_taken":[{"damage":9,"enemies":"Jaw Worm","floor":1,"turns":4},{"damage":1,"enemies":"Cultist","floor":3,"turns":3},{"damage":2,"enemies":"2 Louse","floor":4,"turns":2},{"damage":15,"enemies":"Gremlin Gang","floor":7,"turns":5},{"damage":9,"enemies":"Looter","floor":8,"turns":3},{"damage":10,"enemies":"Lots of Slimes","floor":11,"turns":3},{"damage":22,"enemies":"Lagavulin","floor":12,"turns":5}],"seed_played":"4095249270892551199","potions_obtained":[{"floor":8,"key":"AttackPotion"},{"floor":11,"key":"FearPotion"}],"is_trial":false,"path_per_floor":["M","?","M","M","T","R","M","M","T","R","M","E"],"character_chosen":"DEFECT","items_purchased":[],"campfire_rested":1,"item_purchase_floors":[],"current_hp_per_floor":[37,37,36,34,34,34,19,10,10,31,21,0],"gold":261,"neow_bonus":"THREE_RARE_CARDS","is_prod":false,"is_daily":false,"chose_seed":false,"campfire_upgraded":1,"win_rate":0,"timestamp":1561001062,"path_taken":["M","?","M","M","?","R","M","M","T","R","?","E"],"build_version":"2019-01-23","purchased_purges":0,"victory":false,"max_hp_per_floor":[71,71,71,71,71,71,71,71,71,71,71,71],"card_choices":[{"not_picked":["Reboot","Fission"],"picked":"Echo Form","floor":0},{"not_picked":["Hologram","Turbo"],"picked":"Ball Lightning","floor":1},{"not_picked":["Cold Snap","Turbo"],"picked":"Coolheaded","floor":3},{"not_picked":["Beam Cell","Stack"],"picked":"Streamline","floor":4},{"not_picked":["Ball Lightning","Genetic Algorithm"],"picked":"Coolheaded","floor":7},{"not_picked":["Storm","Scrape","Chaos"],"picked":"SKIP","floor":8},{"not_picked":["Steam","Static Discharge"],"picked":"White Noise","floor":11}],"player_experience":1044527,"relics_obtained":[{"floor":5,"key":"Dodecahedron"},{"floor":9,"key":"Bronze Scales"}],"event_choices":[{"damage_healed":0,"gold_gain":0,"player_choice":"Ignored","damage_taken":0,"max_hp_gain":0,"max_hp_loss":0,"event_name":"Shining Light","floor":2,"gold_loss":0}],"is_beta":false,"boss_relics":[],"items_purged_floors":[],"is_endless":false,"potions_floor_spawned":[8,11],"killed_by":"Lagavulin","ascension_level":18}