{"gold_per_floor":[118,118,130,143,143,143,158,201,277,277,277,277,277,315,315,435,435,448,448,448,276,294,335,335,354,354,368,62,83,83,117,117,243,243,263,286,186,186,186,186,206,206,233,233,233],"floor_reached":45,"playtime":2111,"items_purged":["Strike_B","Darkness"],"score":459,"play_id":"390d567e-c76e-4fef-890a-eed236166ebf","local_time":"20190701185424","is_ascension_mode":false,"campfire_choices":[{"data":"Loop","floor":6,"key":"SMITH"},{"floor":11,"key":"REST"},{"data":"Core Surge","floor":13,"key":"SMITH"},{"data":"Dualcast","floor":15,"key":"SMITH"},{"data":"Defragment","floor":24,"key":"SMITH"},{"floor":32,"key":"REST"},{"data":"Creative AI","floor":40,"key":"SMITH"},{"data":"Force Field","floor":42,"key":"SMITH"},{"data":"Auto Shields","floor":44,"key":"SMITH"}],"neow_cost":"TEN_PERCENT_HP_LOSS","seed_source_timestamp":754143233710393,"circlet_count":0,"master_deck":["Strike_B+1","Defend_B+1","Defend_B+1","Defend_B+1","Zap+1","Dualcast+1","Sweeping Beam","Loop+1","Core Surge+1","Ball Lightning","Go for the Eyes","FTL","Electrodynamics","Ball Lightning+1","Ball Lightning","Self Repair","Defragment+1","Hologram+1","Loop","Force Field+1","Auto Shields+1","Creative AI+1","Double Energy","Storm","Reinforced Body"],"relics":["Cracked Core","Calipers","Golden Idol","Pocketwatch","Gremlin Horn","War Paint","Vajra","Nuclear Battery","PreservedInsect","Matryoshka","OrangePellets","DataDisk","White Beast Statue","Centennial Puzzle","Omamori"],"potions_floor_usage":[7,8,16,22,23,31,41],"damage_taken":[{"damage":4,"enemies":"Jaw Worm","floor":1,"turns":5},{"damage":3,"enemies":"Small Slimes","floor":3,"turns":3},{"damage":1,"enemies":"2 Louse","floor":4,"turns":2},{"damage":3,"enemies":"Red Slaver","floor":7,"turns":3},{"damage":21,"enemies":"Lagavulin","floor":8,"turns":5},{"damage":16,"enemies":"Gremlin Nob","floor":14,"turns":3},{"damage":1,"enemies":"Slime Boss","floor":16,"turns":5},{"damage":1,"enemies":"Chosen","floor":18,"turns":3},{"damage":0,"enemies":"Spheric Guardian","floor":22,"turns":3},{"damage":17,"enemies":"Slavers","floor":23,"turns":3},{"damage":0,"enemies":"3 Cultists","floor":25,"turns":2},{"damage":0,"enemies":"Sentry and Sphere","floor":27,"turns":2},{"damage":9,"enemies":"Centurion and Healer","floor":29,"turns":5},{"damage":22,"enemies":"Book of Stabbing","floor":31,"turns":4},{"damage":35,"enemies":"Automaton","floor":33,"turns":7},{"damage":29,"enemies":"3 Darklings","floor":35,"turns":3},{"damage":0,"enemies":"3 Shapes","floor":36,"turns":3},{"damage":6,"enemies":"3 Darklings","floor":41,"turns":2},{"damage":48,"enemies":"Writhing Mass","floor":45,"turns":4}],"seed_played":"2032972643887751954","potions_obtained":[{"floor":4,"key":"Energy Potion"},{"floor":7,"key":"Strength Potion"},{"floor":14,"key":"FocusPotion"},{"floor":18,"key":"SkillPotion"},{"floor":22,"key":"Block Potion"},{"floor":29,"key":"SkillPotion"},{"floor":35,"key":"EssenceOfSteel"},{"floor":36,"key":"Poison Potion"},{"floor":41,"key":"Ancient Potion"}],"is_trial":false,"path_per_floor":["M","?","M","M","?","R","M","E","T","?","R","?","R","E","R","B",null,"M","?","?","$","M","E","R","M","T","M","$","M","?","E","R","B",null,"M","M","$","?","?","R","M","R","T","R","M"],"character_chosen":"DEFECT","items_purchased":["Ball Lightning","Self Repair","OrangePellets","Loop","Force Field"],"campfire_rested":2,"item_purchase_floors":[21,21,28,28,28],"current_hp_per_floor":[64,69,66,65,65,65,62,41,41,41,61,61,61,45,45,44,68,67,67,67,67,68,58,58,58,58,58,58,56,56,34,54,26,68,46,53,53,53,53,53,47,47,47,47,0],"gold":233,"neow_bonus":"ONE_RARE_RELIC","is_prod":false,"is_daily":false,"chose_seed":false,"campfire_upgraded":7,"win_rate":0,"timestamp":1562032464,"path_taken":["M","?","M","M","?","R","M","E","T","?","R","?","R","E","R","BOSS","M","?","?","$","M","E","R","M","T","M","$","?","?","E","R","BOSS","M","M","$","?","?","R","M","R","T","R","M"],"build_version":"2019-07-01","purchased_purges":2,"victory":false,"max_hp_per_floor":[68,73,73,73,68,68,68,68,68,68,68,68,68,68,68,68,68,68,68,68,68,68,68,68,68,68,68,68,68,68,68,68,68,68,68,68,68,65,65,65,65,65,65,65,65],"card_choices":[{"not_picked":["Coolheaded","Rebound"],"picked":"Sweeping Beam","floor":1},{"not_picked":["Doom and Gloom","Hologram"],"picked":"Loop","floor":3},{"not_picked":["Sweeping Beam","Turbo"],"picked":"Core Surge","floor":4},{"not_picked":["Lockon","FTL"],"picked":"Ball Lightning","floor":7},{"not_picked":["Compile Driver","Rebound"],"picked":"Go for the Eyes","floor":8},{"not_picked":["Chaos","Steam Power"],"picked":"FTL","floor":14},{"not_picked":["Meteor Strike","Hyperbeam"],"picked":"Electrodynamics","floor":16},{"not_picked":["Undo+1","Leap"],"picked":"Ball Lightning+1","floor":18},{"not_picked":["Leap","Hologram+1"],"picked":"Defragment","floor":22},{"not_picked":["Aggregate+1","Stack","Hologram"],"picked":"SKIP","floor":23},{"not_picked":["BootSequence","Steam"],"picked":"Hologram+1","floor":25},{"not_picked":["Compile Driver","Capacitor","Beam Cell+1"],"picked":"SKIP","floor":27},{"not_picked":["Cold Snap","Compile Driver"],"picked":"Darkness","floor":29},{"not_picked":["Streamline","Glacier"],"picked":"Auto Shields","floor":31},{"not_picked":["Thunder Strike","Core Surge"],"picked":"Creative AI","floor":33},{"not_picked":["Compile Driver+1","Cold Snap+1"],"picked":"Double Energy","floor":35},{"not_picked":["Steam+1","Sweeping Beam"],"picked":"Storm","floor":36},{"not_picked":["Coolheaded+1","Beam Cell"],"picked":"Reinforced Body","floor":41}],"player_experience":581854,"relics_obtained":[{"floor":8,"key":"Pocketwatch"},{"floor":9,"key":"Gremlin Horn"},{"floor":14,"key":"Vajra"},{"floor":23,"key":"PreservedInsect"},{"floor":26,"key":"Matryoshka"},{"floor":31,"key":"DataDisk"},{"floor":43,"key":"Centennial Puzzle"},{"floor":43,"key":"Omamori"}],"event_choices":[{"damage_healed":0,"gold_gain":0,"player_choice":"Donut","damage_taken":0,"max_hp_gain":5,"max_hp_loss":0,"event_name":"Big Fish","floor":2,"gold_loss":0},{"damage_healed":0,"gold_gain":0,"player_choice":"Lose Max HP","damage_taken":0,"relics_obtained":["Golden Idol"],"max_hp_gain":0,"max_hp_loss":5,"event_name":"Golden Idol","floor":5,"gold_loss":0},{"damage_healed":0,"gold_gain":0,"player_choice":"Searched \u00271\u0027 times","damage_taken":0,"relics_obtained":["War Paint"],"max_hp_gain":0,"max_hp_loss":0,"event_name":"Dead Adventurer","floor":10,"gold_loss":0},{"cards_removed":["Strike_B"],"damage_healed":0,"gold_gain":0,"player_choice":"Purged","damage_taken":0,"max_hp_gain":0,"max_hp_loss":0,"event_name":"Purifier","floor":12,"gold_loss":0},{"damage_healed":0,"gold_gain":0,"player_choice":"Ignored","damage_taken":0,"max_hp_gain":0,"max_hp_loss":0,"event_name":"The Mausoleum","floor":19,"gold_loss":0},{"cards_removed":["Strike_B"],"damage_healed":0,"gold_gain":0,"player_choice":"Offered Basic","damage_taken":0,"max_hp_gain":0,"max_hp_loss":0,"event_name":"Bonfire Elementals","floor":20,"gold_loss":0},{"damage_healed":0,"gold_gain":0,"player_choice":"Simplicity","damage_taken":0,"max_hp_gain":0,"max_hp_loss":0,"event_name":"Back to Basics","floor":30,"gold_loss":0,"cards_upgraded":["Strike_B","Defend_B","Defend_B","Defend_B"]},{"damage_healed":0,"gold_gain":0,"player_choice":"Max HP","damage_taken":0,"max_hp_gain":0,"max_hp_loss":3,"event_name":"Winding Halls","floor":38,"gold_loss":0},{"cards_removed":["Defend_B"],"damage_healed":0,"gold_gain":0,"player_choice":"Removed Skill","damage_taken":0,"max_hp_gain":0,"max_hp_loss":0,"event_name":"Falling","floor":39,"gold_loss":0}],"is_beta":false,"boss_relics":[{"not_picked":["FrozenCore","Velvet Choker"],"picked":"Nuclear Battery"},{"not_picked":["Fusion Hammer","Snecko Eye"],"picked":"White Beast Statue"}],"items_purged_floors":[21,37],"is_endless":false,"potions_floor_spawned":[4,7,14,18,22,29,35,36,41],"killed_by":"Writhing Mass","ascension_level":0}