{"gold_per_floor":[113,288,304,304,330,295,295,322,392,392,403,418,197,16,16,89,89,107,107],"floor_reached":19,"playtime":511,"items_purged":[],"score":323,"play_id":"25b85a10-f14d-4e75-b386-fc95c33545cd","local_time":"20190428130310","is_ascension_mode":true,"campfire_choices":[{"data":"Shockwave","floor":7,"key":"SMITH"},{"data":"Headbutt","floor":10,"key":"SMITH"},{"data":"Corruption","floor":15,"key":"SMITH"}],"neow_cost":"NONE","seed_source_timestamp":147308893688720,"circlet_count":0,"master_deck":["AscendersBane","Strike_R","Strike_R","Strike_R","Strike_R","Defend_R","Defend_R","Defend_R","Defend_R","Bash","Twin Strike","Doubt","Shockwave+1","Headbutt+1","Headbutt","Disarm","Corruption+1","Spot Weakness","Barricade","Inflame"],"relics":["Burning Blood","NeowsBlessing","Red Skull","Kunai","Pear","Happy Flower","Pen Nib","Sozu"],"potions_floor_usage":[16],"damage_taken":[{"damage":0,"enemies":"Jaw Worm","floor":1,"turns":1},{"damage":0,"enemies":"Small Slimes","floor":3,"turns":1},{"damage":0,"enemies":"3 Sentries","floor":8,"turns":2},{"damage":9,"enemies":"2 Louse","floor":11,"turns":3},{"damage":15,"enemies":"Large Slime","floor":12,"turns":7},{"damage":56,"enemies":"The Guardian","floor":16,"turns":10},{"damage":44,"enemies":"2 Thieves","floor":18,"turns":4},{"damage":32,"enemies":"Colosseum Slavers","floor":19,"turns":3}],"seed_played":"-8720713217889795155","potions_obtained":[{"floor":1,"key":"GamblersBrew"},{"floor":12,"key":"FearPotion"}],"is_trial":false,"path_per_floor":["M","?","M","?","T","?","R","E","T","R","M","M","$","$","R","B",null,"M","?"],"character_chosen":"IRONCLAD","items_purchased":["Happy Flower","Corruption","Spot Weakness","Pen Nib"],"campfire_rested":0,"item_purchase_floors":[13,13,14,14],"current_hp_per_floor":[74,74,75,68,68,75,75,75,85,85,82,73,73,73,73,23,70,32,0],"gold":107,"neow_bonus":"THREE_ENEMY_KILL","is_prod":false,"is_daily":false,"chose_seed":false,"campfire_upgraded":3,"win_rate":0,"timestamp":1556481790,"path_taken":["M","?","M","?","?","?","R","E","T","R","M","M","?","$","R","BOSS","M","?"],"build_version":"2019-01-23","purchased_purges":0,"victory":false,"max_hp_per_floor":[75,75,75,75,75,75,75,75,85,85,85,85,85,85,85,85,85,85,85],"card_choices":[{"not_picked":["Dropkick","Intimidate"],"picked":"Twin Strike","floor":1},{"not_picked":["Fire Breathing","Sever Soul"],"picked":"Shockwave","floor":3},{"not_picked":["Feel No Pain","Body Slam"],"picked":"Headbutt","floor":8},{"not_picked":["Havoc","True Grit"],"picked":"Headbutt","floor":11},{"not_picked":["True Grit","Wild Strike"],"picked":"Disarm","floor":12},{"not_picked":["Berserk","Brutality"],"picked":"Barricade","floor":16},{"not_picked":["Infernal Blade","Twin Strike"],"picked":"Inflame","floor":18}],"player_experience":840235,"relics_obtained":[{"floor":5,"key":"Red Skull"},{"floor":8,"key":"Kunai"},{"floor":9,"key":"Pear"}],"event_choices":[{"damage_healed":0,"gold_gain":175,"player_choice":"AGREE","damage_taken":0,"max_hp_gain":0,"max_hp_loss":0,"event_name":"Liars Game","floor":2,"gold_loss":0,"cards_obtained":["Doubt"]},{"cards_removed":["Strike_R"],"damage_healed":0,"gold_gain":0,"player_choice":"Card Removal","damage_taken":7,"max_hp_gain":0,"max_hp_loss":0,"event_name":"Golden Wing","floor":4,"gold_loss":0},{"damage_healed":18,"gold_gain":0,"player_choice":"Healed","damage_taken":0,"max_hp_gain":0,"max_hp_loss":0,"event_name":"The Cleric","floor":6,"gold_loss":35},{"damage_healed":0,"gold_gain":0,"player_choice":"Fight","damage_taken":0,"max_hp_gain":0,"max_hp_loss":0,"event_name":"Colosseum","floor":19,"gold_loss":0}],"is_beta":false,"boss_relics":[{"not_picked":["Tiny House","Eternal Feather"],"picked":"Sozu"}],"items_purged_floors":[],"is_endless":false,"potions_floor_spawned":[1,12],"killed_by":"Colosseum Slavers","ascension_level":14}