{"gold_per_floor":[214,231,247,265,265,265,284,319,319,339,372,385,385,395,395,490,490,502,502,417,433,447,447,475,492,492,492,504,504,517,517,517,517],"floor_reached":33,"playtime":1919,"items_purged":[],"score":311,"play_id":"a5d0915c-2523-473d-ac3b-0d791f7084b8","local_time":"20190603234015","is_ascension_mode":true,"campfire_choices":[{"data":"Hemokinesis","floor":6,"key":"SMITH"},{"data":"Body Slam","floor":13,"key":"SMITH"},{"floor":15,"key":"REST"},{"floor":23,"key":"REST"},{"floor":27,"key":"REST"},{"floor":29,"key":"REST"},{"data":"Carnage","floor":32,"key":"SMITH"}],"neow_cost":"NONE","seed_source_timestamp":702920954249245,"circlet_count":0,"master_deck":["Strike_R","Strike_R","Strike_R+1","Strike_R","Strike_R","Defend_R","Defend_R","Defend_R","Defend_R","Bash","Metallicize","Hemokinesis+1","Carnage+1","Body Slam+1","Intimidate","Rage","Blood for Blood","Pommel Strike","Dual Wield","Blood for Blood+1","Offering","RitualDagger","Armaments+1","Combust+1","Headbutt+1","Juggernaut"],"relics":["Burning Blood","PreservedInsect","Self Forming Clay","Peace Pipe","Velvet Choker","Toxic Egg 2","Happy Flower","Whetstone"],"potions_floor_usage":[4,8,8,10,11,22,24,25,33],"damage_taken":[{"damage":6,"enemies":"2 Louse","floor":1,"turns":3},{"damage":3,"enemies":"Cultist","floor":2,"turns":3},{"damage":7,"enemies":"Small Slimes","floor":3,"turns":3},{"damage":5,"enemies":"3 Louse","floor":4,"turns":5},{"damage":6,"enemies":"2 Fungi Beasts","floor":7,"turns":3},{"damage":14,"enemies":"3 Sentries","floor":8,"turns":7},{"damage":8,"enemies":"Exordium Thugs","floor":10,"turns":4},{"damage":18,"enemies":"Lagavulin","floor":11,"turns":4},{"damage":7,"enemies":"Red Slaver","floor":12,"turns":2},{"damage":17,"enemies":"Large Slime","floor":14,"turns":5},{"damage":67,"enemies":"The Guardian","floor":16,"turns":11},{"damage":24,"enemies":"Shell Parasite","floor":18,"turns":6},{"damage":8,"enemies":"Spheric Guardian","floor":21,"turns":3},{"damage":31,"enemies":"Shelled Parasite and Fungi","floor":22,"turns":5},{"damage":32,"enemies":"Slavers","floor":24,"turns":4},{"damage":26,"enemies":"Snake Plant","floor":25,"turns":2},{"damage":10,"enemies":"Snecko","floor":28,"turns":3},{"damage":15,"enemies":"Chosen and Byrds","floor":30,"turns":4},{"damage":75,"enemies":"Collector","floor":33,"turns":6}],"seed_played":"4743813448318355717","potions_obtained":[{"floor":1,"key":"SpeedPotion"},{"floor":2,"key":"SteroidPotion"},{"floor":3,"key":"Poison Potion"},{"floor":8,"key":"Explosive Potion"},{"floor":10,"key":"SteroidPotion"},{"floor":21,"key":"Poison Potion"},{"floor":22,"key":"SteroidPotion"},{"floor":24,"key":"Fire Potion"},{"floor":30,"key":"Fire Potion"}],"is_trial":false,"path_per_floor":["M","M","M","M","?","R","M","E","T","M","E","M","R","M","R","B",null,"M","?","?","M","M","R","E","M","T","R","M","R","M","?","R","B"],"character_chosen":"IRONCLAD","items_purchased":[],"campfire_rested":4,"item_purchase_floors":[],"current_hp_per_floor":[80,80,79,80,80,80,80,72,72,70,58,57,57,46,70,9,80,62,56,56,54,29,53,27,7,7,31,27,51,42,68,68,0],"gold":517,"neow_bonus":"HUNDRED_GOLD","is_prod":false,"is_daily":false,"chose_seed":false,"campfire_upgraded":3,"win_rate":0,"timestamp":1559630415,"path_taken":["M","M","M","M","?","R","M","E","T","?","E","M","R","M","R","BOSS","M","?","?","M","M","R","E","M","T","R","M","R","M","?","R","BOSS"],"build_version":"2019-01-23","purchased_purges":0,"victory":false,"max_hp_per_floor":[80,80,80,80,80,80,80,80,80,80,80,80,80,80,80,80,80,80,80,80,80,80,80,80,80,80,80,80,80,80,80,80,80],"card_choices":[{"not_picked":["Combust","Armaments"],"picked":"Metallicize","floor":1},{"not_picked":["Rupture","Anger"],"picked":"Hemokinesis","floor":2},{"not_picked":["Wild Strike","True Grit"],"picked":"Carnage","floor":3},{"not_picked":["Thunderclap","Clash","Uppercut"],"picked":"SKIP","floor":4},{"not_picked":["Fiend Fire","Wild Strike"],"picked":"Rage","floor":7},{"not_picked":["Dual Wield","Sword Boomerang"],"picked":"Blood for Blood","floor":8},{"not_picked":["Perfected Strike","Heavy Blade"],"picked":"Pommel Strike","floor":10},{"not_picked":["Pommel Strike","Twin Strike"],"picked":"Dual Wield","floor":11},{"not_picked":["Body Slam","Heavy Blade"],"picked":"Blood for Blood","floor":12},{"not_picked":["Body Slam","Anger","Pommel Strike"],"picked":"SKIP","floor":14},{"not_picked":["Dark Embrace","Feed"],"picked":"Offering","floor":16},{"not_picked":["Pommel Strike","Heavy Blade","Twin Strike+1"],"picked":"SKIP","floor":18},{"not_picked":["True Grit+1","Carnage","Searing Blow+1"],"picked":"SKIP","floor":21},{"not_picked":["Thunderclap+1","True Grit+1"],"picked":"Armaments+1","floor":22},{"not_picked":["Burning Pact+1","Clothesline"],"picked":"Combust+1","floor":24},{"not_picked":["Burning Pact+1","True Grit+1"],"picked":"Headbutt+1","floor":25},{"not_picked":["Clash+1","Perfected Strike","Anger"],"picked":"SKIP","floor":28},{"not_picked":["Thunderclap","Entrench+1"],"picked":"Juggernaut","floor":30}],"player_experience":295280,"relics_obtained":[{"floor":8,"key":"PreservedInsect"},{"floor":9,"key":"Self Forming Clay"},{"floor":11,"key":"Peace Pipe"},{"floor":24,"key":"Happy Flower"},{"floor":26,"key":"Whetstone"}],"event_choices":[{"damage_healed":0,"gold_gain":0,"player_choice":"2 cards matched","damage_taken":0,"max_hp_gain":0,"max_hp_loss":0,"event_name":"Match and Keep!","floor":5,"gold_loss":0,"cards_obtained":["Body Slam","Intimidate"]},{"damage_healed":0,"gold_gain":0,"player_choice":"Joined the Cult","damage_taken":6,"max_hp_gain":0,"max_hp_loss":0,"event_name":"Nest","floor":19,"gold_loss":0,"cards_obtained":["RitualDagger"]},{"damage_healed":0,"gold_gain":0,"player_choice":"Obtained Relic","damage_taken":0,"relics_obtained":["Toxic Egg 2"],"max_hp_gain":0,"max_hp_loss":0,"event_name":"Addict","floor":20,"gold_loss":85},{"damage_healed":26,"gold_gain":0,"player_choice":"Heal","damage_taken":0,"max_hp_gain":0,"max_hp_loss":0,"event_name":"The Library","floor":31,"gold_loss":0}],"is_beta":false,"boss_relics":[{"not_picked":["Astrolabe","Lizard Tail"],"picked":"Velvet Choker"}],"items_purged_floors":[],"is_endless":false,"potions_floor_spawned":[1,2,3,8,10,21,22,24,30],"killed_by":"Collector","ascension_level":2}