{"gold_per_floor":[114,114,127,140,159,159,169,169,169,169,169,186,261,293,293,293],"floor_reached":16,"playtime":1634,"items_purged":[],"score":199,"play_id":"a8e70e9e-51c5-4cfe-8349-f065c5e529f8","local_time":"20190624164937","is_ascension_mode":true,"campfire_choices":[{"data":"True Grit","floor":6,"key":"SMITH"},{"data":"Shrug It Off","floor":8,"key":"SMITH"},{"floor":15,"key":"REST"}],"neow_cost":"TEN_PERCENT_HP_LOSS","seed_source_timestamp":1013873526501114,"circlet_count":0,"master_deck":["AscendersBane","Strike_R","Strike_R","Strike_R","Strike_R","Strike_R","Defend_R","Defend_R","Defend_R","Defend_R","Bash","Barricade","True Grit+1","Wild Strike","Demon Form","Shrug It Off+1","Body Slam","Feel No Pain","Sword Boomerang"],"relics":["Burning Blood","Darkstone Periapt","Letter Opener"],"potions_floor_usage":[12,14,14,16],"damage_taken":[{"damage":11,"enemies":"Cultist","floor":1,"turns":4},{"damage":1,"enemies":"2 Louse","floor":3,"turns":4},{"damage":7,"enemies":"Jaw Worm","floor":4,"turns":3},{"damage":17,"enemies":"3 Louse","floor":5,"turns":6},{"damage":1,"enemies":"2 Fungi Beasts","floor":7,"turns":5},{"damage":21,"enemies":"Large Slime","floor":12,"turns":9},{"damage":11,"enemies":"3 Sentries","floor":14,"turns":13},{"damage":62,"enemies":"Slime Boss","floor":16,"turns":7}],"seed_played":"-4827666475600307221","potions_obtained":[{"floor":3,"key":"Energy Potion"},{"floor":4,"key":"Poison Potion"},{"floor":12,"key":"Explosive Potion"},{"floor":14,"key":"AttackPotion"}],"is_trial":false,"path_per_floor":["M","$","M","M","M","R","M","R","T","?","$","M","?","E","R","B"],"character_chosen":"IRONCLAD","items_purchased":[],"campfire_rested":1,"item_purchase_floors":[],"current_hp_per_floor":[63,63,68,67,56,56,61,61,61,61,61,46,35,30,50,0],"gold":293,"neow_bonus":"THREE_RARE_CARDS","is_prod":false,"is_daily":false,"chose_seed":false,"campfire_upgraded":2,"win_rate":0,"timestamp":1561420177,"path_taken":["M","$","M","?","M","R","M","R","T","?","?","M","?","E","R","BOSS"],"build_version":"2019-01-23","purchased_purges":0,"victory":false,"max_hp_per_floor":[68,68,68,68,68,68,68,68,68,68,68,68,68,68,68,68],"card_choices":[{"not_picked":["Reaper","Brutality"],"picked":"Barricade","floor":0},{"not_picked":["Cleave","Sword Boomerang"],"picked":"True Grit","floor":1},{"not_picked":["Sword Boomerang","Disarm"],"picked":"Wild Strike","floor":3},{"not_picked":["Flex","Heavy Blade"],"picked":"True Grit","floor":4},{"not_picked":["Wild Strike","Reckless Charge"],"picked":"Demon Form","floor":5},{"not_picked":["Metallicize","Pommel Strike"],"picked":"Shrug It Off","floor":7},{"not_picked":["Perfected Strike","Wild Strike"],"picked":"Feel No Pain","floor":12},{"not_picked":["Twin Strike","Searing Blow"],"picked":"Sword Boomerang","floor":14}],"player_experience":1060011,"relics_obtained":[{"floor":9,"key":"Darkstone Periapt"},{"floor":14,"key":"Letter Opener"}],"event_choices":[{"damage_healed":0,"gold_gain":0,"cards_transformed":["True Grit"],"player_choice":"Transformed","damage_taken":0,"max_hp_gain":0,"max_hp_loss":0,"event_name":"Transmorgrifier","floor":10,"gold_loss":0,"cards_obtained":["Body Slam"]},{"damage_healed":0,"gold_gain":75,"player_choice":"Gather Gold","damage_taken":11,"max_hp_gain":0,"max_hp_loss":0,"event_name":"World of Goop","floor":13,"gold_loss":0}],"is_beta":false,"boss_relics":[],"items_purged_floors":[],"is_endless":false,"potions_floor_spawned":[3,4,12,14],"killed_by":"Slime Boss","ascension_level":19}