{"gold_per_floor":[119,139,139,139,153,186,196,196,220,69,69,79,95,115,115,213,213,231,258,16,16,16,50,50,50,105,105,105,123,123,151,151,249,249,268,368,379,391,407,407,407,407,407,422,36,46,60,60,60,60,60,60,12,12],"floor_reached":54,"playtime":1974,"items_purged":["Regret","Pain"],"score":677,"play_id":"094ec6d1-2743-4225-bb6a-7ecf6fd086a1","local_time":"20190414131935","is_ascension_mode":false,"campfire_choices":[{"floor":8,"key":"REST"},{"data":"Rampage","floor":11,"key":"SMITH"},{"data":"Bash","floor":15,"key":"SMITH"},{"data":"Barricade","floor":25,"key":"SMITH"},{"floor":28,"key":"REST"},{"floor":30,"key":"REST"},{"floor":32,"key":"REST"},{"floor":40,"key":"RECALL"},{"data":"Body Slam","floor":42,"key":"SMITH"},{"data":"J.A.X.","floor":49,"key":"SMITH"},{"data":"Immolate","floor":52,"key":"SMITH"}],"neow_cost":"NONE","seed_source_timestamp":387525030807635,"circlet_count":0,"master_deck":["Strike_R+1","Strike_R+1","Strike_R","Defend_R","Defend_R","Defend_R+1","Defend_R","Bash+1","Body Slam+1","Cleave","Clothesline+1","Rampage+1","Barricade+1","Immolate+1","True Grit+1","Ghostly Armor","J.A.X.+1","Entrench+1","Cleave+1","Impervious+1","Shrug It Off+1","Uppercut+1","Rage+1","Seeing Red+1","Shrug It Off+1","Power Through+1","Parasite","Shrug It Off+1","Body Slam"],"relics":["Burning Blood","NeowsBlessing","Bag of Marbles","Bronze Scales","Empty Cage","Red Mask","Shuriken","Toxic Egg 2","Whetstone","Art of War","Sozu","Bird Faced Urn","WarpedTongs","Centennial Puzzle","Dead Branch"],"potions_floor_usage":[16,16,23,23,33],"damage_taken":[{"damage":0,"enemies":"2 Louse","floor":1,"turns":1},{"damage":0,"enemies":"Small Slimes","floor":2,"turns":1},{"damage":0,"enemies":"Jaw Worm","floor":5,"turns":1},{"damage":54,"enemies":"3 Sentries","floor":6,"turns":10},{"damage":7,"enemies":"Exordium Thugs","floor":7,"turns":3},{"damage":2,"enemies":"Looter","floor":12,"turns":3},{"damage":0,"enemies":"Gremlin Gang","floor":13,"turns":2},{"damage":3,"enemies":"Red Slaver","floor":14,"turns":3},{"damage":12,"enemies":"Slime Boss","floor":16,"turns":9},{"damage":17,"enemies":"2 Thieves","floor":18,"turns":3},{"damage":0,"enemies":"Masked Bandits","floor":19,"turns":2},{"damage":36,"enemies":"Slavers","floor":23,"turns":4},{"damage":28,"enemies":"Colosseum Slavers","floor":27,"turns":5},{"damage":10,"enemies":"Shell Parasite","floor":29,"turns":6},{"damage":33,"enemies":"Book of Stabbing","floor":31,"turns":7},{"damage":49,"enemies":"Automaton","floor":33,"turns":12},{"damage":0,"enemies":"Orb Walker","floor":35,"turns":2},{"damage":6,"enemies":"Mind Bloom Boss Battle","floor":36,"turns":8},{"damage":0,"enemies":"3 Darklings","floor":37,"turns":2},{"damage":3,"enemies":"Jaw Worm Horde","floor":38,"turns":4},{"damage":9,"enemies":"Maw","floor":39,"turns":8},{"damage":17,"enemies":"Transient","floor":44,"turns":5},{"damage":3,"enemies":"Sphere and 2 Shapes","floor":46,"turns":5},{"damage":3,"enemies":"Writhing Mass","floor":47,"turns":6},{"damage":16,"enemies":"Awakened One","floor":50,"turns":12},{"damage":89,"enemies":"Shield and Spear","floor":54,"turns":7}],"seed_played":"5439506080704568902","potions_obtained":[{"floor":6,"key":"GamblersBrew"},{"floor":7,"key":"Dexterity Potion"},{"floor":12,"key":"Energy Potion"},{"floor":13,"key":"Regen Potion"},{"floor":18,"key":"FearPotion"},{"floor":31,"key":"Block Potion"}],"is_trial":false,"path_per_floor":["M","M","?","?","M","E","M","R","T","$","R","M","M","M","R","B",null,"M","?","$","?","?","E","$","R","T","?","R","M","R","E","R","B",null,"M","?","M","M","M","R","?","R","T","M","$","M","M","$","R","B",null,"R","$","E"],"character_chosen":"IRONCLAD","items_purchased":["Rampage","Shuriken","Dead Branch","Body Slam"],"campfire_rested":4,"item_purchase_floors":[10,20,45,53],"current_hp_per_floor":[80,80,64,64,70,22,21,45,45,45,45,49,55,58,58,52,80,69,75,75,75,60,42,42,42,42,20,45,41,66,39,64,21,85,85,85,85,85,84,84,84,84,84,75,75,80,85,85,85,77,85,85,85,0],"gold":12,"neow_bonus":"THREE_ENEMY_KILL","is_prod":false,"is_daily":false,"chose_seed":false,"campfire_upgraded":6,"win_rate":0,"timestamp":1555262375,"path_taken":["M","M","?","?","M","E","M","R","T","$","R","M","M","M","R","BOSS","M","?","$","?","?","E","$","R","T","?","R","?","R","E","R","BOSS","M","?","M","M","M","R","?","R","T","M","$","M","M","$","R","BOSS","R","$","E"],"build_version":"2019-01-23","purchased_purges":2,"victory":false,"max_hp_per_floor":[80,80,80,80,80,80,80,80,80,80,80,80,80,80,80,80,80,80,80,80,80,85,85,85,85,85,85,85,85,85,85,85,85,85,85,85,85,85,85,85,85,85,85,85,85,85,85,85,85,85,85,85,85,85],"card_choices":[{"not_picked":["Flex","Anger"],"picked":"Body Slam","floor":1},{"not_picked":["True Grit","Headbutt"],"picked":"Cleave","floor":2},{"not_picked":["Anger","Thunderclap","Battle Trance"],"picked":"SKIP","floor":5},{"not_picked":["Warcry","Second Wind"],"picked":"Clothesline","floor":6},{"not_picked":["Flex","Burning Pact","Dual Wield"],"picked":"SKIP","floor":7},{"not_picked":["Shockwave","Dropkick"],"picked":"Barricade","floor":12},{"not_picked":["Seeing Red","Feel No Pain","Perfected Strike"],"picked":"SKIP","floor":13},{"not_picked":["Dual Wield","Cleave","Sword Boomerang"],"picked":"SKIP","floor":14},{"not_picked":["Limit Break","Fiend Fire"],"picked":"Immolate","floor":16},{"not_picked":["Clash","Blood for Blood"],"picked":"True Grit+1","floor":18},{"not_picked":["Thunderclap","Warcry"],"picked":"Ghostly Armor","floor":19},{"not_picked":["Immolate","Twin Strike"],"picked":"Entrench+1","floor":23},{"not_picked":["Clothesline","Infernal Blade+1","Pommel Strike"],"picked":"SKIP","floor":29},{"not_picked":["Perfected Strike","Power Through+1"],"picked":"Cleave+1","floor":31},{"not_picked":["Immolate","Barricade"],"picked":"Impervious+1","floor":33},{"not_picked":["Dual Wield+1","Sword Boomerang","Wild Strike"],"picked":"SKIP","floor":35},{"not_picked":["Heavy Blade","Havoc+1"],"picked":"Shrug It Off+1","floor":36},{"not_picked":["Flex+1","Bloodletting+1"],"picked":"Uppercut+1","floor":37},{"not_picked":["Combust+1","Wild Strike+1"],"picked":"Rage+1","floor":38},{"not_picked":["Barricade","Uppercut"],"picked":"Seeing Red+1","floor":39},{"not_picked":["Headbutt+1","Anger"],"picked":"Shrug It Off+1","floor":44},{"not_picked":["Iron Wave+1","Reckless Charge+1"],"picked":"Power Through+1","floor":46},{"not_picked":["Wild Strike+1","Pommel Strike+1"],"picked":"Shrug It Off+1","floor":47}],"player_experience":581788,"relics_obtained":[{"floor":6,"key":"Bronze Scales"},{"floor":19,"key":"Red Mask"},{"floor":23,"key":"Toxic Egg 2"},{"floor":26,"key":"Whetstone"},{"floor":31,"key":"Art of War"},{"floor":36,"key":"Bird Faced Urn"},{"floor":43,"key":"Centennial Puzzle"}],"event_choices":[{"damage_healed":0,"gold_gain":0,"player_choice":"Entered Light","damage_taken":16,"max_hp_gain":0,"max_hp_loss":0,"event_name":"Shining Light","floor":3,"gold_loss":0,"cards_upgraded":["Defend_R","Strike_R"]},{"damage_healed":0,"gold_gain":0,"player_choice":"Box","damage_taken":0,"relics_obtained":["Bag of Marbles"],"max_hp_gain":0,"max_hp_loss":0,"event_name":"Big Fish","floor":4,"gold_loss":0,"cards_obtained":["Regret"]},{"damage_healed":0,"gold_gain":0,"player_choice":"Fought Bandits","damage_taken":0,"max_hp_gain":0,"max_hp_loss":0,"event_name":"Masked Bandits","floor":19,"gold_loss":0},{"damage_healed":0,"gold_gain":0,"player_choice":"Obtain J.A.X.","damage_taken":0,"max_hp_gain":0,"max_hp_loss":0,"event_name":"Drug Dealer","floor":21,"gold_loss":0,"cards_obtained":["J.A.X."]},{"damage_healed":0,"gold_gain":0,"player_choice":"Shed Blood","damage_taken":20,"max_hp_gain":5,"max_hp_loss":0,"event_name":"Forgotten Altar","floor":22,"gold_loss":0},{"damage_healed":0,"gold_gain":0,"player_choice":"Fight","damage_taken":0,"max_hp_gain":0,"max_hp_loss":0,"event_name":"Colosseum","floor":27,"gold_loss":0},{"damage_healed":0,"gold_gain":0,"player_choice":"Fled From Nobs","damage_taken":0,"max_hp_gain":0,"max_hp_loss":0,"event_name":"Colosseum","floor":27,"gold_loss":0},{"damage_healed":0,"gold_gain":0,"player_choice":"Fight","damage_taken":0,"max_hp_gain":0,"max_hp_loss":0,"event_name":"MindBloom","floor":36,"gold_loss":0},{"damage_healed":0,"gold_gain":0,"player_choice":"Rummage","damage_taken":0,"relics_obtained":["WarpedTongs"],"max_hp_gain":0,"max_hp_loss":0,"event_name":"Accursed Blacksmith","floor":41,"gold_loss":0,"cards_obtained":["Pain"]}],"is_beta":false,"boss_relics":[{"not_picked":["Fusion Hammer","Runic Pyramid"],"picked":"Empty Cage"},{"not_picked":["Runic Dome","Tiny House"],"picked":"Sozu"}],"items_purged_floors":[10,45],"is_endless":false,"potions_floor_spawned":[6,7,12,13,18,31,35,36,46],"killed_by":"Shield and Spear","ascension_level":0}