{"gold_per_floor":[110,110,123,56,73,73,99,109,160,85,101,130,405,425,425,524,524,540,243,263,274,285,285,375,375,443,454,454,473,487,85,85,85],"floor_reached":33,"playtime":1049,"items_purged":["Strike_R","Strike_R","Strike_R"],"score":261,"play_id":"e1b06b7a-ec4d-4c4d-ae19-d0f23cc05923","local_time":"20190508115751","is_ascension_mode":false,"campfire_choices":[{"data":"Rampage","floor":6,"key":"SMITH"},{"floor":15,"key":"REST"},{"data":"Bash","floor":23,"key":"SMITH"},{"data":"True Grit","floor":25,"key":"SMITH"},{"floor":28,"key":"REST"},{"floor":32,"key":"REST"}],"neow_cost":"NONE","seed_source_timestamp":144662071918262,"circlet_count":0,"master_deck":["Strike_R","Strike_R","Defend_R","Defend_R","Defend_R","Defend_R","Bash+1","Cleave","True Grit+1","Rampage+1","Carnage","Demon Form+1","Inflame+1","Twin Strike","Offering","Shrug It Off","Whirlwind+1","Twin Strike","Sword Boomerang+1","Flame Barrier"],"relics":["Burning Blood","NeowsBlessing","NlothsMask","Frozen Egg 2","Omamori","Runic Cube","Anchor","Molten Egg 2","Medical Kit"],"potions_floor_usage":[8,16,16,33,33,33],"damage_taken":[{"damage":0,"enemies":"Jaw Worm","floor":1,"turns":1},{"damage":0,"enemies":"Cultist","floor":3,"turns":1},{"damage":0,"enemies":"Small Slimes","floor":5,"turns":1},{"damage":25,"enemies":"3 Sentries","floor":7,"turns":8},{"damage":4,"enemies":"Gremlin Gang","floor":8,"turns":4},{"damage":10,"enemies":"Exordium Thugs","floor":11,"turns":5},{"damage":46,"enemies":"Gremlin Nob","floor":12,"turns":5},{"damage":10,"enemies":"Looter","floor":14,"turns":3},{"damage":15,"enemies":"Slime Boss","floor":16,"turns":7},{"damage":16,"enemies":"3 Byrds","floor":18,"turns":4},{"damage":8,"enemies":"Chosen","floor":20,"turns":4},{"damage":14,"enemies":"3 Cultists","floor":21,"turns":4},{"damage":17,"enemies":"Centurion and Healer","floor":22,"turns":5},{"damage":11,"enemies":"Snake Plant","floor":27,"turns":3},{"damage":22,"enemies":"Sentry and Sphere","floor":29,"turns":4},{"damage":18,"enemies":"Shelled Parasite and Fungi","floor":30,"turns":3},{"damage":58,"enemies":"Collector","floor":33,"turns":6}],"seed_played":"-6771512301151549332","potions_obtained":[{"floor":3,"key":"SpeedPotion"},{"floor":7,"key":"FearPotion"},{"floor":8,"key":"Ancient Potion"},{"floor":11,"key":"Dexterity Potion"},{"floor":16,"key":"FearPotion"},{"floor":21,"key":"Strength Potion"}],"is_trial":false,"path_per_floor":["M","?","M","$","M","R","E","M","T","$","M","E","?","M","R","B",null,"M","$","M","M","M","R","?","R","T","M","R","M","M","$","R","B"],"character_chosen":"IRONCLAD","items_purchased":["Rampage","Anchor","Shrug It Off","Flame Barrier","Medical Kit"],"campfire_rested":3,"item_purchase_floors":[4,19,19,31,31],"current_hp_per_floor":[80,80,80,80,80,80,61,63,63,63,59,19,19,15,39,30,80,70,70,68,60,49,49,33,33,33,28,52,36,24,24,48,0],"gold":85,"neow_bonus":"THREE_ENEMY_KILL","is_prod":false,"is_daily":false,"chose_seed":false,"campfire_upgraded":3,"win_rate":0,"timestamp":1557331071,"path_taken":["M","?","M","$","?","R","E","M","T","?","M","E","?","M","R","BOSS","M","$","M","M","?","R","?","R","T","M","R","?","M","$","R","BOSS"],"build_version":"2019-01-23","purchased_purges":3,"victory":false,"max_hp_per_floor":[80,80,80,80,80,80,80,80,80,80,80,80,80,80,80,80,80,80,80,80,80,80,80,80,80,80,80,80,80,80,80,80,80],"card_choices":[{"not_picked":["Clothesline","Anger"],"picked":"Cleave","floor":1},{"not_picked":["Perfected Strike","Feel No Pain"],"picked":"True Grit","floor":3},{"not_picked":["Havoc","True Grit","Metallicize"],"picked":"SKIP","floor":5},{"not_picked":["Corruption","Seeing Red"],"picked":"Carnage","floor":7},{"not_picked":["Whirlwind","Flex"],"picked":"Demon Form+1","floor":8},{"not_picked":["Power Through","Carnage","Thunderclap"],"picked":"SKIP","floor":11},{"not_picked":["Dropkick","Rampage"],"picked":"Inflame+1","floor":12},{"not_picked":["Flex","Pommel Strike"],"picked":"Twin Strike","floor":14},{"not_picked":["Reaper","Brutality+1"],"picked":"Offering","floor":16},{"not_picked":["Bloodletting","Thunderclap","Pommel Strike"],"picked":"SKIP","floor":18},{"not_picked":["Cleave","Twin Strike"],"picked":"Whirlwind+1","floor":20},{"not_picked":["Sever Soul","Battle Trance"],"picked":"Twin Strike","floor":21},{"not_picked":["Whirlwind","Warcry","Cleave"],"picked":"SKIP","floor":22},{"not_picked":["Pommel Strike+1","Second Wind","Twin Strike+1"],"picked":"SKIP","floor":27},{"not_picked":["Whirlwind+1","Cleave+1"],"picked":"Sword Boomerang+1","floor":29},{"not_picked":["Iron Wave+1","Warcry","Body Slam+1"],"picked":"SKIP","floor":30}],"player_experience":673234,"relics_obtained":[{"floor":7,"key":"Frozen Egg 2"},{"floor":12,"key":"Omamori"},{"floor":26,"key":"Molten Egg 2"}],"event_choices":[{"damage_healed":0,"gold_gain":0,"player_choice":"Trade","damage_taken":0,"relics_obtained":["NlothsMask"],"max_hp_gain":0,"max_hp_loss":0,"event_name":"FaceTrader","floor":2,"gold_loss":0},{"damage_healed":0,"gold_gain":275,"player_choice":"Desecrate","damage_taken":0,"max_hp_gain":0,"max_hp_loss":0,"event_name":"Golden Shrine","floor":13,"gold_loss":0,"cards_obtained":["Regret"]},{"damage_healed":0,"gold_gain":90,"player_choice":"GOLD ","damage_taken":16,"max_hp_gain":0,"max_hp_loss":0,"event_name":"Knowing Skull","floor":24,"potions_obtained":[],"gold_loss":0,"cards_obtained":[]}],"is_beta":false,"boss_relics":[{"not_picked":["White Beast Statue","Pandora\u0027s Box"],"picked":"Runic Cube"}],"items_purged_floors":[10,19,31],"is_endless":false,"potions_floor_spawned":[3,7,8,11,12,16,21,22,30],"killed_by":"Collector","ascension_level":0}