{"gold_per_floor":[109,24,38,58,71,71,87,87,138,138,170,170,185,88,88,185,185,110,56,74,26,26,26,44,44,44,44,44],"floor_reached":28,"playtime":2834,"items_purged":[],"score":324,"play_id":"fdab5da9-bf44-4ac8-ad8f-7d8be0167bd0","local_time":"20190218150327","is_ascension_mode":true,"campfire_choices":[{"data":"Creative AI","floor":6.0,"key":"SMITH"},{"data":"Buffer","floor":10.0,"key":"SMITH"},{"floor":15.0,"key":"REST"},{"data":"Machine Learning","floor":23.0,"key":"SMITH"},{"data":"RitualDagger","floor":27.0,"key":"SMITH"}],"neow_cost":"TEN_PERCENT_HP_LOSS","seed_source_timestamp":0,"circlet_count":0,"master_deck":["AscendersBane","Strike_B+1","Strike_B","Strike_B","Strike_B","Defend_B","Defend_B","Defend_B+1","Defend_B","Zap","Dualcast","Creative AI+1","Coolheaded","Conserve Battery","Lockon","Go for the Eyes","Buffer+1","Undo","Coolheaded+1","Machine Learning+1","Self Repair","Conserve Battery+1","Biased Cognition","Chill+1","Stack+1","Fusion+1","Leap+1","RitualDagger+1"],"special_seed":0,"relics":["Cracked Core","Anchor","Toxic Egg 2","Velvet Choker","Ginger"],"potions_floor_usage":[],"damage_taken":[{"damage":2.0,"enemies":"Jaw Worm","floor":1.0,"turns":3.0},{"damage":11.0,"enemies":"2 Louse","floor":3.0,"turns":3.0},{"damage":5.0,"enemies":"Small Slimes","floor":4.0,"turns":3.0},{"damage":0.0,"enemies":"Looter","floor":5.0,"turns":2.0},{"damage":1.0,"enemies":"Exordium Wildlife","floor":7.0,"turns":3.0},{"damage":20.0,"enemies":"Lagavulin","floor":11.0,"turns":8.0},{"damage":0.0,"enemies":"2 Fungi Beasts","floor":13.0,"turns":4.0},{"damage":10.0,"enemies":"Slime Boss","floor":16.0,"turns":12.0},{"damage":11.0,"enemies":"2 Thieves","floor":18.0,"turns":5.0},{"damage":0.0,"enemies":"Shell Parasite","floor":20.0,"turns":10.0},{"damage":10.0,"enemies":"Snecko","floor":24.0,"turns":9.0},{"damage":0,"enemies":"Centurion and Healer","floor":28,"turns":1}],"seed_played":"-6531484930132795960","potions_obtained":[{"floor":3.0,"key":"LiquidBronze"},{"floor":7.0,"key":"Ancient Potion"},{"floor":11.0,"key":"Dexterity Potion"}],"is_trial":false,"path_per_floor":["M","$","M","M","M","R","M","?","T","R","E","?","M","$","R","B",null,"M","$","M","$","?","R","M","?","T","R","M"],"character_chosen":"DEFECT","items_purchased":["Conserve Battery","Lockon","Self Repair","Conserve Battery+1","Stack+1","Leap+1"],"campfire_rested":1,"item_purchase_floors":[2,2,14,14,19,21],"current_hp_per_floor":[66,66,55,50,50,50,49,35,35,35,15,15,15,15,35,32,59,48,48,55,55,55,55,52,46,46,46,46],"gold":44,"neow_bonus":"THREE_RARE_CARDS","is_prod":false,"is_daily":false,"chose_seed":false,"campfire_upgraded":4,"win_rate":0,"timestamp":1550520207,"path_taken":["M","$","M","M","M","R","M","?","T","R","E","?","M","$","R","BOSS","M","$","M","$","?","R","M","?","T","R","M"],"build_version":"2019-01-23","purchased_purges":0,"victory":false,"max_hp_per_floor":[68,68,68,68,68,68,68,68,68,68,68,68,68,68,68,68,68,68,68,68,68,68,68,68,68,68,68,68],"card_choices":[{"not_picked":["Amplify","Buffer"],"picked":"Creative AI","floor":0.0},{"not_picked":["Hologram","White Noise"],"picked":"Coolheaded","floor":1.0},{"not_picked":["Streamline","Storm","Heatsinks"],"picked":"SKIP","floor":3.0},{"not_picked":["Cold Snap","Compile Driver"],"picked":"Go for the Eyes","floor":4.0},{"not_picked":["Rebound","Beam Cell"],"picked":"Buffer","floor":5.0},{"not_picked":["Compile Driver","Hologram"],"picked":"Undo","floor":7.0},{"not_picked":["Beam Cell","Barrage"],"picked":"Coolheaded","floor":11.0},{"not_picked":["Beam Cell","Hello World"],"picked":"Machine Learning","floor":13.0},{"not_picked":["Fission+1","Creative AI"],"picked":"Biased Cognition","floor":16.0},{"not_picked":["Go for the Eyes","Gash"],"picked":"Chill+1","floor":18.0},{"not_picked":["Conserve Battery+1","Turbo+1"],"picked":"Fusion+1","floor":20.0},{"not_picked":["Coolheaded+1","Conserve Battery+1","Ball Lightning"],"picked":"SKIP","floor":24.0}],"player_experience":271347,"relics_obtained":[{"floor":9.0,"key":"Anchor"},{"floor":11.0,"key":"Toxic Egg 2"},{"floor":26.0,"key":"Ginger"}],"event_choices":[{"damage_healed":0.0,"max_hp_gain":0.0,"max_hp_loss":0.0,"gold_gain":0.0,"event_name":"Shining Light","player_choice":"Entered Light","floor":8.0,"gold_loss":0.0,"damage_taken":14.0,"cards_upgraded":["Defend_B","Strike_B"]},{"damage_healed":0.0,"max_hp_gain":0.0,"max_hp_loss":0.0,"gold_gain":0.0,"event_name":"Golden Wing","player_choice":"Ignored","floor":12.0,"gold_loss":0.0,"damage_taken":0.0},{"damage_healed":0.0,"max_hp_gain":0.0,"max_hp_loss":0.0,"gold_gain":0.0,"event_name":"Vampires","player_choice":"Ignored","floor":22.0,"gold_loss":0.0,"damage_taken":0.0},{"damage_healed":0.0,"max_hp_gain":0.0,"max_hp_loss":0.0,"gold_gain":0.0,"event_name":"Nest","player_choice":"Joined the Cult","floor":25.0,"gold_loss":0.0,"damage_taken":6.0,"cards_obtained":["RitualDagger"]}],"is_beta":false,"boss_relics":[{"not_picked":["Philosopher\u0027s Stone","Astrolabe"],"picked":"Velvet Choker"}],"items_purged_floors":[],"is_endless":false,"potions_floor_spawned":[3,7,11,16,20,24],"killed_by":"Centurion and Healer","ascension_level":10}