{"gold_per_floor":[109,123,123,123,143,143,159,191,191,191,216,232,36,36,36,114,114,125,23,35,35,35,35,53,53,53,53,69,81,0,19,19,93,93,110,110,120,120,120],"floor_reached":39,"playtime":1501,"items_purged":[],"score":684,"play_id":"42408fe0-da9f-4ff2-9a00-dfb009d5f152","local_time":"20190325183950","is_ascension_mode":true,"campfire_choices":[{"data":"Creative AI","floor":6,"key":"SMITH"},{"data":"Doom and Gloom","floor":10,"key":"SMITH"},{"data":"Zap","floor":15,"key":"SMITH"},{"floor":23,"key":"REST"},{"floor":25,"key":"REST"},{"floor":32,"key":"REST"}],"neow_cost":"NONE","seed_source_timestamp":434694562020213,"circlet_count":0,"master_deck":["AscendersBane","Strike_B","Strike_B","Strike_B","Defend_B","Defend_B","Defend_B","Defend_B","Zap+1","Dualcast","Creative AI+1","Glacier","Doom and Gloom+1","Leap","BootSequence","Leap","Defragment+1","Gash","Biased Cognition","Lockon","Gash","Self Repair","Beam Cell","Zap","Fusion+1","Storm","Doom and Gloom+1","Thunder Strike","Go for the Eyes+1"],"relics":["Cracked Core","Orichalcum","Kunai","Lantern","DataDisk","Lee\u0027s Waffle","Fusion Hammer","Enchiridion","The Courier","Busted Crown"],"potions_floor_usage":[2,7,8,12,33,33,35,39],"damage_taken":[{"damage":2,"enemies":"2 Louse","floor":1,"turns":2},{"damage":0,"enemies":"Cultist","floor":2,"turns":4},{"damage":2,"enemies":"Small Slimes","floor":5,"turns":4},{"damage":10,"enemies":"Exordium Wildlife","floor":7,"turns":7},{"damage":2,"enemies":"Gremlin Nob","floor":8,"turns":5},{"damage":16,"enemies":"Lagavulin","floor":11,"turns":8},{"damage":0,"enemies":"Red Slaver","floor":12,"turns":4},{"damage":19,"enemies":"Slime Boss","floor":16,"turns":13},{"damage":0,"enemies":"Chosen","floor":18,"turns":4},{"damage":21,"enemies":"Spheric Guardian","floor":20,"turns":4},{"damage":39,"enemies":"Shelled Parasite and Fungi","floor":24,"turns":5},{"damage":15,"enemies":"Snake Plant","floor":28,"turns":5},{"damage":10,"enemies":"Centurion and Healer","floor":29,"turns":7},{"damage":1,"enemies":"Snecko","floor":31,"turns":6},{"damage":11,"enemies":"Champ","floor":33,"turns":9},{"damage":16,"enemies":"3 Darklings","floor":35,"turns":5},{"damage":4,"enemies":"Orb Walker","floor":37,"turns":3},{"damage":84,"enemies":"Awakened One","floor":39,"turns":6}],"seed_played":"-6582735012407760793","potions_obtained":[{"floor":1,"key":"SteroidPotion"},{"floor":2,"key":"SpeedPotion"},{"floor":7,"key":"GamblersBrew"},{"floor":11,"key":"Dexterity Potion"},{"floor":12,"key":"Fruit Juice"},{"floor":20,"key":"FearPotion"},{"floor":33,"key":"Strength Potion"},{"floor":35,"key":"Fruit Juice"}],"is_trial":false,"path_per_floor":["M","M","?","?","M","R","M","E","T","R","E","M","$","?","R","B",null,"M","$","M","?","?","R","M","R","T","?","M","M","?","M","R","B",null,"M","$","M","?","B"],"character_chosen":"DEFECT","items_purchased":["Lee\u0027s Waffle","Gash","Self Repair"],"campfire_rested":3,"item_purchase_floors":[13,19,19],"current_hp_per_floor":[62,62,51,71,69,69,59,57,57,57,41,46,83,83,83,64,78,78,78,64,43,43,67,35,59,59,59,51,48,48,54,78,74,79,75,75,78,78,0],"gold":120,"neow_bonus":"TRANSFORM_CARD","is_prod":false,"is_daily":false,"chose_seed":false,"campfire_upgraded":3,"win_rate":0,"timestamp":1553553590,"path_taken":["M","M","?","?","?","R","M","E","T","R","E","M","$","?","R","BOSS","M","$","M","?","?","R","?","R","T","?","M","?","?","M","R","BOSS","M","$","M","?","BOSS"],"build_version":"2019-01-23","purchased_purges":0,"victory":false,"max_hp_per_floor":[71,71,71,71,71,71,71,71,71,71,71,76,83,83,83,83,83,83,83,83,83,83,83,83,83,83,80,80,80,80,80,80,80,80,85,85,85,85,85],"card_choices":[{"not_picked":["Steam Power","Ball Lightning"],"picked":"Glacier","floor":1},{"not_picked":["Double Energy","Compile Driver"],"picked":"Doom and Gloom","floor":2},{"not_picked":["Streamline","Recycle"],"picked":"Leap","floor":5},{"not_picked":["Hologram","Turbo"],"picked":"BootSequence","floor":7},{"not_picked":["Tempest","Lockon"],"picked":"Leap","floor":8},{"not_picked":["Storm","Ball Lightning"],"picked":"Defragment","floor":11},{"not_picked":["Barrage","Compile Driver"],"picked":"Gash","floor":12},{"not_picked":["Reboot","Multi-Cast"],"picked":"Biased Cognition","floor":16},{"not_picked":["Stack","Leap"],"picked":"Lockon","floor":18},{"not_picked":["Rebound","Turbo+1","Lockon"],"picked":"SKIP","floor":20},{"not_picked":["Loop","Barrage"],"picked":"Fusion+1","floor":24},{"not_picked":["Leap","Lockon"],"picked":"Storm","floor":28},{"not_picked":["Steam","Leap+1","Fusion"],"picked":"SKIP","floor":29},{"not_picked":["White Noise","Multi-Cast"],"picked":"Doom and Gloom+1","floor":31},{"not_picked":["Hyperbeam","Biased Cognition"],"picked":"Thunder Strike","floor":33},{"not_picked":[],"picked":"Go for the Eyes+1","floor":35},{"not_picked":["Cold Snap"],"picked":"SKIP","floor":37}],"player_experience":463456,"relics_obtained":[{"floor":8,"key":"Kunai"},{"floor":9,"key":"Lantern"},{"floor":11,"key":"DataDisk"},{"floor":21,"key":"Enchiridion"},{"floor":26,"key":"The Courier"}],"event_choices":[{"damage_healed":0,"gold_gain":0,"player_choice":"Success","damage_taken":11,"relics_obtained":["Orichalcum"],"max_hp_gain":0,"max_hp_loss":0,"event_name":"Scrap Ooze","floor":3,"gold_loss":0},{"damage_healed":20,"gold_gain":0,"player_choice":"Full Heal","damage_taken":0,"max_hp_gain":0,"max_hp_loss":0,"event_name":"Wheel of Change","floor":4,"gold_loss":0},{"damage_healed":0,"gold_gain":0,"player_choice":"Grow","damage_taken":0,"max_hp_gain":0,"max_hp_loss":0,"event_name":"Living Wall","floor":14,"gold_loss":0,"cards_upgraded":["Defragment"]},{"damage_healed":0,"gold_gain":0,"player_choice":"Obtained Book","damage_taken":21,"max_hp_gain":0,"max_hp_loss":0,"event_name":"Cursed Tome","floor":21,"gold_loss":0},{"damage_healed":0,"gold_gain":0,"player_choice":"3 cards matched","damage_taken":0,"max_hp_gain":0,"max_hp_loss":0,"event_name":"Match and Keep!","floor":22,"gold_loss":0,"cards_obtained":["Beam Cell","Parasite","Zap"]},{"cards_removed":["Parasite"],"damage_healed":0,"gold_gain":0,"player_choice":"Removed Curses","damage_taken":0,"max_hp_gain":0,"max_hp_loss":0,"event_name":"Fountain of Cleansing","floor":27,"gold_loss":0},{"damage_healed":0,"gold_gain":0,"player_choice":"Paid Fearfully","damage_taken":0,"max_hp_gain":0,"max_hp_loss":0,"event_name":"Masked Bandits","floor":30,"gold_loss":81},{"damage_healed":0,"gold_gain":0,"player_choice":"Took Portal","damage_taken":0,"max_hp_gain":0,"max_hp_loss":0,"event_name":"SecretPortal","floor":38,"gold_loss":0}],"is_beta":false,"boss_relics":[{"not_picked":["Tiny House","Snecko Eye"],"picked":"Fusion Hammer"},{"not_picked":["Coffee Dripper","Calling Bell"],"picked":"Busted Crown"}],"items_purged_floors":[],"is_endless":false,"potions_floor_spawned":[1,2,7,11,12,20,24,33,35],"killed_by":"Awakened One","ascension_level":15}