{"gold_per_floor":[211,8,8,0,0,0,0,39,86,101,101,124,163,178,178,277,277,290,166,166,66,66,66,66,66,91,16,57,72,72,95,95,194,194,215,215,215,340,363,363,388,388,412,430,430],"floor_reached":45,"playtime":1640,"items_purged":["Strike_R","Strike_R"],"score":718,"play_id":"72d56e60-6c8f-4652-b77c-113e7496541e","local_time":"20190316165102","is_ascension_mode":true,"campfire_choices":[{"data":"Inflame","floor":6,"key":"SMITH"},{"data":"Sword Boomerang","floor":11,"key":"SMITH"},{"floor":15,"key":"REST"},{"data":"Armaments","floor":23,"key":"SMITH"},{"data":"Body Slam","floor":25,"key":"SMITH"},{"floor":30,"key":"REST"},{"floor":32,"key":"REST"},{"floor":40,"key":"REST"},{"data":"Normality","floor":42,"key":"PURGE"}],"neow_cost":"NONE","seed_source_timestamp":2492343157256204,"circlet_count":0,"master_deck":["AscendersBane","Strike_R","Defend_R","Defend_R","Defend_R","Bash+1","Inflame+1","Perfected Strike","Sword Boomerang+1","Shrug It Off","Pommel Strike","Body Slam+1","Demon Form","Juggernaut","Armaments+1","Flame Barrier","Heavy Blade","Iron Wave","Pummel","Madness","Madness","Shrug It Off","Writhe","Sword Boomerang"],"relics":["Burning Blood","Chemical X","Golden Idol","Potion Belt","Pen Nib","Bottled Flame","Philosopher\u0027s Stone","Boot","Anchor","Regal Pillow","Cursed Key","Peace Pipe","Bronze Scales","Juzu Bracelet"],"potions_floor_usage":[28,29,31,33,38,44],"damage_taken":[{"damage":13,"enemies":"Jaw Worm","floor":1,"turns":5},{"damage":40,"enemies":"Lagavulin","floor":8,"turns":5},{"damage":7,"enemies":"Small Slimes","floor":10,"turns":4},{"damage":0,"enemies":"2 Louse","floor":12,"turns":2},{"damage":8,"enemies":"Gremlin Nob","floor":13,"turns":3},{"damage":23,"enemies":"Exordium Thugs","floor":14,"turns":4},{"damage":26,"enemies":"Hexaghost","floor":16,"turns":7},{"damage":9,"enemies":"Chosen","floor":18,"turns":3},{"damage":35,"enemies":"Book of Stabbing","floor":28,"turns":5},{"damage":19,"enemies":"3 Byrds","floor":29,"turns":4},{"damage":9,"enemies":"Centurion and Healer","floor":31,"turns":6},{"damage":56,"enemies":"Automaton","floor":33,"turns":8},{"damage":0,"enemies":"3 Shapes","floor":35,"turns":6},{"damage":22,"enemies":"Mind Bloom Boss Battle","floor":38,"turns":7},{"damage":17,"enemies":"Orb Walker","floor":39,"turns":3},{"damage":56,"enemies":"Jaw Worm Horde","floor":44,"turns":5},{"damage":20,"enemies":"3 Darklings","floor":45,"turns":3}],"seed_played":"5489774163929175209","potions_obtained":[{"floor":8,"key":"SneckoOil"},{"floor":13,"key":"FearPotion"},{"floor":14,"key":"Explosive Potion"},{"floor":28,"key":"Poison Potion"},{"floor":29,"key":"BloodPotion"},{"floor":39,"key":"GamblersBrew"}],"is_trial":false,"path_per_floor":["M","$","?","?","?","R","?","E","T","M","R","M","E","M","R","B",null,"M","$","?","$","?","R","?","R","T","?","E","M","R","M","R","B",null,"M","?","?","?","M","R","T","R","T","M","M"],"character_chosen":"IRONCLAD","items_purchased":["Chemical X","Armaments"],"campfire_rested":4,"item_purchase_floors":[2,19],"current_hp_per_floor":[65,65,65,65,65,65,65,31,31,30,30,36,34,17,39,19,60,57,57,57,57,57,57,57,57,57,57,28,15,52,49,74,31,63,69,60,60,44,33,70,70,70,70,20,0],"gold":430,"neow_bonus":"HUNDRED_GOLD","is_prod":false,"is_daily":false,"chose_seed":false,"campfire_upgraded":4,"win_rate":0,"timestamp":1552769462,"path_taken":["M","$","?","?","?","R","?","E","T","?","R","M","E","M","R","BOSS","M","$","?","$","?","R","?","R","T","?","E","M","R","M","R","BOSS","M","?","?","?","M","R","?","R","T","M","M"],"build_version":"2019-01-23","purchased_purges":2,"victory":false,"max_hp_per_floor":[80,80,74,74,74,74,74,74,74,74,74,74,74,74,74,74,74,74,74,74,74,74,74,74,74,74,74,74,74,74,74,74,74,74,74,74,74,74,74,74,74,74,74,74,74],"card_choices":[{"not_picked":["Thunderclap","Twin Strike"],"picked":"Inflame","floor":1},{"not_picked":["Second Wind","Clothesline"],"picked":"Sword Boomerang","floor":8},{"not_picked":["Pommel Strike","Rupture"],"picked":"Shrug It Off","floor":10},{"not_picked":["True Grit","Iron Wave"],"picked":"Pommel Strike","floor":12},{"not_picked":["Wild Strike","Anger"],"picked":"Body Slam","floor":13},{"not_picked":["Clothesline","Burning Pact"],"picked":"Demon Form","floor":14},{"not_picked":["Offering","Fiend Fire"],"picked":"Juggernaut","floor":16},{"not_picked":["Body Slam","Warcry","Pommel Strike"],"picked":"SKIP","floor":18},{"not_picked":["True Grit","Clothesline"],"picked":"Flame Barrier","floor":28},{"not_picked":["Thunderclap","Flex"],"picked":"Heavy Blade","floor":29},{"not_picked":["Spot Weakness","Heavy Blade"],"picked":"Iron Wave","floor":31},{"not_picked":["Inflame","Blood for Blood"],"picked":"Pummel","floor":35},{"not_picked":["Pummel","Fire Breathing"],"picked":"Shrug It Off","floor":39},{"not_picked":["Feel No Pain","Spot Weakness"],"picked":"Sword Boomerang","floor":44}],"player_experience":401313,"relics_obtained":[{"floor":8,"key":"Potion Belt"},{"floor":9,"key":"Pen Nib"},{"floor":13,"key":"Bottled Flame"},{"floor":26,"key":"Anchor"},{"floor":28,"key":"Regal Pillow"},{"floor":38,"key":"Peace Pipe"},{"floor":41,"key":"Bronze Scales"},{"floor":43,"key":"Juzu Bracelet"}],"event_choices":[{"damage_healed":0,"gold_gain":0,"player_choice":"Lose Max HP","damage_taken":0,"relics_obtained":["Golden Idol"],"max_hp_gain":0,"max_hp_loss":6,"event_name":"Golden Idol","floor":3,"gold_loss":0},{"damage_healed":0,"gold_gain":0,"player_choice":"Left Gold","damage_taken":0,"max_hp_gain":0,"max_hp_loss":0,"event_name":"World of Goop","floor":4,"gold_loss":8},{"damage_healed":0,"gold_gain":0,"player_choice":"Grow","damage_taken":0,"max_hp_gain":0,"max_hp_loss":0,"event_name":"Living Wall","floor":5,"gold_loss":0,"cards_upgraded":["Bash"]},{"damage_healed":0,"gold_gain":0,"cards_transformed":["Strike_R"],"player_choice":"Transformed","damage_taken":0,"max_hp_gain":0,"max_hp_loss":0,"event_name":"Transmorgrifier","floor":7,"gold_loss":0,"cards_obtained":["Perfected Strike"]},{"damage_healed":0,"gold_gain":0,"player_choice":"Ignored","damage_taken":0,"max_hp_gain":0,"max_hp_loss":0,"event_name":"Vampires","floor":20,"gold_loss":0},{"damage_healed":0,"gold_gain":0,"player_choice":"Opened","damage_taken":0,"relics_obtained":["Boot"],"max_hp_gain":0,"max_hp_loss":0,"event_name":"The Mausoleum","floor":22,"gold_loss":0},{"cards_removed":["Strike_R"],"damage_healed":0,"gold_gain":0,"player_choice":"Gave Gold","damage_taken":0,"max_hp_gain":0,"max_hp_loss":0,"event_name":"Beggar","floor":27,"gold_loss":75},{"damage_healed":0,"gold_gain":0,"player_choice":"Embrace Madness","damage_taken":9,"max_hp_gain":0,"max_hp_loss":0,"event_name":"Winding Halls","floor":36,"gold_loss":0,"cards_obtained":["Madness","Madness"]},{"cards_removed":["Defend_R"],"damage_healed":0,"gold_gain":0,"player_choice":"Removed Skill","damage_taken":0,"max_hp_gain":0,"max_hp_loss":0,"event_name":"Falling","floor":37,"gold_loss":0},{"damage_healed":0,"gold_gain":0,"player_choice":"Fight","damage_taken":0,"max_hp_gain":0,"max_hp_loss":0,"event_name":"MindBloom","floor":38,"gold_loss":0}],"is_beta":false,"boss_relics":[{"not_picked":["Lizard Tail","Fusion Hammer"],"picked":"Philosopher\u0027s Stone"},{"not_picked":["Snecko Eye","Tiny House"],"picked":"Cursed Key"}],"items_purged_floors":[19,21],"is_endless":false,"potions_floor_spawned":[8,13,14,28,29,39],"killed_by":"3 Darklings","ascension_level":13}