{"gold_per_floor":[13,13,25,25,45,79,79,91,116,116,63,77,90,107,107,178,178,192,40,58,68,0,0,12,12,37,37,53,53,53],"floor_reached":30,"playtime":1151,"items_purged":[],"score":483,"play_id":"e85db70f-4dcd-42e1-9dba-0ddbb4051102","local_time":"20190330141652","is_ascension_mode":true,"campfire_choices":[{"data":"Cloak And Dagger","floor":7,"key":"SMITH"},{"data":"Sucker Punch","floor":10,"key":"SMITH"},{"floor":15,"key":"REST"},{"floor":23,"key":"REST"},{"floor":25,"key":"REST"},{"data":"Infinite Blades","floor":27,"key":"SMITH"},{"floor":29,"key":"REST"}],"neow_cost":"NO_GOLD","seed_source_timestamp":851280220664416,"circlet_count":0,"master_deck":["AscendersBane","Defend_G","Defend_G","Defend_G","Defend_G","Defend_G","Strike_G","Strike_G","Strike_G+1","Strike_G","Strike_G+1","Survivor","Neutralize+1","Sucker Punch+1","Noxious Fumes","Dagger Throw","Cloak And Dagger+1","Heel Hook","Heel Hook","Prepared","Terror+1","Well Laid Plans","Bandage Up","Finisher","Infinite Blades+1","Dodge and Roll+1","Infinite Blades"],"relics":["Ring of the Snake","Tingsha","Whetstone","Shuriken","Lantern","Kunai","White Beast Statue","Omamori"],"potions_floor_usage":[6,13,16,24,28,28,30],"damage_taken":[{"damage":0,"enemies":"Jaw Worm","floor":1,"turns":5},{"damage":0,"enemies":"Cultist","floor":3,"turns":5},{"damage":0,"enemies":"2 Louse","floor":5,"turns":4},{"damage":9,"enemies":"Lagavulin","floor":6,"turns":5},{"damage":23,"enemies":"Exordium Thugs","floor":8,"turns":5},{"damage":0,"enemies":"Lots of Slimes","floor":12,"turns":4},{"damage":15,"enemies":"Gremlin Gang","floor":13,"turns":3},{"damage":0,"enemies":"Looter","floor":14,"turns":3},{"damage":0,"enemies":"Slime Boss","floor":16,"turns":6},{"damage":15,"enemies":"Shell Parasite","floor":18,"turns":7},{"damage":10,"enemies":"2 Thieves","floor":20,"turns":4},{"damage":8,"enemies":"Centurion and Healer","floor":21,"turns":5},{"damage":22,"enemies":"Snecko","floor":24,"turns":6},{"damage":27,"enemies":"Snake Plant","floor":28,"turns":4},{"damage":52,"enemies":"Slavers","floor":30,"turns":3}],"seed_played":"1593480225955963414","potions_obtained":[{"floor":5,"key":"SkillPotion"},{"floor":12,"key":"Poison Potion"},{"floor":13,"key":"GamblersBrew"},{"floor":18,"key":"EssenceOfSteel"},{"floor":20,"key":"LiquidBronze"},{"floor":24,"key":"Energy Potion"},{"floor":28,"key":"SkillPotion"}],"is_trial":false,"path_per_floor":["M","?","M","T","M","E","R","M","T","R","?","M","M","M","R","B",null,"M","$","M","M","?","R","M","R","T","R","M","R","E"],"character_chosen":"THE_SILENT","items_purchased":["Well Laid Plans","Bandage Up"],"campfire_rested":4,"item_purchase_floors":[19,19],"current_hp_per_floor":[59,59,59,59,59,50,50,27,27,27,27,27,12,12,31,31,57,42,42,36,32,32,51,33,52,52,52,29,48,0],"gold":53,"neow_bonus":"ONE_RARE_RELIC","is_prod":false,"is_daily":false,"chose_seed":false,"campfire_upgraded":3,"win_rate":0,"timestamp":1553969812,"path_taken":["M","?","?","?","M","E","R","M","T","R","?","M","M","?","R","BOSS","M","?","?","M","?","R","M","R","T","R","M","R","E"],"build_version":"2019-01-23","purchased_purges":0,"victory":false,"max_hp_per_floor":[66,66,66,66,66,66,66,66,66,66,66,66,66,66,66,66,66,66,66,66,66,66,66,66,66,66,66,66,66,66],"card_choices":[{"not_picked":["Concentrate","Cloak And Dagger"],"picked":"Sucker Punch","floor":1},{"not_picked":["PiercingWail","Infinite Blades"],"picked":"Noxious Fumes","floor":3},{"not_picked":["Quick Slash","Crippling Poison"],"picked":"Dagger Throw","floor":5},{"not_picked":["Deflect","Acrobatics"],"picked":"Cloak And Dagger","floor":6},{"not_picked":["Blade Dance","Outmaneuver"],"picked":"Heel Hook","floor":8},{"not_picked":["Slice","PiercingWail"],"picked":"Heel Hook","floor":12},{"not_picked":["Underhanded Strike","Skewer"],"picked":"Prepared","floor":13},{"not_picked":["Bane","Deadly Poison","Quick Slash"],"picked":"SKIP","floor":14},{"not_picked":["Deflect+1","Backflip"],"picked":"Terror+1","floor":18},{"not_picked":["Slice","Dagger Throw"],"picked":"Finisher","floor":20},{"not_picked":["Expertise","Setup"],"picked":"Infinite Blades","floor":21},{"not_picked":["Underhanded Strike","Outmaneuver"],"picked":"Dodge and Roll+1","floor":24},{"not_picked":["Slice","Dagger Throw"],"picked":"Infinite Blades","floor":28}],"player_experience":480809,"relics_obtained":[{"floor":4,"key":"Whetstone"},{"floor":6,"key":"Shuriken"},{"floor":9,"key":"Lantern"},{"floor":26,"key":"Omamori"}],"event_choices":[{"damage_healed":0,"gold_gain":0,"player_choice":"Upgraded","damage_taken":0,"max_hp_gain":0,"max_hp_loss":0,"event_name":"Upgrade Shrine","floor":2,"gold_loss":0,"cards_upgraded":["Neutralize"]},{"damage_healed":0,"gold_gain":0,"player_choice":"Paid Gold","damage_taken":0,"relics_obtained":["Kunai"],"max_hp_gain":0,"max_hp_loss":0,"event_name":"WeMeetAgain","floor":11,"gold_loss":53},{"damage_healed":0,"gold_gain":0,"player_choice":"Paid Fearfully","damage_taken":0,"max_hp_gain":0,"max_hp_loss":0,"event_name":"Masked Bandits","floor":22,"gold_loss":68}],"is_beta":false,"boss_relics":[{"not_picked":["Snecko Eye","Coffee Dripper"],"picked":"White Beast Statue"}],"items_purged_floors":[],"is_endless":false,"potions_floor_spawned":[5,12,13,18,20,21,24,28],"killed_by":"Slavers","ascension_level":14}