{"gold_per_floor":[117,42,57,22,22,22,22,41,41,41,73,93,109,121,121,192,192,207,49,66,79,354,354,50,50,50,85,85],"floor_reached":28,"playtime":954,"items_purged":["Regret","Pain","Regret"],"score":476,"play_id":"6a5ceb60-8a0a-4be5-b39c-1a8340868e47","local_time":"20190607104636","is_ascension_mode":true,"campfire_choices":[{"data":"Zap","floor":6,"key":"SMITH"},{"floor":10,"key":"REST"},{"data":"Redo","floor":15,"key":"SMITH"},{"floor":23,"key":"REST"},{"floor":25,"key":"REST"}],"neow_cost":"CURSE","seed_source_timestamp":297241188389991,"circlet_count":0,"master_deck":["AscendersBane","Strike_B","Strike_B","Strike_B","Strike_B","Defend_B","Defend_B","Defend_B","Defend_B","Zap+1","Dualcast+1","Capacitor","Redo+1","Leap+1","Self Repair","Cold Snap","Core Surge","Writhe","Parasite","Defragment","White Noise","Ball Lightning","Go for the Eyes","Beam Cell"],"relics":["Cracked Core","Incense Burner","Symbiotic Virus","Du-Vu Doll","Smiling Mask","Calling Bell","Question Card","Pocketwatch","War Paint","Vajra","Frozen Egg 2","Bottled Flame"],"potions_floor_usage":[11,11,16,19,21,27],"damage_taken":[{"damage":17,"enemies":"Small Slimes","floor":1,"turns":3},{"damage":7,"enemies":"Jaw Worm","floor":3,"turns":3},{"damage":0,"enemies":"2 Louse","floor":8,"turns":2},{"damage":10,"enemies":"Lagavulin","floor":11,"turns":6},{"damage":8,"enemies":"Blue Slaver","floor":12,"turns":3},{"damage":14,"enemies":"Exordium Thugs","floor":13,"turns":4},{"damage":10,"enemies":"3 Louse","floor":14,"turns":4},{"damage":10,"enemies":"The Guardian","floor":16,"turns":13},{"damage":18,"enemies":"Chosen","floor":18,"turns":5},{"damage":32,"enemies":"2 Thieves","floor":20,"turns":4},{"damage":15,"enemies":"Snake Plant","floor":21,"turns":3},{"damage":18,"enemies":"Slavers","floor":27,"turns":5},{"damage":49,"enemies":"Masked Bandits","floor":28,"turns":3}],"seed_played":"-4235209482201136931","potions_obtained":[{"floor":3,"key":"SpeedPotion"},{"floor":8,"key":"Ancient Potion"},{"floor":14,"key":"GamblersBrew"},{"floor":20,"key":"PowerPotion"},{"floor":21,"key":"AttackPotion"}],"is_trial":false,"path_per_floor":["M","$","M","?","?","R","?","M","T","R","E","M","M","M","R","B",null,"M","$","M","M","?","R","$","R","T","E","?"],"character_chosen":"DEFECT","items_purchased":["Fruit Juice","Ball Lightning","Go for the Eyes","Vajra"],"campfire_rested":3,"item_purchase_floors":[19,24,24,24],"current_hp_per_floor":[47,47,40,57,39,39,39,39,39,60,50,42,35,32,32,29,61,43,48,23,15,15,37,37,59,59,48,0],"gold":85,"neow_bonus":"ONE_RARE_RELIC","is_prod":false,"is_daily":false,"chose_seed":false,"campfire_upgraded":2,"win_rate":0,"timestamp":1559918796,"path_taken":["M","$","M","?","?","R","?","M","T","R","E","M","M","M","R","BOSS","M","$","M","M","?","R","?","R","T","E","?"],"build_version":"2019-01-23","purchased_purges":3,"victory":false,"max_hp_per_floor":[71,71,71,71,71,71,71,71,71,71,71,71,71,71,71,71,71,71,76,76,76,76,76,76,76,76,76,76],"card_choices":[{"not_picked":["Turbo","Barrage","Stack"],"picked":"SKIP","floor":1},{"not_picked":["Hologram","Go for the Eyes"],"picked":"Capacitor","floor":3},{"not_picked":["Go for the Eyes","Genetic Algorithm"],"picked":"Redo","floor":8},{"not_picked":["Rebound","Steam"],"picked":"Leap","floor":11},{"not_picked":["Blizzard","Streamline"],"picked":"Self Repair","floor":12},{"not_picked":["All For One","Blizzard","BootSequence"],"picked":"SKIP","floor":13},{"not_picked":["Tempest","Redo"],"picked":"Cold Snap","floor":14},{"not_picked":["Machine Learning","Amplify"],"picked":"Core Surge","floor":16},{"not_picked":["Rebound","Compile Driver+1","Static Discharge","Leap"],"picked":"SKIP","floor":18},{"not_picked":["Conserve Battery","Rebound","Reinforced Body"],"picked":"Defragment","floor":20},{"not_picked":["Self Repair","Conserve Battery","Hologram"],"picked":"White Noise","floor":21},{"not_picked":["Compile Driver","Go for the Eyes","Fission"],"picked":"Beam Cell","floor":27}],"player_experience":855554,"relics_obtained":[{"floor":9,"key":"Du-Vu Doll"},{"floor":11,"key":"Smiling Mask"},{"floor":17,"key":"Question Card"},{"floor":17,"key":"Pocketwatch"},{"floor":17,"key":"War Paint"},{"floor":26,"key":"Frozen Egg 2"},{"floor":27,"key":"Bottled Flame"}],"event_choices":[{"damage_healed":17,"gold_gain":0,"player_choice":"Healed","damage_taken":0,"max_hp_gain":0,"max_hp_loss":0,"event_name":"The Cleric","floor":4,"gold_loss":35},{"damage_healed":0,"gold_gain":0,"player_choice":"Success","damage_taken":18,"relics_obtained":["Symbiotic Virus"],"max_hp_gain":0,"max_hp_loss":0,"event_name":"Scrap Ooze","floor":5,"gold_loss":0},{"damage_healed":0,"gold_gain":0,"player_choice":"Ignored","damage_taken":0,"max_hp_gain":0,"max_hp_loss":0,"event_name":"Liars Game","floor":7,"gold_loss":0},{"damage_healed":0,"gold_gain":275,"player_choice":"Desecrate","damage_taken":0,"max_hp_gain":0,"max_hp_loss":0,"event_name":"Golden Shrine","floor":22,"gold_loss":0,"cards_obtained":["Regret"]},{"damage_healed":0,"gold_gain":0,"player_choice":"Fought Bandits","damage_taken":0,"max_hp_gain":0,"max_hp_loss":0,"event_name":"Masked Bandits","floor":28,"gold_loss":0}],"is_beta":false,"boss_relics":[{"not_picked":["Tiny House","Velvet Choker"],"picked":"Calling Bell"}],"items_purged_floors":[2,19,24],"is_endless":false,"potions_floor_spawned":[3,8,14,20,21],"killed_by":"Masked Bandits","ascension_level":20}