{"gold_per_floor":[114,133,147,160,175,201,81,81,81,81,106,106,117,217,217,319,319,337,353,353,364,412,412,412,427,427,327,343,359,44,56,56,155,155,166,166,126,142,162,197,197,209,288,305,305,317,0,18,18,18],"floor_reached":51,"playtime":2072,"items_purged":["Strike_R","Writhe","Pain"],"score":770,"play_id":"443d69a3-2604-4743-a451-cdd0191e01ce","local_time":"20190505145204","is_ascension_mode":false,"campfire_choices":[{"data":"Bash","floor":10,"key":"SMITH"},{"data":"Inflame","floor":15,"key":"SMITH"},{"floor":23,"key":"RECALL"},{"floor":32,"key":"REST"},{"floor":41,"key":"REST"},{"floor":45,"key":"REST"},{"floor":49,"key":"REST"}],"neow_cost":"TEN_PERCENT_HP_LOSS","seed_source_timestamp":585136446582008,"circlet_count":0,"master_deck":["Strike_R+1","Strike_R+1","Strike_R+1","Defend_R+1","Defend_R+1","Defend_R+1","Defend_R+1","Bash+1","Feed","Pommel Strike","Rampage+1","Fiend Fire","Shrug It Off","Reaper","Demon Form","Sword Boomerang","Armaments+1","Shrug It Off","Rampage+1","Bludgeon","Whirlwind","Heavy Blade"],"relics":["Burning Blood","Ornamental Fan","Mummified Hand","Shuriken","Fusion Hammer","Self Forming Clay","Bag of Marbles","Bottled Lightning","Ginger","Cursed Key","Incense Burner","Toxic Egg 2","Brimstone"],"potions_floor_usage":[11,11,16,16,33,39,50,50,50],"damage_taken":[{"damage":6,"enemies":"Jaw Worm","floor":1,"turns":3},{"damage":6,"enemies":"2 Louse","floor":2,"turns":2},{"damage":5,"enemies":"Small Slimes","floor":3,"turns":3},{"damage":12,"enemies":"Gremlin Gang","floor":4,"turns":5},{"damage":15,"enemies":"3 Louse","floor":5,"turns":4},{"damage":40,"enemies":"3 Sentries","floor":6,"turns":9},{"damage":10,"enemies":"Gremlin Nob","floor":11,"turns":3},{"damage":17,"enemies":"Exordium Wildlife","floor":13,"turns":5},{"damage":43,"enemies":"The Guardian","floor":16,"turns":12},{"damage":11,"enemies":"3 Byrds","floor":18,"turns":7},{"damage":2,"enemies":"Shell Parasite","floor":19,"turns":3},{"damage":14,"enemies":"Centurion and Healer","floor":21,"turns":9},{"damage":0,"enemies":"Snecko","floor":25,"turns":4},{"damage":8,"enemies":"Snake Plant","floor":28,"turns":3},{"damage":20,"enemies":"Sentry and Sphere","floor":29,"turns":6},{"damage":15,"enemies":"3 Cultists","floor":31,"turns":5},{"damage":16,"enemies":"Champ","floor":33,"turns":7},{"damage":36,"enemies":"3 Darklings","floor":35,"turns":6},{"damage":5,"enemies":"3 Shapes","floor":38,"turns":6},{"damage":0,"enemies":"Spire Growth","floor":39,"turns":4},{"damage":36,"enemies":"Reptomancer","floor":40,"turns":6},{"damage":0,"enemies":"Transient","floor":42,"turns":5},{"damage":23,"enemies":"3 Darklings","floor":44,"turns":5},{"damage":14,"enemies":"Maw","floor":46,"turns":6},{"damage":6,"enemies":"Writhing Mass","floor":48,"turns":3},{"damage":76,"enemies":"Time Eater","floor":50,"turns":8}],"seed_played":"-1858947299964079861","potions_obtained":[{"floor":3,"key":"Ancient Potion"},{"floor":5,"key":"Regen Potion"},{"floor":11,"key":"LiquidBronze"},{"floor":13,"key":"BloodPotion"},{"floor":19,"key":"SmokeBomb"},{"floor":21,"key":"Block Potion"},{"floor":28,"key":"Swift Potion"},{"floor":29,"key":"Strength Potion"},{"floor":33,"key":"GamblersBrew"},{"floor":40,"key":"EssenceOfSteel"}],"is_trial":false,"path_per_floor":["M","M","M","M","M","E","$","?","T","R","E","?","M","?","R","B",null,"M","M","?","M","T","R","?","M","T","$","M","M","$","M","R","B",null,"M","?","?","M","M","E","R","M","T","M","R","M","$","M","R","B",null],"character_chosen":"IRONCLAD","items_purchased":["Shrug It Off","Ginger","Brimstone"],"campfire_rested":4,"item_purchase_floors":[7,30,47],"current_hp_per_floor":[75,78,81,78,72,41,41,34,34,34,39,39,31,31,31,11,93,91,95,95,99,99,99,99,102,102,102,103,92,92,112,112,106,112,112,112,112,115,115,85,115,115,115,98,115,110,110,110,118,69],"gold":18,"neow_bonus":"THREE_RARE_CARDS","is_prod":false,"is_daily":false,"chose_seed":false,"campfire_upgraded":2,"win_rate":0,"timestamp":1557082324,"path_taken":["M","M","M","M","M","E","$","?","T","R","E","?","M","?","R","BOSS","M","?","?","M","?","R","?","?","T","$","?","M","$","?","R","BOSS","M","?","?","M","M","E","R","M","T","M","R","M","$","?","R","BOSS"],"build_version":"2019-01-23","purchased_purges":3,"victory":true,"max_hp_per_floor":[75,78,81,84,87,90,90,90,90,90,90,90,93,93,93,93,93,96,96,96,99,99,99,99,102,102,102,105,108,108,112,112,112,112,115,115,115,115,115,115,115,115,115,115,115,118,118,118,118,118],"card_choices":[{"not_picked":["Fiend Fire","Exhume"],"picked":"Feed","floor":0},{"not_picked":["Havoc","Blood for Blood","Perfected Strike"],"picked":"SKIP","floor":1},{"not_picked":["Havoc","Warcry"],"picked":"Pommel Strike","floor":2},{"not_picked":["Corruption","Sword Boomerang","Heavy Blade"],"picked":"SKIP","floor":3},{"not_picked":["Clothesline","Metallicize"],"picked":"Inflame","floor":4},{"not_picked":["Uppercut","Perfected Strike"],"picked":"Rampage","floor":5},{"not_picked":["Inflame","Body Slam"],"picked":"Fiend Fire","floor":6},{"not_picked":["Headbutt","Cleave"],"picked":"Reaper","floor":11},{"not_picked":["True Grit","Iron Wave","Fire Breathing"],"picked":"SKIP","floor":13},{"not_picked":["Exhume","Offering"],"picked":"Demon Form","floor":16},{"not_picked":["Thunderclap","Sentinel","Iron Wave"],"picked":"SKIP","floor":18},{"not_picked":["Blood for Blood","Sever Soul","Flex+1"],"picked":"SKIP","floor":19},{"not_picked":["Disarm","Anger"],"picked":"Sword Boomerang","floor":21},{"not_picked":["Twin Strike","Metallicize"],"picked":"Armaments","floor":25},{"not_picked":["Armaments","Havoc"],"picked":"Shrug It Off","floor":28},{"not_picked":["Havoc","Shrug It Off"],"picked":"Rampage+1","floor":29},{"not_picked":["Shrug It Off","Burning Pact","Rampage"],"picked":"SKIP","floor":31},{"not_picked":["Juggernaut","Demon Form"],"picked":"Bludgeon","floor":33},{"not_picked":["Armaments","Evolve+1","Pommel Strike+1"],"picked":"SKIP","floor":35},{"not_picked":["Intimidate","Rampage"],"picked":"Whirlwind","floor":38},{"not_picked":["Warcry+1","Clash+1"],"picked":"Heavy Blade","floor":39},{"not_picked":["Perfected Strike","Clothesline","Headbutt+1"],"picked":"SKIP","floor":40},{"not_picked":["Twin Strike","Warcry+1","Pommel Strike"],"picked":"SKIP","floor":42},{"not_picked":["Havoc+1","Ghostly Armor+1","Pommel Strike"],"picked":"SKIP","floor":44},{"not_picked":["Sentinel+1","Body Slam","Wild Strike"],"picked":"SKIP","floor":46},{"not_picked":["Havoc+1","Berserk","Armaments+1"],"picked":"SKIP","floor":48}],"player_experience":659995,"relics_obtained":[{"floor":6,"key":"Ornamental Fan"},{"floor":9,"key":"Mummified Hand"},{"floor":11,"key":"Shuriken"},{"floor":22,"key":"Bag of Marbles"},{"floor":26,"key":"Bottled Lightning"},{"floor":40,"key":"Incense Burner"},{"floor":43,"key":"Toxic Egg 2"}],"event_choices":[{"cards_removed":["Strike_R"],"damage_healed":0,"gold_gain":0,"player_choice":"Card Removal","damage_taken":7,"max_hp_gain":0,"max_hp_loss":0,"event_name":"Golden Wing","floor":8,"gold_loss":0},{"damage_healed":0,"gold_gain":0,"player_choice":"Grow","damage_taken":0,"max_hp_gain":0,"max_hp_loss":0,"event_name":"Living Wall","floor":12,"gold_loss":0,"cards_upgraded":["Rampage"]},{"damage_healed":0,"gold_gain":100,"player_choice":"Pray","damage_taken":0,"max_hp_gain":0,"max_hp_loss":0,"event_name":"Golden Shrine","floor":14,"gold_loss":0},{"damage_healed":0,"gold_gain":0,"player_choice":"Opened","damage_taken":0,"relics_obtained":["Self Forming Clay"],"max_hp_gain":0,"max_hp_loss":0,"event_name":"The Mausoleum","floor":20,"gold_loss":0,"cards_obtained":["Writhe"]},{"damage_healed":0,"gold_gain":0,"player_choice":"Simplicity","damage_taken":0,"max_hp_gain":0,"max_hp_loss":0,"event_name":"Back to Basics","floor":24,"gold_loss":0,"cards_upgraded":["Strike_R","Strike_R","Strike_R","Defend_R","Defend_R","Defend_R","Defend_R"]},{"cards_removed":["Inflame"],"damage_healed":0,"gold_gain":0,"player_choice":"Removed Power","damage_taken":0,"max_hp_gain":0,"max_hp_loss":0,"event_name":"Falling","floor":36,"gold_loss":0},{"damage_healed":0,"gold_gain":0,"player_choice":"Upgrade","damage_taken":0,"max_hp_gain":0,"max_hp_loss":0,"event_name":"Designer","floor":37,"gold_loss":40,"cards_upgraded":["Armaments"]}],"is_beta":false,"boss_relics":[{"not_picked":["Astrolabe","Runic Cube"],"picked":"Fusion Hammer"},{"not_picked":["Black Blood","Velvet Choker"],"picked":"Cursed Key"}],"items_purged_floors":[7,27,47],"is_endless":false,"potions_floor_spawned":[3,5,11,13,19,21,28,29,33,35,40,48],"ascension_level":0}