{"gold_per_floor":[111,36,36,53,18,18,36,36,36,48,73,101,113,72,72,144,144,156,206,206,206],"floor_reached":21,"playtime":537,"items_purged":["Parasite"],"score":317,"play_id":"d8440e2a-fb6a-4d9b-9b04-897ba0a78348","local_time":"20190619194251","is_ascension_mode":true,"campfire_choices":[{"data":"Loop","floor":6,"key":"SMITH"},{"data":"Coolheaded","floor":8,"key":"SMITH"},{"data":"Electrodynamics","floor":10,"key":"SMITH"},{"data":"Doom and Gloom","floor":15,"key":"SMITH"}],"neow_cost":"CURSE","seed_source_timestamp":593365810139409,"circlet_count":0,"master_deck":["AscendersBane","Strike_B","Strike_B","Strike_B","Defend_B","Defend_B","Defend_B","Defend_B","Zap","Dualcast","Electrodynamics+1","Hologram+1","Loop+1","Coolheaded+1","Melter","Doom and Gloom+1","Echo Form","Undo","Meteor Strike"],"relics":["Cracked Core","MawBank","Velvet Choker"],"potions_floor_usage":[7,16,16],"damage_taken":[{"damage":13,"enemies":"Small Slimes","floor":1,"turns":2},{"damage":1,"enemies":"2 Louse","floor":4,"turns":2},{"damage":0,"enemies":"Cultist","floor":7,"turns":3},{"damage":2,"enemies":"Large Slime","floor":11,"turns":5},{"damage":1,"enemies":"Exordium Wildlife","floor":12,"turns":3},{"damage":24,"enemies":"Slime Boss","floor":16,"turns":7},{"damage":41,"enemies":"Chosen","floor":18,"turns":5},{"damage":26,"enemies":"Shell Parasite","floor":21,"turns":3}],"seed_played":"-1170684228719203818","potions_obtained":[{"floor":1,"key":"Energy Potion"},{"floor":12,"key":"Weak Potion"}],"is_trial":false,"path_per_floor":["M","$","?","M","?","R","M","R","T","R","M","M","?","$","R","B",null,"M","?","?","M"],"character_chosen":"DEFECT","items_purchased":["Swift Potion"],"campfire_rested":0,"item_purchase_floors":[14],"current_hp_per_floor":[51,51,51,50,67,67,67,67,67,67,65,64,69,69,69,45,66,25,25,25,0],"gold":206,"neow_bonus":"THREE_RARE_CARDS","is_prod":false,"is_daily":false,"chose_seed":false,"campfire_upgraded":4,"win_rate":0,"timestamp":1560998571,"path_taken":["M","$","?","M","?","R","M","R","T","R","M","M","?","$","R","BOSS","M","?","?","M"],"build_version":"2019-01-23","purchased_purges":1,"victory":false,"max_hp_per_floor":[71,68,68,68,68,68,68,68,68,68,68,68,73,73,73,73,73,73,73,73,73],"card_choices":[{"not_picked":["Reboot","Buffer"],"picked":"Electrodynamics","floor":0},{"not_picked":["Consume","Reprogram"],"picked":"Hologram","floor":1},{"not_picked":["Leap","Redo"],"picked":"Loop","floor":4},{"not_picked":["Redo","Go for the Eyes"],"picked":"Coolheaded","floor":7},{"not_picked":["Hello World","Sweeping Beam"],"picked":"Melter","floor":11},{"not_picked":["White Noise","Skim"],"picked":"Doom and Gloom","floor":12},{"not_picked":["Seek","Buffer"],"picked":"Echo Form","floor":16},{"not_picked":["Beam Cell","Gash"],"picked":"Undo","floor":18}],"player_experience":1042000,"relics_obtained":[{"floor":9,"key":"MawBank"}],"event_choices":[{"damage_healed":0,"gold_gain":0,"player_choice":"Grow","damage_taken":0,"max_hp_gain":0,"max_hp_loss":0,"event_name":"Living Wall","floor":3,"gold_loss":0,"cards_upgraded":["Hologram"]},{"damage_healed":17,"gold_gain":0,"player_choice":"Healed","damage_taken":0,"max_hp_gain":0,"max_hp_loss":0,"event_name":"The Cleric","floor":5,"gold_loss":35},{"damage_healed":0,"gold_gain":0,"player_choice":"Donut","damage_taken":0,"max_hp_gain":5,"max_hp_loss":0,"event_name":"Big Fish","floor":13,"gold_loss":0},{"damage_healed":0,"gold_gain":50,"player_choice":"Stole From Cult","damage_taken":0,"max_hp_gain":0,"max_hp_loss":0,"event_name":"Nest","floor":19,"gold_loss":0},{"damage_healed":0,"gold_gain":0,"cards_transformed":["Strike_B"],"player_choice":"Transformed","damage_taken":0,"max_hp_gain":0,"max_hp_loss":0,"event_name":"Transmorgrifier","floor":20,"gold_loss":0,"cards_obtained":["Meteor Strike"]}],"is_beta":false,"boss_relics":[{"not_picked":["Lizard Tail","Tiny House"],"picked":"Velvet Choker"}],"items_purged_floors":[2],"is_endless":false,"potions_floor_spawned":[1,12],"killed_by":"Shell Parasite","ascension_level":18}