{"gold_per_floor":[359,11,11,11,11,21,21,51,78,78,89,89,89],"floor_reached":13,"playtime":449,"items_purged":[],"score":138,"play_id":"67b70f6c-ebb0-4a6f-9e1f-03a923c3f2b6","local_time":"20181120230341","is_ascension_mode":true,"campfire_choices":[{"data":"Entrench","floor":7,"key":"SMITH"},{"floor":10,"key":"REST"},{"data":"Dark Embrace","floor":12,"key":"SMITH"}],"neow_cost":"PERCENT_DAMAGE","seed_source_timestamp":19351704668094,"circlet_count":0,"master_deck":["AscendersBane","Strike_R","Strike_R","Strike_R","Strike_R","Defend_R","Defend_R","Defend_R","Defend_R","Bash","Power Through","Entrench+1","Blood for Blood","Dark Embrace+1"],"relics":["Burning Blood","Membership Card","Ice Cream","Prayer Wheel","Centennial Puzzle","Bronze Scales"],"potions_floor_usage":[8],"damage_taken":[{"damage":10,"enemies":"2 Louse","floor":1,"turns":4},{"damage":13,"enemies":"Jaw Worm","floor":6,"turns":5},{"damage":38,"enemies":"Gremlin Nob","floor":8,"turns":6},{"damage":14,"enemies":"Cultist","floor":11,"turns":4},{"damage":30,"enemies":"3 Sentries","floor":13,"turns":8}],"seed_played":"-7643485300527568144","potions_obtained":[{"floor":1,"key":"Regen Potion"},{"floor":6,"key":"Swift Potion"}],"is_trial":false,"path_per_floor":["M","$","?","?","$","M","R","E","T","R","M","R","E"],"character_chosen":"IRONCLAD","items_purchased":["Membership Card","Ice Cream"],"campfire_rested":1,"item_purchase_floors":[2,2],"current_hp_per_floor":[46,46,46,46,46,39,39,7,7,29,21,21,0],"gold":89,"neow_bonus":"TWO_FIFTY_GOLD","is_prod":false,"is_daily":false,"chose_seed":false,"campfire_upgraded":2,"win_rate":0,"timestamp":1542783821,"path_taken":["M","$","?","?","$","?","R","E","T","R","M","R","E"],"build_version":"2018-11-15","purchased_purges":0,"victory":false,"max_hp_per_floor":[75,75,75,75,75,75,75,75,75,75,75,75,75],"card_choices":[{"not_picked":["Thunderclap","Perfected Strike"],"picked":"Power Through","floor":1},{"not_picked":["Battle Trance","Sever Soul"],"picked":"Blood for Blood","floor":6},{"not_picked":["Disarm","Heavy Blade","Cleave"],"picked":"SKIP","floor":6},{"not_picked":["Dual Wield","Sword Boomerang","Pummel"],"picked":"SKIP","floor":8},{"not_picked":["Perfected Strike","Cleave"],"picked":"Dark Embrace","floor":11},{"not_picked":["Headbutt","Armaments","Cleave"],"picked":"SKIP","floor":11}],"player_experience":813894,"relics_obtained":[{"floor":8,"key":"Centennial Puzzle"},{"floor":9,"key":"Bronze Scales"}],"event_choices":[{"damage_healed":0,"gold_gain":0,"cards_transformed":["Strike_R"],"player_choice":"Change","damage_taken":0,"max_hp_gain":0,"max_hp_loss":0,"event_name":"Living Wall","floor":3,"gold_loss":0,"cards_obtained":["Entrench"]},{"damage_healed":0,"gold_gain":0,"player_choice":"Gave Potion","damage_taken":0,"relics_obtained":["Prayer Wheel"],"max_hp_gain":0,"max_hp_loss":0,"event_name":"WeMeetAgain","floor":4,"gold_loss":0}],"is_beta":false,"boss_relics":[],"items_purged_floors":[],"is_endless":false,"potions_floor_spawned":[1,6],"killed_by":"3 Sentries","ascension_level":14}