{"gold_per_floor":[116,128,128,146,146,177,177,213,213,226,191,119,138,138,138,266,266,286,211,227,243,243],"floor_reached":22,"playtime":1069,"items_purged":[],"score":284,"play_id":"ca9ec340-718a-4397-a1ba-0c7d5c28fed2","local_time":"20190225161909","is_ascension_mode":true,"campfire_choices":[{"floor":7,"key":"REST"},{"data":"Envenom","floor":15,"key":"SMITH"}],"neow_cost":"NONE","seed_source_timestamp":852972052642118,"circlet_count":0,"master_deck":["Defend_G+1","Defend_G+1","Defend_G","Defend_G","Defend_G","Strike_G","Strike_G","Strike_G","Strike_G","Survivor","Neutralize","Flying Knee","Finisher","Leg Sweep","Backflip","Blade Dance","Infinite Blades","Envenom+1","After Image","Sucker Punch","Deflect","Cloak And Dagger"],"relics":["Ring of the Serpent","NeowsBlessing","Golden Idol","War Paint","Singing Bowl","Oddly Smooth Stone"],"potions_floor_usage":[16,21],"damage_taken":[{"damage":0,"enemies":"Jaw Worm","floor":1,"turns":1},{"damage":0,"enemies":"2 Louse","floor":2,"turns":1},{"damage":0,"enemies":"Cultist","floor":4,"turns":1},{"damage":50,"enemies":"Gremlin Nob","floor":6,"turns":6},{"damage":29,"enemies":"3 Sentries","floor":8,"turns":12},{"damage":0,"enemies":"Blue Slaver","floor":10,"turns":4},{"damage":11,"enemies":"Exordium Thugs","floor":13,"turns":6},{"damage":34,"enemies":"The Guardian","floor":16,"turns":14},{"damage":0,"enemies":"Shell Parasite","floor":18,"turns":11},{"damage":15,"enemies":"3 Byrds","floor":20,"turns":7},{"damage":34,"enemies":"Cultist and Chosen","floor":21,"turns":8},{"damage":10,"enemies":"Snake Plant","floor":22,"turns":4}],"seed_played":"-7736322794000646138","potions_obtained":[{"floor":1,"key":"SkillPotion"},{"floor":4,"key":"Fire Potion"},{"floor":16,"key":"GamblersBrew"},{"floor":20,"key":"EssenceOfSteel"}],"is_trial":false,"path_per_floor":["M","M","$","M","?","E","R","E","T","M","?","$","M","?","R","B",null,"M","?","M","M","M"],"character_chosen":"THE_SILENT","items_purchased":["Infinite Blades"],"campfire_rested":1,"item_purchase_floors":[12],"current_hp_per_floor":[63,63,63,63,63,13,32,3,3,5,21,21,10,67,67,33,59,59,59,44,10,0],"gold":243,"neow_bonus":"THREE_ENEMY_KILL","is_prod":false,"is_daily":false,"chose_seed":false,"campfire_upgraded":1,"win_rate":0,"timestamp":1551129549,"path_taken":["M","M","$","M","?","E","R","E","T","M","?","$","M","?","R","BOSS","M","?","M","M","M"],"build_version":"2019-01-23","purchased_purges":0,"victory":false,"max_hp_per_floor":[70,70,70,70,65,65,65,65,65,67,67,67,67,67,67,67,67,67,67,67,67,67],"card_choices":[{"not_picked":["Bouncing Flask","Calculated Gamble"],"picked":"Flying Knee","floor":1},{"not_picked":["Finisher","Accuracy","Outmaneuver"],"picked":"SKIP","floor":2},{"not_picked":["Accuracy","Outmaneuver"],"picked":"Finisher","floor":2},{"not_picked":["Backstab","Underhanded Strike"],"picked":"Leg Sweep","floor":4},{"not_picked":["Tactician","Sucker Punch"],"picked":"Backflip","floor":6},{"not_picked":["Flechettes","Dodge and Roll"],"picked":"Blade Dance","floor":8},{"not_picked":["Predator","Eviscerate","Dagger Throw"],"picked":"Singing Bowl","floor":10},{"not_picked":["Outmaneuver","Reflex"],"picked":"Envenom","floor":13},{"not_picked":["Phantasmal Killer","Corpse Explosion"],"picked":"After Image","floor":16},{"not_picked":["Bouncing Flask","Eviscerate"],"picked":"Sucker Punch","floor":18},{"not_picked":["Calculated Gamble+1","Deadly Poison"],"picked":"Deflect","floor":20},{"not_picked":["PiercingWail","Masterful Stab"],"picked":"Cloak And Dagger","floor":21}],"player_experience":320848,"relics_obtained":[{"floor":6,"key":"War Paint"},{"floor":8,"key":"Singing Bowl"},{"floor":9,"key":"Oddly Smooth Stone"}],"event_choices":[{"damage_healed":0,"gold_gain":0,"player_choice":"Lose Max HP","damage_taken":0,"relics_obtained":["Golden Idol"],"max_hp_gain":0,"max_hp_loss":5,"event_name":"Golden Idol","floor":5,"gold_loss":0},{"damage_healed":16,"gold_gain":0,"player_choice":"Healed","damage_taken":0,"max_hp_gain":0,"max_hp_loss":0,"event_name":"The Cleric","floor":11,"gold_loss":35},{"damage_healed":57,"gold_gain":0,"player_choice":"Full Heal","damage_taken":0,"max_hp_gain":0,"max_hp_loss":0,"event_name":"Wheel of Change","floor":14,"gold_loss":0},{"cards_removed":["Strike_G"],"damage_healed":0,"gold_gain":0,"player_choice":"Gave Gold","damage_taken":0,"max_hp_gain":0,"max_hp_loss":0,"event_name":"Beggar","floor":19,"gold_loss":75}],"is_beta":false,"boss_relics":[{"not_picked":["Coffee Dripper","Ectoplasm"],"picked":"Ring of the Serpent"}],"items_purged_floors":[],"is_endless":false,"potions_floor_spawned":[1,4,16,20],"killed_by":"Snake Plant","ascension_level":9}