{"gold_per_floor":[119,131,86,86,11,47,47,78,78,103,68,89,89,103,103,193,193,208,35,35,59,84,84,105,105,105,121,41,41,41,60,60,153,153,173,189,189,204,217,217,217,217,241,257,282,303,319,78,78,78],"floor_reached":50,"playtime":1913,"items_purged":["Injury"],"score":895,"play_id":"2d524ff3-af20-467f-b6ac-4eed8a4f4872","local_time":"20190406222303","is_ascension_mode":true,"campfire_choices":[{"data":"Self Repair","floor":7,"key":"SMITH"},{"data":"Fusion","floor":15,"key":"SMITH"},{"data":"Creative AI","floor":23,"key":"SMITH"},{"data":"Defragment","floor":30,"key":"SMITH"},{"data":"Storm","floor":32,"key":"SMITH"},{"floor":40,"key":"REST"},{"data":"Rainbow","floor":42,"key":"SMITH"},{"floor":49,"key":"REST"}],"neow_cost":"TEN_PERCENT_HP_LOSS","seed_source_timestamp":101236130259243,"circlet_count":0,"master_deck":["AscendersBane","Strike_B","Strike_B","Strike_B","Defend_B","Defend_B","Defend_B+1","Defend_B","Zap","Dualcast","Electrodynamics","Fusion+1","Cold Snap+1","Self Repair+1","Melter+1","Undo","Leap","Creative AI+1","Coolheaded","Self Repair+1","Storm+1","Go for the Eyes+1","Ball Lightning+1","Defragment+1","Necronomicurse","Lockon+1","Rainbow+1","Heatsinks","Conserve Battery+1","Beam Cell+1","Decay","Coolheaded","Storm+1","Go for the Eyes+1","Defragment"],"relics":["Cracked Core","Golden Idol","Molten Egg 2","Orichalcum","Centennial Puzzle","Inserter","DataDisk","Pear","Necronomicon","Cursed Key","PreservedInsect","Lantern"],"potions_floor_usage":[16,22,24,33,44,45,50,50],"damage_taken":[{"damage":7,"enemies":"Jaw Worm","floor":1,"turns":3},{"damage":5,"enemies":"2 Louse","floor":2,"turns":3},{"damage":11,"enemies":"3 Sentries","floor":6,"turns":3},{"damage":25,"enemies":"Lagavulin","floor":8,"turns":8},{"damage":4,"enemies":"Small Slimes","floor":10,"turns":3},{"damage":8,"enemies":"2 Fungi Beasts","floor":12,"turns":3},{"damage":0,"enemies":"Exordium Thugs","floor":14,"turns":3},{"damage":19,"enemies":"The Guardian","floor":16,"turns":16},{"damage":0,"enemies":"Spheric Guardian","floor":18,"turns":2},{"damage":19,"enemies":"Chosen","floor":21,"turns":9},{"damage":22,"enemies":"Snake Plant","floor":22,"turns":6},{"damage":15,"enemies":"Chosen and Byrds","floor":24,"turns":6},{"damage":19,"enemies":"Snecko","floor":27,"turns":7},{"damage":0,"enemies":"Sentry and Sphere","floor":31,"turns":4},{"damage":35,"enemies":"Champ","floor":33,"turns":8},{"damage":26,"enemies":"3 Darklings","floor":35,"turns":3},{"damage":13,"enemies":"Orb Walker","floor":36,"turns":4},{"damage":17,"enemies":"Writhing Mass","floor":38,"turns":5},{"damage":43,"enemies":"Spire Growth","floor":39,"turns":4},{"damage":22,"enemies":"Jaw Worm Horde","floor":44,"turns":2},{"damage":0,"enemies":"3 Darklings","floor":45,"turns":2},{"damage":26,"enemies":"4 Shapes","floor":46,"turns":3},{"damage":23,"enemies":"Maw","floor":47,"turns":5},{"damage":79,"enemies":"Awakened One","floor":50,"turns":3}],"seed_played":"-1052283349368067215","potions_obtained":[{"floor":2,"key":"SneckoOil"},{"floor":10,"key":"SteroidPotion"},{"floor":21,"key":"Block Potion"},{"floor":22,"key":"SkillPotion"},{"floor":27,"key":"Weak Potion"},{"floor":38,"key":"SkillPotion"},{"floor":44,"key":"Energy Potion"},{"floor":45,"key":"Regen Potion"}],"is_trial":false,"path_per_floor":["M","M","?","?","$","E","R","E","T","M","?","M","?","M","R","B",null,"M","$","?","M","M","R","M","$","T","M","$","?","R","M","R","B",null,"M","M","?","M","M","R","?","R","T","M","M","M","M","$","R","B"],"character_chosen":"DEFECT","items_purchased":["DataDisk","Defragment","Lantern","Defragment"],"campfire_rested":2,"item_purchase_floors":[19,28,48,48],"current_hp_per_floor":[57,52,52,52,52,41,41,26,26,32,48,50,31,41,41,32,56,56,56,56,57,55,55,60,60,70,71,71,50,50,70,70,35,64,48,55,55,48,25,47,74,74,74,72,74,48,35,35,57,0],"gold":78,"neow_bonus":"THREE_RARE_CARDS","is_prod":false,"is_daily":false,"chose_seed":false,"campfire_upgraded":6,"win_rate":0,"timestamp":1554603783,"path_taken":["M","M","?","?","$","E","R","E","T","M","?","M","?","M","R","BOSS","M","$","?","M","M","R","M","?","T","?","$","?","R","M","R","BOSS","M","M","?","M","?","R","?","R","T","?","M","M","M","?","R","BOSS"],"build_version":"2019-01-23","purchased_purges":1,"victory":false,"max_hp_per_floor":[64,64,64,64,64,64,64,64,64,64,64,64,64,64,64,64,64,64,64,64,64,64,64,64,64,74,74,74,74,74,74,74,74,74,74,74,74,74,74,74,74,74,74,74,74,74,74,74,74,74],"card_choices":[{"not_picked":["Rainbow","Creative AI"],"picked":"Electrodynamics","floor":0},{"not_picked":["Redo","Beam Cell"],"picked":"Fusion","floor":1},{"not_picked":["Skim","Streamline"],"picked":"Cold Snap","floor":2},{"not_picked":["Multi-Cast","Sweeping Beam"],"picked":"Self Repair","floor":6},{"not_picked":["Beam Cell+1","Tempest"],"picked":"Melter+1","floor":8},{"not_picked":["Go for the Eyes+1","Redo"],"picked":"Undo","floor":10},{"not_picked":["Scrape+1","Storm","Redo"],"picked":"SKIP","floor":12},{"not_picked":["Conserve Battery","Cold Snap+1"],"picked":"Leap","floor":14},{"not_picked":["Hyperbeam+1","Seek"],"picked":"Creative AI","floor":16},{"not_picked":["Loop","Coolheaded","Rebound+1"],"picked":"SKIP","floor":18},{"not_picked":["Loop","Rebound+1"],"picked":"Coolheaded","floor":18},{"not_picked":["Storm","Chill","Cold Snap+1"],"picked":"SKIP","floor":21},{"not_picked":["Chill","Cold Snap+1"],"picked":"Storm","floor":21},{"not_picked":["Rebound+1","Leap"],"picked":"Go for the Eyes+1","floor":22},{"not_picked":["Reprogram","Go for the Eyes+1"],"picked":"FTL+1","floor":24},{"not_picked":["Fusion","Rebound+1"],"picked":"Ball Lightning+1","floor":27},{"not_picked":["Ball Lightning+1","Stack"],"picked":"Lockon+1","floor":31},{"not_picked":["Biased Cognition","All For One+1"],"picked":"Rainbow","floor":33},{"not_picked":["Cold Snap+1","Conserve Battery"],"picked":"Heatsinks","floor":35},{"not_picked":["Steam","Self Repair"],"picked":"Conserve Battery+1","floor":36},{"not_picked":["Scrape+1","Hologram+1","Tempest"],"picked":"SKIP","floor":38},{"not_picked":["Go for the Eyes+1","Ball Lightning+1"],"picked":"Beam Cell+1","floor":39},{"not_picked":["Compile Driver+1","Steam"],"picked":"Coolheaded","floor":44},{"not_picked":["Compile Driver+1","Undo"],"picked":"Storm+1","floor":45},{"not_picked":["Skim","Reinforced Body+1"],"picked":"Go for the Eyes+1","floor":46},{"not_picked":["Meteor Strike+1","Steam","Leap"],"picked":"SKIP","floor":47}],"player_experience":530211,"relics_obtained":[{"floor":6,"key":"Molten Egg 2"},{"floor":8,"key":"Orichalcum"},{"floor":9,"key":"Centennial Puzzle"},{"floor":26,"key":"Pear"},{"floor":29,"key":"Necronomicon"},{"floor":43,"key":"PreservedInsect"}],"event_choices":[{"damage_healed":0,"gold_gain":0,"player_choice":"Left Gold","damage_taken":0,"max_hp_gain":0,"max_hp_loss":0,"event_name":"World of Goop","floor":3,"gold_loss":45},{"damage_healed":0,"gold_gain":0,"player_choice":"Take Wound","damage_taken":0,"relics_obtained":["Golden Idol"],"max_hp_gain":0,"max_hp_loss":0,"event_name":"Golden Idol","floor":4,"gold_loss":0,"cards_obtained":["Injury"]},{"damage_healed":16,"gold_gain":0,"player_choice":"Healed","damage_taken":0,"max_hp_gain":0,"max_hp_loss":0,"event_name":"The Cleric","floor":11,"gold_loss":35},{"damage_healed":0,"gold_gain":0,"player_choice":"Entered Light","damage_taken":19,"max_hp_gain":0,"max_hp_loss":0,"event_name":"Shining Light","floor":13,"gold_loss":0,"cards_upgraded":["Defend_B","Cold Snap"]},{"damage_healed":0,"gold_gain":0,"player_choice":"Copied","damage_taken":0,"max_hp_gain":0,"max_hp_loss":0,"event_name":"Duplicator","floor":20,"gold_loss":0,"cards_obtained":["Self Repair"]},{"damage_healed":0,"gold_gain":0,"player_choice":"Obtained Book","damage_taken":21,"max_hp_gain":0,"max_hp_loss":0,"event_name":"Cursed Tome","floor":29,"gold_loss":0},{"cards_removed":["Strike_B"],"damage_healed":0,"gold_gain":0,"player_choice":"Card Removal","damage_taken":0,"max_hp_gain":0,"max_hp_loss":0,"event_name":"Wheel of Change","floor":37,"gold_loss":0},{"cards_removed":["FTL"],"damage_healed":27,"gold_gain":0,"player_choice":"Offered Uncommon","damage_taken":0,"max_hp_gain":0,"max_hp_loss":0,"event_name":"Bonfire Elementals","floor":41,"gold_loss":0}],"is_beta":false,"boss_relics":[{"not_picked":["Snecko Eye","Ectoplasm"],"picked":"Inserter"},{"not_picked":["Black Star","Velvet Choker"],"picked":"Cursed Key"}],"items_purged_floors":[5],"is_endless":false,"potions_floor_spawned":[2,10,14,21,22,27,31,38,44,45,46],"killed_by":"Awakened One","ascension_level":18}