{"gold_per_floor":[116,136,146,158,158,158,184,197,221,247,263,263,263,280,280,357,357,367,379,60,76,76,76,107,107,107,127,127,156,156,6,6,80,80,92,192,205,255,273,298,314,327,327,337,337,350,350,22,22,22,22],"floor_reached":52,"playtime":4053,"items_purged":["Strike_G"],"score":1822,"play_id":"5c1cbf60-cd1c-4d98-8ade-a303997c7a10","local_time":"20190615093027","is_ascension_mode":true,"campfire_choices":[{"data":"Deadly Poison","floor":6,"key":"SMITH"},{"floor":13,"key":"REST"},{"data":"Wraith Form v2","floor":15,"key":"SMITH"},{"floor":23,"key":"REST"},{"data":"Cloak And Dagger","floor":25,"key":"SMITH"},{"floor":28,"key":"REST"},{"floor":32,"key":"REST"},{"floor":45,"key":"REST"},{"data":"1","floor":49,"key":"LIFT"}],"neow_cost":"NONE","seed_source_timestamp":116861115790605,"circlet_count":0,"master_deck":["AscendersBane","Defend_G","Defend_G","Defend_G","Defend_G","Defend_G","Strike_G+1","Strike_G+1","Strike_G","Survivor","Neutralize","PiercingWail","Dagger Throw","Dagger Throw","Deadly Poison+1","Crippling Poison","Corpse Explosion","Wraith Form v2+1","Heel Hook","Bouncing Flask","Corpse Explosion","Backflip","Dash","Infinite Blades+1","Cloak And Dagger+1","Footwork","Well Laid Plans","Wraith Form v2","Catalyst","Catalyst+1","Writhe"],"relics":["Ring of the Snake","Anchor","Strawberry","Whetstone","Lantern","Sozu","Kunai","Nilry\u0027s Codex","Pen Nib","Girya","Regal Pillow","Fusion Hammer","Tough Bandages","Bag of Preparation","FossilizedHelix","Bird Faced Urn"],"potions_floor_usage":[7,7,16,24],"damage_taken":[{"damage":9,"enemies":"Cultist","floor":1,"turns":4},{"damage":0,"enemies":"2 Louse","floor":2,"turns":3},{"damage":4,"enemies":"Jaw Worm","floor":3,"turns":6},{"damage":0,"enemies":"3 Louse","floor":4,"turns":5},{"damage":8,"enemies":"Gremlin Nob","floor":7,"turns":3},{"damage":13,"enemies":"Large Slime","floor":8,"turns":7},{"damage":12,"enemies":"Lagavulin","floor":10,"turns":6},{"damage":0,"enemies":"Looter","floor":11,"turns":3},{"damage":5,"enemies":"Red Slaver","floor":14,"turns":4},{"damage":18,"enemies":"Hexaghost","floor":16,"turns":8},{"damage":0,"enemies":"Spheric Guardian","floor":18,"turns":3},{"damage":7,"enemies":"Shell Parasite","floor":19,"turns":5},{"damage":2,"enemies":"Cultist and Chosen","floor":21,"turns":4},{"damage":26,"enemies":"Slavers","floor":24,"turns":3},{"damage":0,"enemies":"Shelled Parasite and Fungi","floor":27,"turns":5},{"damage":16,"enemies":"Book of Stabbing","floor":29,"turns":7},{"damage":44,"enemies":"Collector","floor":33,"turns":10},{"damage":0,"enemies":"3 Shapes","floor":35,"turns":2},{"damage":2,"enemies":"Mind Bloom Boss Battle","floor":36,"turns":7},{"damage":9,"enemies":"Orb Walker","floor":37,"turns":5},{"damage":1,"enemies":"Transient","floor":39,"turns":6},{"damage":3,"enemies":"Nemesis","floor":40,"turns":9},{"damage":12,"enemies":"Spire Growth","floor":41,"turns":7},{"damage":15,"enemies":"Sphere and 2 Shapes","floor":42,"turns":4},{"damage":0,"enemies":"3 Darklings","floor":44,"turns":5},{"damage":0,"enemies":"4 Shapes","floor":46,"turns":3},{"damage":9,"enemies":"Time Eater","floor":50,"turns":11},{"damage":42,"enemies":"Donu and Deca","floor":51,"turns":6}],"seed_played":"4750176705462031758","potions_obtained":[{"floor":3,"key":"Poison Potion"},{"floor":4,"key":"Poison Potion"},{"floor":7,"key":"LiquidBronze"},{"floor":14,"key":"Regen Potion"}],"is_trial":false,"path_per_floor":["M","M","M","M","?","R","E","M","T","E","M","?","R","M","R","B",null,"M","M","$","M","?","R","E","R","T","M","R","E","?","$","R","B",null,"M","?","M","?","M","E","M","M","T","M","R","M","?","$","R","B","B",null],"character_chosen":"THE_SILENT","items_purchased":["Kunai","Dash","Well Laid Plans","Bird Faced Urn"],"campfire_rested":5,"item_purchase_floors":[20,20,31,48],"current_hp_per_floor":[50,50,46,46,46,46,45,32,32,20,20,13,34,29,29,11,58,58,51,51,49,28,49,35,35,35,35,56,40,40,40,73,29,62,62,60,51,51,50,47,35,20,20,20,56,56,71,71,71,68,38],"gold":22,"neow_bonus":"RANDOM_COMMON_RELIC","is_prod":false,"is_daily":false,"chose_seed":false,"campfire_upgraded":3,"win_rate":0,"timestamp":1560605427,"path_taken":["M","?","M","M","?","R","E","M","T","E","M","?","R","M","R","BOSS","M","M","$","M","?","R","E","R","T","M","R","E","?","$","R","BOSS","M","?","M","?","?","E","M","M","T","M","R","M","?","$","R","BOSS","BOSS"],"build_version":"2019-01-23","purchased_purges":1,"victory":true,"max_hp_per_floor":[66,66,66,66,66,66,73,73,73,73,73,73,73,73,73,73,73,73,73,73,73,73,73,73,73,73,73,73,73,73,73,73,73,73,73,73,73,73,73,73,73,73,73,73,73,73,73,73,73,73,73],"card_choices":[{"not_picked":["Bane","Flying Knee"],"picked":"PiercingWail","floor":1},{"not_picked":["Underhanded Strike","Accuracy"],"picked":"Dagger Throw","floor":2},{"not_picked":["Prepared","Cloak And Dagger"],"picked":"Dagger Throw","floor":3},{"not_picked":["Tactician","Acrobatics"],"picked":"Deadly Poison","floor":4},{"not_picked":["Setup","Deflect"],"picked":"Crippling Poison","floor":7},{"not_picked":["Masterful Stab","Prepared"],"picked":"Corpse Explosion","floor":8},{"not_picked":["Infinite Blades","Calculated Gamble"],"picked":"Wraith Form v2","floor":10},{"not_picked":["Slice","Sucker Punch"],"picked":"Heel Hook","floor":11},{"not_picked":["Dagger Throw","Deadly Poison"],"picked":"Bouncing Flask","floor":14},{"not_picked":["Venomology","Doppelganger"],"picked":"Corpse Explosion","floor":16},{"not_picked":["Dagger Throw","Riddle With Holes"],"picked":"Backflip","floor":18},{"not_picked":["Accuracy","Flying Knee","Poisoned Stab"],"picked":"SKIP","floor":19},{"not_picked":["Heel Hook","Endless Agony+1"],"picked":"Infinite Blades+1","floor":21},{"not_picked":["Crippling Poison","Deflect"],"picked":"Cloak And Dagger","floor":24},{"not_picked":["Flechettes","Outmaneuver","Poisoned Stab"],"picked":"SKIP","floor":27},{"not_picked":["Sucker Punch","Unload","Flying Knee"],"picked":"SKIP","floor":29},{"not_picked":["Tools of the Trade","Night Terror"],"picked":"Wraith Form v2","floor":33},{"not_picked":["Cloak And Dagger","Noxious Fumes","Dagger Spray"],"picked":"SKIP","floor":35},{"not_picked":["Bane","Backflip"],"picked":"Catalyst","floor":36},{"not_picked":["Dodge and Roll","Caltrops","Cloak And Dagger"],"picked":"SKIP","floor":37},{"not_picked":["Blade Dance+1","Acrobatics","Escape Plan+1"],"picked":"SKIP","floor":39},{"not_picked":["Riddle With Holes","Bane","Dagger Spray"],"picked":"SKIP","floor":40},{"not_picked":["Cloak And Dagger","Quick Slash","Flying Knee"],"picked":"SKIP","floor":41},{"not_picked":["Quick Slash+1","Storm of Steel"],"picked":"Catalyst+1","floor":42},{"not_picked":["Flying Knee","Reflex","Cloak And Dagger+1"],"picked":"SKIP","floor":44},{"not_picked":["Deflect+1","Flying Knee","Sucker Punch"],"picked":"SKIP","floor":46}],"player_experience":905235,"relics_obtained":[{"floor":7,"key":"Strawberry"},{"floor":9,"key":"Whetstone"},{"floor":10,"key":"Lantern"},{"floor":22,"key":"Nilry\u0027s Codex"},{"floor":24,"key":"Pen Nib"},{"floor":26,"key":"Girya"},{"floor":29,"key":"Regal Pillow"},{"floor":36,"key":"Tough Bandages"},{"floor":40,"key":"Bag of Preparation"},{"floor":43,"key":"FossilizedHelix"}],"event_choices":[{"damage_healed":0,"gold_gain":0,"player_choice":"Ignored","damage_taken":0,"max_hp_gain":0,"max_hp_loss":0,"event_name":"Liars Game","floor":5,"gold_loss":0},{"cards_removed":["Strike_G"],"damage_healed":0,"gold_gain":0,"player_choice":"Card Removal","damage_taken":7,"max_hp_gain":0,"max_hp_loss":0,"event_name":"Golden Wing","floor":12,"gold_loss":0},{"damage_healed":0,"gold_gain":0,"player_choice":"Obtained Book","damage_taken":21,"max_hp_gain":0,"max_hp_loss":0,"event_name":"Cursed Tome","floor":22,"gold_loss":0},{"damage_healed":0,"gold_gain":0,"player_choice":"Read","damage_taken":0,"max_hp_gain":0,"max_hp_loss":0,"event_name":"The Library","floor":30,"gold_loss":0,"cards_obtained":["Footwork"]},{"damage_healed":0,"gold_gain":0,"player_choice":"Fight","damage_taken":0,"max_hp_gain":0,"max_hp_loss":0,"event_name":"MindBloom","floor":36,"gold_loss":0},{"damage_healed":0,"gold_gain":50,"player_choice":"Pray","damage_taken":0,"max_hp_gain":0,"max_hp_loss":0,"event_name":"Golden Shrine","floor":38,"gold_loss":0},{"damage_healed":15,"gold_gain":0,"player_choice":"Writhe","damage_taken":0,"max_hp_gain":0,"max_hp_loss":0,"event_name":"Winding Halls","floor":47,"gold_loss":0,"cards_obtained":["Writhe"]}],"is_beta":false,"boss_relics":[{"not_picked":["Lizard Tail","Eternal Feather"],"picked":"Sozu"},{"not_picked":["White Beast Statue","Black Star"],"picked":"Fusion Hammer"}],"items_purged_floors":[31],"is_endless":false,"potions_floor_spawned":[3,4,7,14,18,21,24,40,41,44],"ascension_level":20}