{"gold_per_floor":[209,229,245,49,49,80,80,114,114,114,179,179,210,260,260,334,334,348,30,34,48,98,98,129,129,129,129,162,177,193,274,274,350,350,363,513,563,613,626,651,651,651],"floor_reached":42,"playtime":2073,"items_purged":[],"score":869,"play_id":"e905f156-b8e8-4363-888d-11dbd78c8951","local_time":"20190323204855","is_ascension_mode":true,"campfire_choices":[{"floor":7,"key":"REST"},{"floor":12,"key":"REST"},{"data":"Zap","floor":15,"key":"SMITH"},{"floor":23,"key":"REST"},{"floor":25,"key":"REST"},{"floor":27,"key":"REST"},{"floor":32,"key":"REST"},{"floor":41,"key":"REST"}],"neow_cost":"NONE","seed_source_timestamp":269067235230803,"circlet_count":0,"master_deck":["AscendersBane","Strike_B","Strike_B","Strike_B","Strike_B","Defend_B","Defend_B","Defend_B","Defend_B","Zap+1","Dualcast","Beam Cell","Gash","Beam Cell","Cold Snap","Glacier","BootSequence","Biased Cognition","Gash","Self Repair","Heatsinks","Cold Snap","Coolheaded","Sweeping Beam","Lockon+1","Rip and Tear+1","FTL+1","Rip and Tear+1","Gash+1","Electrodynamics","Ball Lightning+1","Core Surge+1","Sweeping Beam+1","BootSequence"],"relics":["Cracked Core","Sling","Lantern","Turnip","The Courier","SsserpentHead","Centennial Puzzle","Gremlin Horn","Fusion Hammer","Mummified Hand","Dream Catcher","Molten Egg 2","Incense Burner","Red Mask","Busted Crown","Peace Pipe","Ornamental Fan"],"potions_floor_usage":[8,13,24,24,33,36,40,40],"damage_taken":[{"damage":1,"enemies":"Cultist","floor":1,"turns":3},{"damage":0,"enemies":"Small Slimes","floor":2,"turns":3},{"damage":10,"enemies":"2 Louse","floor":3,"turns":2},{"damage":25,"enemies":"Lagavulin","floor":6,"turns":6},{"damage":12,"enemies":"3 Sentries","floor":8,"turns":3},{"damage":4,"enemies":"Looter","floor":11,"turns":3},{"damage":8,"enemies":"Lagavulin","floor":13,"turns":6},{"damage":37,"enemies":"Slime Boss","floor":16,"turns":19},{"damage":0,"enemies":"Spheric Guardian","floor":18,"turns":7},{"damage":23,"enemies":"2 Thieves","floor":20,"turns":5},{"damage":1,"enemies":"Snake Plant","floor":21,"turns":8},{"damage":7,"enemies":"Gremlin Leader","floor":24,"turns":8},{"damage":44,"enemies":"Slavers","floor":28,"turns":6},{"damage":0,"enemies":"Cultist and Chosen","floor":29,"turns":7},{"damage":2,"enemies":"Snecko","floor":30,"turns":7},{"damage":18,"enemies":"Masked Bandits","floor":31,"turns":4},{"damage":50,"enemies":"Collector","floor":33,"turns":10},{"damage":16,"enemies":"3 Darklings","floor":35,"turns":5},{"damage":21,"enemies":"Mind Bloom Boss Battle","floor":36,"turns":5},{"damage":0,"enemies":"3 Shapes","floor":39,"turns":5},{"damage":22,"enemies":"Giant Head","floor":40,"turns":7},{"damage":47,"enemies":"Jaw Worm Horde","floor":42,"turns":2}],"seed_played":"-8598195904255601990","potions_obtained":[{"floor":2,"key":"Poison Potion"},{"floor":3,"key":"SmokeBomb"},{"floor":6,"key":"PowerPotion"},{"floor":20,"key":"EntropicBrew"},{"floor":24,"key":"LiquidBronze"},{"floor":33,"key":"Ancient Potion"},{"floor":36,"key":"SteroidPotion"},{"floor":39,"key":"PowerPotion"}],"is_trial":false,"path_per_floor":["M","M","M","$","$","E","R","E","T","?","M","R","E","T","R","B",null,"M","$","M","M","?","R","E","R","T","R","E","M","M","?","R","B",null,"M","?","?","?","M","E","R","M"],"character_chosen":"DEFECT","items_purchased":["Sling","Self Repair","Mummified Hand","Heatsinks"],"campfire_rested":7,"item_purchase_floors":[4,19,19,19],"current_hp_per_floor":[63,63,53,53,53,28,49,37,37,37,33,54,46,46,46,9,56,56,56,40,46,46,67,67,71,71,71,34,41,46,35,56,13,57,48,34,34,34,41,26,46,0],"gold":651,"neow_bonus":"HUNDRED_GOLD","is_prod":false,"is_daily":false,"chose_seed":false,"campfire_upgraded":1,"win_rate":0,"timestamp":1553388535,"path_taken":["M","M","M","?","$","E","R","E","T","?","?","R","E","?","R","BOSS","M","$","M","M","?","R","E","R","T","R","E","M","M","?","R","BOSS","M","?","?","?","M","E","R","M"],"build_version":"2019-01-23","purchased_purges":0,"victory":false,"max_hp_per_floor":[71,71,71,71,71,71,71,71,71,71,71,71,71,71,71,71,71,71,71,71,71,71,71,71,71,71,71,71,71,71,71,71,71,71,71,71,71,67,67,67,67,67],"card_choices":[{"not_picked":["Steam","Leap"],"picked":"Beam Cell","floor":1},{"not_picked":["Compile Driver","Chill"],"picked":"Gash","floor":2},{"not_picked":["Steam Power","Hello World"],"picked":"Beam Cell","floor":3},{"not_picked":["Genetic Algorithm","Rebound"],"picked":"Cold Snap","floor":6},{"not_picked":["Compile Driver","Leap"],"picked":"Glacier","floor":8},{"not_picked":["Steam","Turbo"],"picked":"Conserve Battery","floor":11},{"not_picked":["Genetic Algorithm","Rebound"],"picked":"BootSequence","floor":13},{"not_picked":["Reboot","Thunder Strike"],"picked":"Biased Cognition","floor":16},{"not_picked":["Coolheaded","Rebound"],"picked":"Gash","floor":18},{"not_picked":["Go for the Eyes","Barrage"],"picked":"Cold Snap","floor":20},{"not_picked":["Compile Driver","Tempest"],"picked":"Coolheaded","floor":21},{"not_picked":["Biased Cognition","Compile Driver"],"picked":"Sweeping Beam","floor":24},{"not_picked":["Barrage","Streamline"],"picked":"Lockon+1","floor":25},{"not_picked":["Rebound+1","Heatsinks"],"picked":"Rip and Tear+1","floor":27},{"not_picked":["Streamline+1","Barrage+1"],"picked":"FTL+1","floor":28},{"not_picked":["Loop","Skim"],"picked":"Rip and Tear+1","floor":29},{"not_picked":["Sweeping Beam+1","Rebound+1"],"picked":"Gash+1","floor":30},{"not_picked":["Gash+1","Heatsinks"],"picked":"Electrodynamics","floor":31},{"not_picked":["Coolheaded","Self Repair+1"],"picked":"Ball Lightning+1","floor":32},{"not_picked":["Biased Cognition","Reboot"],"picked":"Core Surge+1","floor":33},{"not_picked":[],"picked":"Sweeping Beam+1","floor":35},{"not_picked":["Redo"],"picked":"SKIP","floor":39},{"not_picked":["Barrage+1"],"picked":"SKIP","floor":40},{"not_picked":[],"picked":"BootSequence","floor":41}],"player_experience":454408,"relics_obtained":[{"floor":6,"key":"Lantern"},{"floor":8,"key":"Turnip"},{"floor":9,"key":"The Courier"},{"floor":13,"key":"Centennial Puzzle"},{"floor":14,"key":"Gremlin Horn"},{"floor":24,"key":"Dream Catcher"},{"floor":26,"key":"Molten Egg 2"},{"floor":28,"key":"Incense Burner"},{"floor":31,"key":"Red Mask"},{"floor":36,"key":"Peace Pipe"},{"floor":40,"key":"Ornamental Fan"}],"event_choices":[{"damage_healed":0,"gold_gain":0,"player_choice":"Trade","damage_taken":0,"relics_obtained":["SsserpentHead"],"max_hp_gain":0,"max_hp_loss":0,"event_name":"FaceTrader","floor":10,"gold_loss":0},{"damage_healed":0,"gold_gain":0,"player_choice":"Ignored","damage_taken":0,"max_hp_gain":0,"max_hp_loss":0,"event_name":"Vampires","floor":22,"gold_loss":0},{"damage_healed":0,"gold_gain":0,"player_choice":"Fought Bandits","damage_taken":0,"max_hp_gain":0,"max_hp_loss":0,"event_name":"Masked Bandits","floor":31,"gold_loss":0},{"damage_healed":0,"gold_gain":0,"player_choice":"Fight","damage_taken":0,"max_hp_gain":0,"max_hp_loss":0,"event_name":"MindBloom","floor":36,"gold_loss":0},{"cards_removed":["Conserve Battery"],"damage_healed":0,"gold_gain":0,"player_choice":"Removed Skill","damage_taken":0,"max_hp_gain":0,"max_hp_loss":0,"event_name":"Falling","floor":37,"gold_loss":0},{"damage_healed":0,"gold_gain":0,"player_choice":"Max HP","damage_taken":0,"max_hp_gain":0,"max_hp_loss":4,"event_name":"Winding Halls","floor":38,"gold_loss":0}],"is_beta":false,"boss_relics":[{"not_picked":["White Beast Statue","Tiny House"],"picked":"Fusion Hammer"},{"not_picked":["Velvet Choker","Runic Pyramid"],"picked":"Busted Crown"}],"items_purged_floors":[],"is_endless":false,"potions_floor_spawned":[2,3,6,20,24,28,33,36,39],"killed_by":"Jaw Worm Horde","ascension_level":15}