{"gold_per_floor":[114,114,124,124,138,138,173,173,200,200,215,5,5,18,18,137,137,155,80,80,80],"floor_reached":21,"playtime":753,"items_purged":["Defend_G"],"score":283,"play_id":"882730af-fd5c-414b-b8a6-9697731f33d6","local_time":"20180825183206","is_ascension_mode":true,"campfire_choices":[{"data":"Dagger Spray","floor":6,"key":"SMITH"},{"data":"Neutralize","floor":8,"key":"SMITH"},{"data":"Sucker Punch","floor":10,"key":"SMITH"},{"floor":15,"key":"REST"}],"neow_cost":"NONE","seed_source_timestamp":784320915947061,"circlet_count":0,"master_deck":["Defend_G","Defend_G","Defend_G","Defend_G","Strike_G","Strike_G","Strike_G","Strike_G","Survivor","Neutralize+1","AscendersBane","Dagger Spray+1","Deflect","Sucker Punch+1","Underhanded Strike","Cloak And Dagger","Metamorphosis","Quick Slash","Phantasmal Killer"],"relics":["Ring of the Snake","Strawberry","Ancient Tea Set","Bloody Idol","Busted Crown"],"potions_floor_usage":[5,7,16,21],"damage_taken":[{"damage":5,"enemies":"Small Slimes","floor":1,"turns":3},{"damage":0,"enemies":"2 Louse","floor":3,"turns":2},{"damage":0,"enemies":"Jaw Worm","floor":5,"turns":4},{"damage":17,"enemies":"Lagavulin","floor":7,"turns":10},{"damage":0,"enemies":"Exordium Wildlife","floor":11,"turns":2},{"damage":7,"enemies":"2 Fungi Beasts","floor":14,"turns":4},{"damage":26,"enemies":"Hexaghost","floor":16,"turns":11},{"damage":5,"enemies":"Shell Parasite","floor":18,"turns":4},{"damage":20,"enemies":"Colosseum Slavers","floor":21,"turns":4},{"damage":36,"enemies":"Colosseum Nobs","floor":21,"turns":3}],"seed_played":"3724700399586361868","potions_obtained":[{"floor":3,"key":"SteroidPotion"},{"floor":5,"key":"Dexterity Potion"},{"floor":14,"key":"Swift Potion"},{"floor":18,"key":"FearPotion"}],"is_trial":false,"path_per_floor":["M","?","M","?","M","R","E","R","T","R","M","$","?","M","R","B",null,"M","$","?"],"character_chosen":"THE_SILENT","items_purchased":["Metamorphosis"],"campfire_rested":1,"item_purchase_floors":[12],"current_hp_per_floor":[58,51,51,51,51,51,41,41,41,41,41,41,41,34,55,29,61,56,56,56,0],"gold":80,"neow_bonus":"THREE_CARDS","is_prod":false,"is_daily":false,"chose_seed":false,"campfire_upgraded":3,"win_rate":0,"timestamp":1535247126,"path_taken":["M","?","M","?","M","R","E","R","T","R","M","?","?","M","R","BOSS","M","$","?","?"],"build_version":"2018-08-23v2","purchased_purges":1,"victory":false,"max_hp_per_floor":[70,70,70,70,70,70,77,77,77,77,77,77,71,71,71,71,71,71,71,71,71],"card_choices":[{"not_picked":["Dodge and Roll","Slice"],"picked":"Dagger Spray","floor":0},{"not_picked":["Deadly Poison","Eviscerate","Reflex"],"picked":"SKIP","floor":1},{"not_picked":["Slice","Finisher"],"picked":"Expertise","floor":3},{"not_picked":["Caltrops","Dodge and Roll"],"picked":"Sucker Punch","floor":5},{"not_picked":["Heel Hook","Poisoned Stab"],"picked":"Underhanded Strike","floor":7},{"not_picked":["Blade Dance","Caltrops"],"picked":"Cloak And Dagger","floor":11},{"not_picked":["Cloak And Dagger","Slice"],"picked":"Quick Slash","floor":14},{"not_picked":["Unload","Bullet Time"],"picked":"Phantasmal Killer","floor":16},{"not_picked":["Deflect"],"picked":"SKIP","floor":18}],"player_experience":721082,"relics_obtained":[{"floor":7,"key":"Strawberry"},{"floor":9,"key":"Ancient Tea Set"}],"event_choices":[{"event_name":"Golden Wing","player_choice":"Card Removal","floor":2,"damage_taken":0},{"event_name":"Living Wall","player_choice":"Change","floor":4,"damage_taken":0},{"event_name":"Golden Idol","player_choice":"Lose Max HP","floor":13,"damage_taken":0},{"event_name":"Forgotten Altar","player_choice":"Gave Idol","floor":20,"damage_taken":0},{"event_name":"Colosseum","player_choice":"Fight","floor":21,"damage_taken":0},{"event_name":"Colosseum","player_choice":"Fought Nobs","floor":21,"damage_taken":0}],"is_beta":false,"boss_relics":[{"not_picked":["Black Star","Orrery"],"picked":"Busted Crown"}],"items_purged_floors":[19],"is_endless":false,"potions_floor_spawned":[3,5,14,18,21],"killed_by":"Colosseum Nobs","ascension_level":12}