{"gold_per_floor":[219,219,9,25,25,25,54,54,77,95,95,6,6,19,19,93,93,112,112,91,16,16],"floor_reached":22,"playtime":687,"items_purged":["Strike_R"],"score":355,"play_id":"0a3f55ff-ed79-409a-934e-617cd2198e3a","local_time":"20190625141714","is_ascension_mode":true,"campfire_choices":[{"data":"Magnetism","floor":6,"key":"SMITH"},{"floor":8,"key":"REST"},{"data":"Sever Soul","floor":11,"key":"SMITH"},{"data":"Corruption","floor":15,"key":"SMITH"}],"neow_cost":"NONE","seed_source_timestamp":1092076512943792,"circlet_count":0,"master_deck":["AscendersBane","Strike_R","Strike_R","Strike_R","Strike_R","Defend_R","Defend_R","Defend_R","Defend_R","Bash","Clash","Magnetism+1","Sever Soul+1","Reaper","Wild Strike","Corruption+1","Flame Barrier","Feed","Dropkick"],"relics":["Burning Blood","Dream Catcher","Strawberry","Blood Vial","Bag of Preparation","Fusion Hammer"],"potions_floor_usage":[14,14],"damage_taken":[{"damage":14,"enemies":"Jaw Worm","floor":1,"turns":5},{"damage":11,"enemies":"2 Louse","floor":4,"turns":3},{"damage":32,"enemies":"Gremlin Nob","floor":7,"turns":4},{"damage":0,"enemies":"Cultist","floor":10,"turns":3},{"damage":2,"enemies":"Exordium Wildlife","floor":14,"turns":2},{"damage":74,"enemies":"The Guardian","floor":16,"turns":11},{"damage":43,"enemies":"Chosen","floor":18,"turns":5},{"damage":28,"enemies":"2 Thieves","floor":20,"turns":4},{"damage":31,"enemies":"Cultist and Chosen","floor":22,"turns":3}],"seed_played":"-5325873466252218656","potions_obtained":[{"floor":7,"key":"Poison Potion"},{"floor":10,"key":"Poison Potion"},{"floor":20,"key":"SpeedPotion"}],"is_trial":false,"path_per_floor":["M","?","$","M","?","R","E","R","T","M","R","$","?","M","R","B",null,"M","?","M","$","M"],"character_chosen":"IRONCLAD","items_purchased":["Magnetism","Corruption"],"campfire_rested":1,"item_purchase_floors":[3,12],"current_hp_per_floor":[60,49,49,44,51,51,25,49,49,57,57,57,82,82,82,14,65,30,18,8,8,0],"gold":16,"neow_bonus":"HUNDRED_GOLD","is_prod":false,"is_daily":false,"chose_seed":false,"campfire_upgraded":3,"win_rate":0,"timestamp":1561497434,"path_taken":["M","?","$","M","?","R","E","R","T","?","R","$","?","M","R","BOSS","M","?","?","$","M"],"build_version":"2019-01-23","purchased_purges":1,"victory":false,"max_hp_per_floor":[75,75,75,75,82,82,82,82,82,82,82,82,82,82,82,82,82,82,82,82,82,82],"card_choices":[{"not_picked":["Sword Boomerang","Anger"],"picked":"Clash","floor":1},{"not_picked":["Pommel Strike","Sword Boomerang"],"picked":"Shockwave","floor":4},{"not_picked":["Clash","Seeing Red"],"picked":"Sever Soul","floor":7},{"not_picked":["Cleave","Clothesline"],"picked":"Reaper","floor":8},{"not_picked":["Thunderclap","Anger"],"picked":"Wild Strike","floor":10},{"not_picked":["Clothesline","Wild Strike"],"picked":"Flame Barrier","floor":14},{"not_picked":["Limit Break","Bludgeon"],"picked":"Feed","floor":16},{"not_picked":["Second Wind","Blood for Blood"],"picked":"Dropkick","floor":18},{"not_picked":["True Grit","Dropkick","Anger+1"],"picked":"SKIP","floor":20}],"player_experience":1074199,"relics_obtained":[{"floor":7,"key":"Blood Vial"},{"floor":9,"key":"Bag of Preparation"}],"event_choices":[{"damage_healed":0,"gold_gain":0,"player_choice":"Success","damage_taken":11,"relics_obtained":["Dream Catcher"],"max_hp_gain":0,"max_hp_loss":0,"event_name":"Scrap Ooze","floor":2,"gold_loss":0},{"cards_removed":["Shockwave"],"damage_healed":0,"gold_gain":0,"player_choice":"Gave Card","damage_taken":0,"relics_obtained":["Strawberry"],"max_hp_gain":0,"max_hp_loss":0,"event_name":"WeMeetAgain","floor":5,"gold_loss":0},{"damage_healed":27,"gold_gain":0,"player_choice":"Banana","damage_taken":0,"max_hp_gain":0,"max_hp_loss":0,"event_name":"Big Fish","floor":13,"gold_loss":0},{"damage_healed":0,"gold_gain":0,"player_choice":"Damaged","damage_taken":12,"max_hp_gain":0,"max_hp_loss":0,"event_name":"Wheel of Change","floor":19,"gold_loss":0}],"is_beta":false,"boss_relics":[{"not_picked":["Black Blood","Black Star"],"picked":"Fusion Hammer"}],"items_purged_floors":[21],"is_endless":false,"potions_floor_spawned":[7,10,20],"killed_by":"Cultist and Chosen","ascension_level":19}