{"gold_per_floor":[114,114,133,145,165,192,211,211,211,269,303,61,74,91,91,188,188,204,233,233,249,25,25,56,56,81,101,101,114,114,29,29,124,124,134,74,174,174,189,224,243,243,312,412,412,429,441,461,461,461,461,461,95,126,126],"floor_reached":56,"playtime":2918,"items_purged":["Strike_R","Strike_R"],"score":1234,"play_id":"2b652557-3816-485c-9545-b42ebd2737e2","local_time":"20190414161048","is_ascension_mode":false,"campfire_choices":[{"floor":8,"key":"REST"},{"data":"Armaments","floor":15,"key":"SMITH"},{"floor":23,"key":"RECALL"},{"data":"Panacea","floor":25,"key":"SMITH"},{"data":"Heavy Blade","floor":28,"key":"SMITH"},{"data":"Heavy Blade","floor":30,"key":"SMITH"},{"data":"Inflame","floor":32,"key":"SMITH"},{"floor":45,"key":"REST"},{"floor":49,"key":"REST"},{"data":"Impervious","floor":52,"key":"SMITH"}],"neow_cost":"NONE","seed_source_timestamp":396832188410471,"circlet_count":0,"master_deck":["Strike_R","Strike_R","Defend_R","Defend_R","Defend_R","Defend_R","Bash","Fiend Fire","Armaments+1","Clothesline","True Grit","Battle Trance","Rampage","Disarm","Spot Weakness","Seeing Red","Heavy Blade+1","Immolate","Seeing Red","Inflame+1","Panacea+1","Heavy Blade+1","Sever Soul","Second Wind","Impervious+1","Intimidate+1","Armaments+1","Disarm+1","Uppercut+1","Second Wind+1","Combust","Corruption"],"relics":["Burning Blood","Oddly Smooth Stone","Ginger","Du-Vu Doll","Dead Branch","Pantograph","Busted Crown","Red Mask","The Courier","Lee\u0027s Waffle","Omamori","Philosopher\u0027s Stone","Unceasing Top","Sundial","Toxic Egg 2","ClockworkSouvenir","Magic Flower"],"potions_floor_usage":[6,10,14,24,24,33,33,35,40,50],"damage_taken":[{"damage":0,"enemies":"Small Slimes","floor":1,"turns":2},{"damage":0,"enemies":"Cultist","floor":3,"turns":2},{"damage":0,"enemies":"2 Louse","floor":4,"turns":2},{"damage":23,"enemies":"Exordium Thugs","floor":5,"turns":6},{"damage":55,"enemies":"3 Sentries","floor":6,"turns":13},{"damage":0,"enemies":"Red Slaver","floor":7,"turns":4},{"damage":18,"enemies":"Lagavulin Event","floor":10,"turns":5},{"damage":26,"enemies":"Lagavulin","floor":11,"turns":8},{"damage":0,"enemies":"Large Slime","floor":13,"turns":4},{"damage":9,"enemies":"Gremlin Gang","floor":14,"turns":5},{"damage":8,"enemies":"Hexaghost","floor":16,"turns":8},{"damage":14,"enemies":"2 Thieves","floor":18,"turns":4},{"damage":6,"enemies":"Masked Bandits","floor":19,"turns":3},{"damage":18,"enemies":"Spheric Guardian","floor":21,"turns":4},{"damage":31,"enemies":"Book of Stabbing","floor":24,"turns":4},{"damage":0,"enemies":"Centurion and Healer","floor":27,"turns":3},{"damage":4,"enemies":"Chosen and Byrds","floor":29,"turns":5},{"damage":82,"enemies":"Automaton","floor":33,"turns":8},{"damage":3,"enemies":"3 Darklings","floor":35,"turns":3},{"damage":26,"enemies":"Mind Bloom Boss Battle","floor":37,"turns":5},{"damage":9,"enemies":"Orb Walker","floor":39,"turns":3},{"damage":9,"enemies":"Nemesis","floor":40,"turns":7},{"damage":16,"enemies":"Sphere and 2 Shapes","floor":41,"turns":5},{"damage":35,"enemies":"Transient","floor":46,"turns":5},{"damage":12,"enemies":"Jaw Worm Horde","floor":47,"turns":3},{"damage":0,"enemies":"Sphere and 2 Shapes","floor":48,"turns":5},{"damage":51,"enemies":"Donu and Deca","floor":50,"turns":6},{"damage":26,"enemies":"Shield and Spear","floor":54,"turns":7},{"damage":34,"enemies":"The Heart","floor":55,"turns":4}],"seed_played":"5074751080175445801","potions_obtained":[{"floor":1,"key":"SpeedPotion"},{"floor":6,"key":"Strength Potion"},{"floor":10,"key":"Fire Potion"},{"floor":14,"key":"EssenceOfSteel"},{"floor":16,"key":"BloodPotion"},{"floor":18,"key":"Energy Potion"},{"floor":29,"key":"EssenceOfSteel"},{"floor":33,"key":"AttackPotion"},{"floor":37,"key":"Regen Potion"},{"floor":39,"key":"SkillPotion"},{"floor":54,"key":"BloodPotion"}],"is_trial":false,"path_per_floor":["M","?","M","M","M","E","M","R","T","?","E","$","M","M","R","B",null,"M","?","T","M","$","R","E","R","T","M","R","M","R","$","R","B",null,"M","$","?","?","M","E","M","?","T","?","R","M","M","M","R","B",null,"R","$","E","B",null],"character_chosen":"IRONCLAD","items_purchased":["Pantograph","Panacea","Lee\u0027s Waffle","Sever Soul","Second Wind","ClockworkSouvenir","Combust","Corruption"],"campfire_rested":3,"item_purchase_floors":[12,22,22,31,31,53,53,53],"current_hp_per_floor":[80,72,78,80,63,14,20,44,44,32,12,12,18,15,15,38,80,72,72,72,60,87,87,62,62,62,68,68,70,70,70,70,19,87,87,87,67,67,64,61,51,51,51,51,77,48,42,48,74,56,87,87,87,67,62],"gold":126,"neow_bonus":"ONE_RANDOM_RARE_CARD","is_prod":false,"is_daily":false,"chose_seed":false,"campfire_upgraded":6,"win_rate":0,"timestamp":1555272648,"path_taken":["M","?","M","M","?","E","M","R","T","?","E","$","M","M","R","BOSS","M","?","?","M","$","R","E","R","T","M","R","M","R","$","R","BOSS","M","$","?","?","M","E","?","?","T","?","R","M","?","M","R","BOSS","R","$","E","BOSS"],"build_version":"2019-01-23","purchased_purges":2,"victory":true,"max_hp_per_floor":[80,80,80,80,80,80,80,80,80,80,80,80,80,80,80,80,80,80,80,80,80,87,87,87,87,87,87,87,87,87,87,87,87,87,87,87,87,87,87,87,87,87,87,87,87,87,87,87,87,87,87,87,87,87,87],"card_choices":[{"not_picked":["Clothesline","Clash"],"picked":"Armaments","floor":1},{"not_picked":["Headbutt","Wild Strike"],"picked":"Clothesline","floor":3},{"not_picked":["Combust","Reckless Charge"],"picked":"True Grit","floor":4},{"not_picked":["Armaments","Battle Trance","Intimidate"],"picked":"SKIP","floor":5},{"not_picked":["Armaments","Intimidate"],"picked":"Battle Trance","floor":5},{"not_picked":["Thunderclap","Twin Strike"],"picked":"Rampage","floor":6},{"not_picked":["Impervious","Seeing Red"],"picked":"Disarm","floor":7},{"not_picked":["Cleave","Shrug It Off"],"picked":"Spot Weakness","floor":10},{"not_picked":["Sentinel","Dual Wield"],"picked":"Seeing Red","floor":11},{"not_picked":["Anger","Warcry","Disarm"],"picked":"SKIP","floor":13},{"not_picked":["Pommel Strike","Rampage"],"picked":"Heavy Blade","floor":14},{"not_picked":["Juggernaut","Feed"],"picked":"Immolate","floor":16},{"not_picked":[],"picked":"Seeing Red","floor":18},{"not_picked":[],"picked":"Inflame","floor":21},{"not_picked":["Sword Boomerang"],"picked":"SKIP","floor":24},{"not_picked":[],"picked":"Heavy Blade","floor":27},{"not_picked":["Twin Strike"],"picked":"SKIP","floor":29},{"not_picked":[],"picked":"Impervious","floor":33},{"not_picked":["Bloodletting"],"picked":"SKIP","floor":35},{"not_picked":[],"picked":"Intimidate+1","floor":37},{"not_picked":[],"picked":"Armaments+1","floor":39},{"not_picked":["Clash"],"picked":"SKIP","floor":40},{"not_picked":["Pommel Strike+1"],"picked":"SKIP","floor":41},{"not_picked":[],"picked":"Disarm+1","floor":46},{"not_picked":[],"picked":"Uppercut+1","floor":47},{"not_picked":[],"picked":"Second Wind+1","floor":48},{"not_picked":["Sword Boomerang+1"],"picked":"SKIP","floor":54}],"player_experience":584619,"relics_obtained":[{"floor":6,"key":"Oddly Smooth Stone"},{"floor":9,"key":"Ginger"},{"floor":10,"key":"Du-Vu Doll"},{"floor":11,"key":"Dead Branch"},{"floor":19,"key":"Red Mask"},{"floor":20,"key":"The Courier"},{"floor":24,"key":"Omamori"},{"floor":37,"key":"Unceasing Top"},{"floor":40,"key":"Sundial"},{"floor":43,"key":"Toxic Egg 2"},{"floor":54,"key":"Magic Flower"}],"event_choices":[{"damage_healed":0,"gold_gain":0,"player_choice":"Damaged","damage_taken":8,"max_hp_gain":0,"max_hp_loss":0,"event_name":"Wheel of Change","floor":2,"gold_loss":0},{"damage_healed":0,"gold_gain":0,"player_choice":"Searched \u00271\u0027 times","damage_taken":0,"max_hp_gain":0,"max_hp_loss":0,"event_name":"Dead Adventurer","floor":10,"gold_loss":0},{"damage_healed":0,"gold_gain":0,"player_choice":"Fought Bandits","damage_taken":0,"max_hp_gain":0,"max_hp_loss":0,"event_name":"Masked Bandits","floor":19,"gold_loss":0},{"damage_healed":0,"gold_gain":0,"player_choice":"Fight","damage_taken":0,"max_hp_gain":0,"max_hp_loss":0,"event_name":"MindBloom","floor":37,"gold_loss":0},{"damage_healed":0,"gold_gain":0,"cards_transformed":["Strike_R"],"player_choice":"Transformed","damage_taken":0,"max_hp_gain":0,"max_hp_loss":0,"event_name":"Transmorgrifier","floor":38,"gold_loss":0,"cards_obtained":["Intimidate"]},{"cards_removed":["Intimidate"],"damage_healed":0,"gold_gain":0,"player_choice":"Removed Skill","damage_taken":0,"max_hp_gain":0,"max_hp_loss":0,"event_name":"Falling","floor":42,"gold_loss":0},{"damage_healed":0,"gold_gain":100,"player_choice":"Pray","damage_taken":0,"max_hp_gain":0,"max_hp_loss":0,"event_name":"Golden Shrine","floor":44,"gold_loss":0}],"is_beta":false,"boss_relics":[{"not_picked":["Runic Cube","White Beast Statue"],"picked":"Busted Crown"},{"not_picked":["Empty Cage","Snecko Eye"],"picked":"Philosopher\u0027s Stone"}],"items_purged_floors":[36,53],"is_endless":false,"potions_floor_spawned":[1,6,10,14,16,18,19,29,33,37,39,54],"ascension_level":0}