{"gold_per_floor":[112,112,122,139,156,181,200,200,226,226,226,226,257,267,267,267],"floor_reached":16,"playtime":540,"items_purged":[],"score":190,"play_id":"1daa30f1-3f19-48a2-af93-317f8c5617b8","local_time":"20190103202707","is_ascension_mode":true,"campfire_choices":[{"data":"Flame Barrier","floor":8,"key":"SMITH"},{"data":"Shrug It Off","floor":11,"key":"SMITH"},{"floor":15,"key":"REST"}],"neow_cost":"NONE","seed_source_timestamp":13638079645108,"circlet_count":0,"master_deck":["AscendersBane","Strike_R","Strike_R","Strike_R","Strike_R","Strike_R","Defend_R","Defend_R","Defend_R","Defend_R","Bash","Flame Barrier+1","Shrug It Off","Heavy Blade","Twin Strike","Shrug It Off+1","Body Slam","Cleave"],"relics":["Burning Blood","NeowsBlessing","Strawberry","Omamori","Ancient Tea Set"],"potions_floor_usage":[6,6,13,13,16],"damage_taken":[{"damage":0,"enemies":"2 Louse","floor":1,"turns":1},{"damage":0,"enemies":"Cultist","floor":3,"turns":1},{"damage":0,"enemies":"Small Slimes","floor":4,"turns":1},{"damage":15,"enemies":"Looter","floor":5,"turns":5},{"damage":20,"enemies":"3 Sentries","floor":6,"turns":8},{"damage":11,"enemies":"Exordium Thugs","floor":7,"turns":4},{"damage":47,"enemies":"Lagavulin","floor":13,"turns":8},{"damage":11,"enemies":"Blue Slaver","floor":14,"turns":4},{"damage":65,"enemies":"Hexaghost","floor":16,"turns":14}],"seed_played":"3810122497605459966","potions_obtained":[{"floor":3,"key":"Block Potion"},{"floor":5,"key":"Strength Potion"},{"floor":7,"key":"EssenceOfSteel"},{"floor":12,"key":"Fire Potion"},{"floor":14,"key":"Block Potion"}],"is_trial":false,"path_per_floor":["M","?","M","M","M","E","M","R","T","?","R","?","E","M","R","B"],"character_chosen":"IRONCLAD","items_purchased":[],"campfire_rested":1,"item_purchase_floors":[],"current_hp_per_floor":[74,74,75,75,66,59,54,54,54,81,81,81,40,35,59,0],"gold":267,"neow_bonus":"THREE_ENEMY_KILL","is_prod":false,"is_daily":false,"chose_seed":false,"campfire_upgraded":2,"win_rate":0,"timestamp":1546576027,"path_taken":["M","?","M","M","?","E","M","R","T","?","R","?","E","?","R","BOSS"],"build_version":"2019-01-03v2","purchased_purges":0,"victory":false,"max_hp_per_floor":[75,75,75,75,75,82,82,82,82,82,82,82,82,82,82,82],"card_choices":[{"not_picked":["Wild Strike","Iron Wave"],"picked":"Flame Barrier","floor":1},{"not_picked":["Havoc","Anger"],"picked":"Shrug It Off","floor":3},{"not_picked":["Sever Soul","Reckless Charge"],"picked":"Heavy Blade","floor":4},{"not_picked":["Anger","Warcry"],"picked":"Twin Strike","floor":5},{"not_picked":["Dark Embrace","Power Through"],"picked":"Shrug It Off","floor":6},{"not_picked":["Rampage","Rupture","Sentinel"],"picked":"SKIP","floor":7},{"not_picked":["Corruption","Havoc"],"picked":"Body Slam","floor":13},{"not_picked":["Evolve","Iron Wave"],"picked":"Cleave","floor":14}],"player_experience":823792,"relics_obtained":[{"floor":6,"key":"Strawberry"},{"floor":9,"key":"Omamori"},{"floor":13,"key":"Ancient Tea Set"}],"event_choices":[{"damage_healed":0,"gold_gain":0,"player_choice":"Bought 0 Potions","damage_taken":0,"max_hp_gain":0,"max_hp_loss":0,"event_name":"The Woman in Blue","floor":2,"gold_loss":0},{"damage_healed":27,"gold_gain":0,"player_choice":"Banana","damage_taken":0,"max_hp_gain":0,"max_hp_loss":0,"event_name":"Big Fish","floor":10,"gold_loss":0},{"damage_healed":0,"gold_gain":0,"player_choice":"Got Potions","damage_taken":0,"max_hp_gain":0,"max_hp_loss":0,"event_name":"Lab","floor":12,"gold_loss":0}],"is_beta":false,"boss_relics":[],"items_purged_floors":[],"is_endless":false,"potions_floor_spawned":[3,5,7,14],"killed_by":"Hexaghost","ascension_level":14}