{"gold_per_floor":[20,36,36,48,67,100,113,125,149,11,11,11,11,47,47,173,173,194,194,218,218,218,218,237,237,264,305,318,47,65,81,81,212,212,212],"floor_reached":35,"playtime":1371,"items_purged":["Writhe"],"score":389,"play_id":"13090cce-5bab-4f14-bdcd-b96202bcefc5","local_time":"20190514143126","is_ascension_mode":false,"campfire_choices":[{"floor":12,"key":"REST"},{"floor":15,"key":"REST"},{"floor":23,"key":"REST"},{"floor":25,"key":"REST"},{"floor":32,"key":"REST"}],"neow_cost":"NO_GOLD","seed_source_timestamp":671977285873655,"circlet_count":0,"master_deck":["Strike_R","Strike_R","Strike_R","Strike_R","Strike_R","Defend_R","Defend_R","Defend_R","Defend_R","Bash","Limit Break","Rupture","Sword Boomerang","Offering","Rupture","Spot Weakness","Limit Break","Sword Boomerang","Double Tap","Shrug It Off","J.A.X.","Rage+1","Injury","Sword Boomerang","Feed"],"relics":["Burning Blood","Ice Cream","Orichalcum","Golden Idol","Vajra","Cursed Key","Self Forming Clay","Oddly Smooth Stone","Omamori","ClockworkSouvenir","Runic Cube"],"potions_floor_usage":[5,7,14,19,30,30,31,31],"damage_taken":[{"damage":6,"enemies":"Jaw Worm","floor":1,"turns":3},{"damage":4,"enemies":"Cultist","floor":2,"turns":4},{"damage":6,"enemies":"2 Louse","floor":4,"turns":2},{"damage":10,"enemies":"Looter","floor":5,"turns":3},{"damage":54,"enemies":"Lagavulin","floor":6,"turns":8},{"damage":13,"enemies":"3 Louse","floor":7,"turns":4},{"damage":17,"enemies":"Blue Slaver","floor":8,"turns":5},{"damage":20,"enemies":"Gremlin Nob","floor":14,"turns":3},{"damage":27,"enemies":"The Guardian","floor":16,"turns":8},{"damage":21,"enemies":"2 Thieves","floor":18,"turns":4},{"damage":36,"enemies":"Colosseum Slavers","floor":19,"turns":4},{"damage":11,"enemies":"Shell Parasite","floor":20,"turns":3},{"damage":21,"enemies":"Snake Plant","floor":24,"turns":4},{"damage":24,"enemies":"Book of Stabbing","floor":27,"turns":4},{"damage":18,"enemies":"3 Cultists","floor":28,"turns":5},{"damage":17,"enemies":"Chosen and Byrds","floor":30,"turns":6},{"damage":14,"enemies":"Centurion and Healer","floor":31,"turns":5},{"damage":35,"enemies":"Champ","floor":33,"turns":7},{"damage":6,"enemies":"3 Shapes","floor":35,"turns":2}],"seed_played":"5623856899333191207","potions_obtained":[{"floor":1,"key":"Ancient Potion"},{"floor":3,"key":"LiquidBronze"},{"floor":3,"key":"Poison Potion"},{"floor":8,"key":"PowerPotion"},{"floor":20,"key":"SpeedPotion"},{"floor":24,"key":"SteroidPotion"},{"floor":28,"key":"GamblersBrew"},{"floor":30,"key":"Regen Potion"},{"floor":33,"key":"Poison Potion"}],"is_trial":false,"path_per_floor":["M","M","?","M","M","E","M","M","T","$","?","R","$","E","R","B",null,"M","?","M","?","T","R","M","R","T","E","M","$","M","M","R","B",null,"M"],"character_chosen":"IRONCLAD","items_purchased":["Limit Break","ClockworkSouvenir"],"campfire_rested":5,"item_purchase_floors":[10,29],"current_hp_per_floor":[80,80,80,80,76,28,21,10,10,10,10,32,32,18,40,19,74,59,29,24,24,24,46,31,53,53,35,23,23,12,18,40,11,74,71],"gold":212,"neow_bonus":"THREE_RARE_CARDS","is_prod":false,"is_daily":false,"chose_seed":false,"campfire_upgraded":0,"win_rate":0,"timestamp":1557858686,"path_taken":["M","M","?","?","M","E","M","M","T","?","?","R","$","E","R","BOSS","M","?","M","?","?","R","M","R","T","E","M","$","M","M","R","BOSS","M"],"build_version":"2019-01-23","purchased_purges":1,"victory":false,"max_hp_per_floor":[80,80,80,80,80,80,80,80,80,80,74,74,74,74,74,74,74,74,74,74,74,74,74,74,74,74,74,74,74,74,74,74,74,74,77],"card_choices":[{"not_picked":["Berserk","Immolate"],"picked":"Limit Break","floor":0},{"not_picked":["Perfected Strike","Fire Breathing","Headbutt"],"picked":"SKIP","floor":1},{"not_picked":["Perfected Strike","Body Slam"],"picked":"Rupture","floor":2},{"not_picked":["Headbutt","Iron Wave","Havoc"],"picked":"SKIP","floor":4},{"not_picked":["Corruption","Disarm"],"picked":"Sword Boomerang","floor":5},{"not_picked":["Reckless Charge","Shockwave"],"picked":"Offering","floor":6},{"not_picked":["Headbutt","Warcry"],"picked":"Rupture","floor":7},{"not_picked":["Thunderclap","Entrench"],"picked":"Spot Weakness","floor":8},{"not_picked":["Seeing Red","Flex"],"picked":"Sword Boomerang","floor":14},{"not_picked":["Berserk","Exhume"],"picked":"Double Tap","floor":16},{"not_picked":["Iron Wave+1","Battle Trance"],"picked":"Shrug It Off","floor":18},{"not_picked":["Sword Boomerang","Thunderclap","Havoc"],"picked":"SKIP","floor":20},{"not_picked":["Clothesline+1","Second Wind"],"picked":"Rage+1","floor":24},{"not_picked":["Armaments","Exhume","Body Slam"],"picked":"SKIP","floor":27},{"not_picked":["Havoc","Thunderclap"],"picked":"Sword Boomerang","floor":28},{"not_picked":["Inflame","Headbutt","Sever Soul+1"],"picked":"SKIP","floor":30},{"not_picked":["Anger","Wild Strike","Fire Breathing"],"picked":"SKIP","floor":31},{"not_picked":["Dark Embrace","Immolate"],"picked":"Feed","floor":33}],"player_experience":705814,"relics_obtained":[{"floor":6,"key":"Ice Cream"},{"floor":9,"key":"Orichalcum"},{"floor":14,"key":"Vajra"},{"floor":22,"key":"Self Forming Clay"},{"floor":26,"key":"Oddly Smooth Stone"},{"floor":27,"key":"Omamori"}],"event_choices":[{"damage_healed":0,"gold_gain":0,"player_choice":"Got Potions","damage_taken":0,"max_hp_gain":0,"max_hp_loss":0,"event_name":"Lab","floor":3,"gold_loss":0},{"damage_healed":0,"gold_gain":0,"player_choice":"Lose Max HP","damage_taken":0,"relics_obtained":["Golden Idol"],"max_hp_gain":0,"max_hp_loss":6,"event_name":"Golden Idol","floor":11,"gold_loss":0},{"damage_healed":0,"gold_gain":0,"player_choice":"Fight","damage_taken":0,"max_hp_gain":0,"max_hp_loss":0,"event_name":"Colosseum","floor":19,"gold_loss":0},{"damage_healed":0,"gold_gain":0,"player_choice":"Fled From Nobs","damage_taken":0,"max_hp_gain":0,"max_hp_loss":0,"event_name":"Colosseum","floor":19,"gold_loss":0},{"damage_healed":0,"gold_gain":0,"player_choice":"Obtain J.A.X.","damage_taken":0,"max_hp_gain":0,"max_hp_loss":0,"event_name":"Drug Dealer","floor":21,"gold_loss":0,"cards_obtained":["J.A.X."]}],"is_beta":false,"boss_relics":[{"not_picked":["Runic Pyramid","Empty Cage"],"picked":"Cursed Key"},{"not_picked":["Pandora\u0027s Box","Runic Dome"],"picked":"Runic Cube"}],"items_purged_floors":[29],"is_endless":false,"potions_floor_spawned":[1,4,8,20,24,28,30,33],"killed_by":"3 Shapes","ascension_level":0}