{"gold_per_floor":[116,134,147,166,166,195,211,240,263,289,136,136,136,151,151,254,254,265,280,294,294,320,320,338,338,385,385,399,419,437,44,44,147,147,157,157,171,171,181,181,109,109,134,134,145,159,175,193,193,193,193,193,43,71,71],"floor_reached":55,"playtime":4032,"items_purged":["Strike_G","Parasite"],"score":670,"play_id":"7e8869db-2c7d-4cdf-b362-54f2e3fe45f3","local_time":"20190613002455","is_ascension_mode":false,"campfire_choices":[{"floor":12,"key":"REST"},{"data":"After Image","floor":15,"key":"SMITH"},{"floor":23,"key":"REST"},{"data":"Storm of Steel","floor":25,"key":"SMITH"},{"data":"Defend_G","floor":27,"key":"SMITH"},{"data":"Defend_G","floor":32,"key":"SMITH"},{"data":"Adrenaline","floor":40,"key":"SMITH"},{"data":"Glass Knife","floor":42,"key":"SMITH"},{"data":"Blade Dance","floor":44,"key":"SMITH"},{"floor":49,"key":"RECALL"},{"data":"Defend_G","floor":52,"key":"SMITH"}],"neow_cost":"NONE","seed_source_timestamp":431444397355619,"circlet_count":0,"master_deck":["Defend_G","Defend_G+1","Defend_G+1","Defend_G+1","Strike_G","Strike_G","Strike_G","Survivor","Neutralize","Sucker Punch","Poisoned Stab","Adrenaline+1","PiercingWail","Masterful Stab","Quick Slash","Infinite Blades","Blade Dance+1","After Image+1","Storm of Steel+1","Bane","Blade Dance+1","Glass Knife+1","Backstab+1","Caltrops","Masterful Stab+1","Bane+1"],"relics":["Ring of the Snake","Snake Skull","Pear","Kunai","Regal Pillow","Busted Crown","MutagenicStrength","Red Mask","Anchor","Mercury Hourglass","Runic Pyramid","Vajra","Strawberry"],"potions_floor_usage":[4,6,6,6,8,10,16,22,28,33,33,50,50,54,55,55],"damage_taken":[{"damage":1,"enemies":"Jaw Worm","floor":1,"turns":5},{"damage":1,"enemies":"Cultist","floor":2,"turns":4},{"damage":0,"enemies":"2 Louse","floor":3,"turns":3},{"damage":2,"enemies":"Looter","floor":4,"turns":3},{"damage":11,"enemies":"Gremlin Nob","floor":6,"turns":4},{"damage":2,"enemies":"2 Fungi Beasts","floor":7,"turns":3},{"damage":51,"enemies":"Lagavulin","floor":8,"turns":9},{"damage":9,"enemies":"3 Sentries","floor":10,"turns":7},{"damage":0,"enemies":"Lots of Slimes","floor":14,"turns":3},{"damage":10,"enemies":"The Guardian","floor":16,"turns":11},{"damage":10,"enemies":"Spheric Guardian","floor":18,"turns":4},{"damage":13,"enemies":"2 Thieves","floor":19,"turns":5},{"damage":20,"enemies":"Sentry and Sphere","floor":20,"turns":8},{"damage":8,"enemies":"Masked Bandits","floor":22,"turns":4},{"damage":0,"enemies":"3 Cultists","floor":24,"turns":6},{"damage":3,"enemies":"Shelled Parasite and Fungi","floor":28,"turns":6},{"damage":10,"enemies":"Cultist and Chosen","floor":29,"turns":5},{"damage":6,"enemies":"Centurion and Healer","floor":30,"turns":5},{"damage":69,"enemies":"Automaton","floor":33,"turns":13},{"damage":0,"enemies":"Orb Walker","floor":35,"turns":3},{"damage":0,"enemies":"3 Darklings","floor":37,"turns":6},{"damage":5,"enemies":"Writhing Mass","floor":39,"turns":6},{"damage":0,"enemies":"Spire Growth","floor":45,"turns":3},{"damage":0,"enemies":"Jaw Worm Horde","floor":46,"turns":3},{"damage":5,"enemies":"Maw","floor":47,"turns":7},{"damage":2,"enemies":"4 Shapes","floor":48,"turns":3},{"damage":55,"enemies":"Donu and Deca","floor":50,"turns":14},{"damage":53,"enemies":"Shield and Spear","floor":54,"turns":12},{"damage":36,"enemies":"The Heart","floor":55,"turns":3}],"seed_played":"1026510837020341301","potions_obtained":[{"floor":3,"key":"EntropicBrew"},{"floor":7,"key":"Fruit Juice"},{"floor":8,"key":"GamblersBrew"},{"floor":14,"key":"FearPotion"},{"floor":18,"key":"Poison Potion"},{"floor":24,"key":"AttackPotion"},{"floor":30,"key":"Dexterity Potion"},{"floor":33,"key":"Weak Potion"},{"floor":37,"key":"Dexterity Potion"},{"floor":46,"key":"Swift Potion"},{"floor":54,"key":"SkillPotion"}],"is_trial":false,"path_per_floor":["M","M","M","M","?","E","M","E","T","E","$","R","?","M","R","B",null,"M","M","M","?","?","R","M","R","T","R","M","M","M","$","R","B",null,"M","?","M","?","M","R","$","R","T","R","M","M","M","M","R","B",null,"R","$","E","B"],"character_chosen":"THE_SILENT","items_purchased":["Infinite Blades","Mercury Hourglass","Ancient Potion","Regen Potion","Caltrops","SpeedPotion"],"campfire_rested":2,"item_purchase_floors":[11,31,31,31,41,53],"current_hp_per_floor":[69,68,68,66,66,65,63,17,17,8,8,48,48,48,48,38,85,75,62,42,42,34,74,74,74,74,74,71,61,55,55,55,1,85,85,85,85,85,80,80,80,80,80,80,80,80,75,73,73,18,85,85,82,36,0],"gold":71,"neow_bonus":"RANDOM_COMMON_RELIC","is_prod":false,"is_daily":false,"chose_seed":false,"campfire_upgraded":8,"win_rate":0,"timestamp":1560410695,"path_taken":["M","M","M","M","?","E","M","E","T","E","?","R","?","M","R","BOSS","M","?","M","?","?","R","M","R","T","R","M","M","M","$","R","BOSS","M","?","M","?","M","R","$","R","T","R","M","M","M","M","R","BOSS","R","$","E","BOSS"],"build_version":"2019-01-23","purchased_purges":2,"victory":false,"max_hp_per_floor":[70,70,70,70,70,80,80,85,85,85,85,85,85,85,85,85,85,85,85,85,85,85,85,85,85,85,85,85,85,85,85,85,85,85,85,85,85,85,85,85,85,85,85,85,85,85,85,85,85,85,85,85,82,89,89],"card_choices":[{"not_picked":["Underhanded Strike","Dodge and Roll"],"picked":"Sucker Punch","floor":1},{"not_picked":["Calculated Gamble","Backflip"],"picked":"Poisoned Stab","floor":2},{"not_picked":["Prepared","Setup","Deflect"],"picked":"SKIP","floor":3},{"not_picked":["Dodge and Roll","Concentrate"],"picked":"Adrenaline","floor":4},{"not_picked":["Eviscerate","Deflect"],"picked":"PiercingWail","floor":6},{"not_picked":["Poisoned Stab","Predator"],"picked":"Masterful Stab","floor":7},{"not_picked":["Eviscerate","Setup"],"picked":"Flechettes","floor":8},{"not_picked":["Leg Sweep","Bouncing Flask"],"picked":"Quick Slash","floor":10},{"not_picked":["Deadly Poison","Predator"],"picked":"After Image","floor":14},{"not_picked":["Malaise","Bullet Time"],"picked":"Storm of Steel","floor":16},{"not_picked":[],"picked":"Bane","floor":18},{"not_picked":["Dagger Throw+1"],"picked":"SKIP","floor":19},{"not_picked":["Prepared"],"picked":"SKIP","floor":20},{"not_picked":[],"picked":"Blade Dance+1","floor":24},{"not_picked":["Bouncing Flask"],"picked":"SKIP","floor":28},{"not_picked":["Flechettes"],"picked":"SKIP","floor":29},{"not_picked":["Eviscerate"],"picked":"SKIP","floor":30},{"not_picked":[],"picked":"Glass Knife","floor":33},{"not_picked":[],"picked":"Backstab+1","floor":35},{"not_picked":["Blade Dance"],"picked":"SKIP","floor":37},{"not_picked":["Slice"],"picked":"SKIP","floor":39},{"not_picked":["Choke"],"picked":"SKIP","floor":45},{"not_picked":["Crippling Poison"],"picked":"SKIP","floor":46},{"not_picked":["Dagger Spray"],"picked":"SKIP","floor":47},{"not_picked":[],"picked":"Masterful Stab+1","floor":48},{"not_picked":[],"picked":"Bane+1","floor":54}],"player_experience":362394,"relics_obtained":[{"floor":6,"key":"Pear"},{"floor":8,"key":"Kunai"},{"floor":10,"key":"Regal Pillow"},{"floor":22,"key":"Red Mask"},{"floor":26,"key":"Anchor"},{"floor":43,"key":"Vajra"},{"floor":54,"key":"Strawberry"}],"event_choices":[{"cards_removed":["Strike_G"],"damage_healed":0,"gold_gain":0,"player_choice":"Purged","damage_taken":0,"max_hp_gain":0,"max_hp_loss":0,"event_name":"Purifier","floor":5,"gold_loss":0},{"damage_healed":0,"gold_gain":0,"cards_transformed":["Defend_G"],"player_choice":"Transformed","damage_taken":0,"max_hp_gain":0,"max_hp_loss":0,"event_name":"Transmorgrifier","floor":13,"gold_loss":0,"cards_obtained":["Blade Dance"]},{"damage_healed":0,"gold_gain":0,"player_choice":"Inject Mutagens","damage_taken":0,"relics_obtained":["MutagenicStrength"],"max_hp_gain":0,"max_hp_loss":0,"event_name":"Drug Dealer","floor":21,"gold_loss":0},{"damage_healed":0,"gold_gain":0,"player_choice":"Fought Bandits","damage_taken":0,"max_hp_gain":0,"max_hp_loss":0,"event_name":"Masked Bandits","floor":22,"gold_loss":0},{"cards_removed":["Flechettes"],"damage_healed":0,"gold_gain":0,"player_choice":"Removed Attack","damage_taken":0,"max_hp_gain":0,"max_hp_loss":0,"event_name":"Falling","floor":36,"gold_loss":0},{"damage_healed":0,"gold_gain":0,"player_choice":"Ignored","damage_taken":0,"max_hp_gain":0,"max_hp_loss":0,"event_name":"SecretPortal","floor":38,"gold_loss":0}],"is_beta":false,"boss_relics":[{"not_picked":["Sozu","Runic Dome"],"picked":"Busted Crown"},{"not_picked":["White Beast Statue","Coffee Dripper"],"picked":"Runic Pyramid"}],"items_purged_floors":[11,53],"is_endless":false,"potions_floor_spawned":[3,4,7,8,14,18,24,30,33,37,39,46,54],"killed_by":"The Heart","ascension_level":0}