{"gold_per_floor":[117,137,110,127,146,171,182,195,195,195,195,220,220,244,244,374,374,357,375,399,419,443,476,476,496,496,514,199,232,250,275,275,399,399,414,414,267,291,305,305,305,305,328,346,361,382,400,425,425,425],"floor_reached":50,"playtime":4174,"items_purged":["Strike_R","Strike_R"],"score":533,"play_id":"b0fd48cb-a3b8-47bc-9bf1-a423c4fec050","local_time":"20190506210023","is_ascension_mode":false,"campfire_choices":[{"data":"Corruption","floor":10,"key":"SMITH"},{"data":"Havoc","floor":15,"key":"SMITH"},{"data":"Double Tap","floor":24,"key":"SMITH"},{"floor":32,"key":"REST"},{"floor":40,"key":"REST"},{"data":"Warcry","floor":42,"key":"SMITH"},{"floor":49,"key":"REST"}],"neow_cost":"NONE","seed_source_timestamp":729620307541999,"circlet_count":0,"master_deck":["Strike_R","Strike_R","Strike_R","Defend_R","Defend_R","Defend_R","Bash","Cleave","Pommel Strike","Perfected Strike","Feel No Pain","Power Through","Carnage","Corruption+1","Shockwave","Havoc+1","Double Tap+1","Flex","Ghostly Armor","Carnage+1","Armaments","Armaments","Spot Weakness","Cleave","Burning Pact+1","Sentinel+1","Thinking Ahead","Pommel Strike","True Grit","Juggernaut","Warcry+1","Madness","Madness","Pommel Strike","Ghostly Armor","Perfected Strike+1","Iron Wave","Searing Blow+1","Double Tap","Metallicize"],"relics":["Burning Blood","Meat on the Bone","Du-Vu Doll","Matryoshka","Golden Idol","Mark of Pain","Mercury Hourglass","Blood Vial","Sundial","Mummified Hand","Philosopher\u0027s Stone","Bottled Flame","Centennial Puzzle"],"potions_floor_usage":[6,14,16,18,21,22,22,22,25,31,38,48,50],"damage_taken":[{"damage":9,"enemies":"Small Slimes","floor":1,"turns":5},{"damage":7,"enemies":"2 Louse","floor":2,"turns":3},{"damage":1,"enemies":"Cultist","floor":4,"turns":3},{"damage":9,"enemies":"Gremlin Gang","floor":5,"turns":3},{"damage":30,"enemies":"3 Sentries","floor":6,"turns":7},{"damage":0,"enemies":"Large Slime","floor":7,"turns":5},{"damage":5,"enemies":"Exordium Thugs","floor":8,"turns":4},{"damage":10,"enemies":"Gremlin Nob","floor":12,"turns":4},{"damage":0,"enemies":"Looter","floor":14,"turns":2},{"damage":23,"enemies":"Slime Boss","floor":16,"turns":9},{"damage":25,"enemies":"2 Thieves","floor":18,"turns":4},{"damage":0,"enemies":"Chosen","floor":19,"turns":4},{"damage":23,"enemies":"Snake Plant","floor":20,"turns":4},{"damage":7,"enemies":"Cultist and Chosen","floor":21,"turns":4},{"damage":11,"enemies":"Snecko","floor":22,"turns":5},{"damage":8,"enemies":"Gremlin Leader","floor":23,"turns":5},{"damage":3,"enemies":"Snake Plant","floor":25,"turns":2},{"damage":2,"enemies":"Chosen and Byrds","floor":27,"turns":6},{"damage":50,"enemies":"Book of Stabbing","floor":29,"turns":5},{"damage":15,"enemies":"Snecko","floor":30,"turns":5},{"damage":15,"enemies":"Snake Plant","floor":31,"turns":3},{"damage":66,"enemies":"Champ","floor":33,"turns":11},{"damage":16,"enemies":"Orb Walker","floor":35,"turns":2},{"damage":18,"enemies":"3 Shapes","floor":38,"turns":3},{"damage":0,"enemies":"Transient","floor":39,"turns":5},{"damage":65,"enemies":"Maw","floor":44,"turns":8},{"damage":10,"enemies":"4 Shapes","floor":45,"turns":3},{"damage":6,"enemies":"Transient","floor":46,"turns":5},{"damage":16,"enemies":"Jaw Worm Horde","floor":47,"turns":5},{"damage":51,"enemies":"Maw","floor":48,"turns":7},{"damage":63,"enemies":"Awakened One","floor":50,"turns":7}],"seed_played":"-4003627718268574012","potions_obtained":[{"floor":1,"key":"FearPotion"},{"floor":12,"key":"Energy Potion"},{"floor":14,"key":"FearPotion"},{"floor":16,"key":"Fruit Juice"},{"floor":19,"key":"BloodPotion"},{"floor":20,"key":"EntropicBrew"},{"floor":23,"key":"Block Potion"},{"floor":30,"key":"Weak Potion"},{"floor":35,"key":"SteroidPotion"},{"floor":45,"key":"LiquidBronze"},{"floor":46,"key":"FairyPotion"},{"floor":48,"key":"LiquidBronze"}],"is_trial":false,"path_per_floor":["M","M","?","M","M","E","M","M","T","R","?","E","?","M","R","B",null,"M","M","M","M","M","E","R","M","T","M","$","E","M","M","R","B",null,"M","?","$","M","M","R","?","R","T","M","M","M","M","M","R","B"],"character_chosen":"IRONCLAD","items_purchased":["Sentinel","Thinking Ahead","Pommel Strike"],"campfire_rested":3,"item_purchase_floors":[28,28,37],"current_hp_per_floor":[85,84,84,88,85,61,67,68,68,68,68,64,64,70,70,53,81,67,73,56,55,58,56,56,59,59,65,65,35,40,45,70,24,86,76,65,65,55,63,86,86,86,86,39,49,51,55,24,49,0],"gold":425,"neow_bonus":"TEN_PERCENT_HP_BONUS","is_prod":false,"is_daily":false,"chose_seed":false,"campfire_upgraded":4,"win_rate":0,"timestamp":1557201623,"path_taken":["M","M","?","M","M","E","M","M","T","R","?","E","?","M","R","BOSS","M","M","M","M","M","E","R","M","T","M","$","E","M","M","R","BOSS","M","?","$","M","M","R","?","R","T","M","?","M","M","M","R","BOSS"],"build_version":"2019-01-23","purchased_purges":2,"victory":false,"max_hp_per_floor":[88,88,88,88,88,88,88,88,88,88,88,88,81,81,81,81,81,86,86,86,86,86,86,86,86,86,86,86,86,86,86,86,86,86,86,86,86,86,86,86,86,86,86,86,86,86,86,86,86,86],"card_choices":[{"not_picked":["Corruption","Wild Strike"],"picked":"Cleave","floor":1},{"not_picked":["Sword Boomerang","Havoc"],"picked":"Pommel Strike","floor":2},{"not_picked":["Heavy Blade","Clothesline"],"picked":"Perfected Strike","floor":4},{"not_picked":["Berserk","Hemokinesis"],"picked":"Feel No Pain","floor":5},{"not_picked":["Iron Wave","Fire Breathing"],"picked":"Power Through","floor":6},{"not_picked":["Twin Strike","Entrench"],"picked":"Carnage","floor":7},{"not_picked":["Wild Strike","Body Slam"],"picked":"Corruption","floor":8},{"not_picked":["Sword Boomerang","Demon Form","Wild Strike"],"picked":"SKIP","floor":12},{"not_picked":["Sword Boomerang","Clothesline"],"picked":"Havoc","floor":14},{"not_picked":["Limit Break","Fiend Fire"],"picked":"Double Tap","floor":16},{"not_picked":["Blood for Blood","Body Slam"],"picked":"Flex","floor":18},{"not_picked":["Perfected Strike","Anger"],"picked":"Ghostly Armor","floor":19},{"not_picked":["Headbutt","Shrug It Off"],"picked":"Carnage+1","floor":20},{"not_picked":["Demon Form","Carnage+1"],"picked":"Armaments","floor":21},{"not_picked":["Perfected Strike","Shrug It Off"],"picked":"Armaments","floor":22},{"not_picked":["Disarm","Thunderclap+1"],"picked":"Spot Weakness","floor":23},{"not_picked":["Heavy Blade+1","Anger+1"],"picked":"Cleave","floor":25},{"not_picked":["Fire Breathing","Infernal Blade"],"picked":"Burning Pact+1","floor":27},{"not_picked":["Brutality","Flex"],"picked":"Pommel Strike","floor":29},{"not_picked":["Uppercut","Heavy Blade+1"],"picked":"True Grit","floor":30},{"not_picked":["Anger","Twin Strike+1","Fire Breathing"],"picked":"SKIP","floor":31},{"not_picked":["Fiend Fire","Reaper"],"picked":"Juggernaut","floor":33},{"not_picked":["Flex","Blood for Blood"],"picked":"Warcry","floor":35},{"not_picked":["Iron Wave+1","Thunderclap+1"],"picked":"Ghostly Armor","floor":38},{"not_picked":["Uppercut+1","Clash+1","Heavy Blade+1"],"picked":"SKIP","floor":39},{"not_picked":["Wild Strike","Iron Wave"],"picked":"Perfected Strike+1","floor":44},{"not_picked":["Anger","Twin Strike"],"picked":"Iron Wave","floor":45},{"not_picked":["Anger","Wild Strike"],"picked":"Searing Blow+1","floor":46},{"not_picked":["Thunderclap+1","Bloodletting+1"],"picked":"Double Tap","floor":47},{"not_picked":["Heavy Blade","Feel No Pain+1"],"picked":"Metallicize","floor":48}],"player_experience":119517,"relics_obtained":[{"floor":6,"key":"Meat on the Bone"},{"floor":9,"key":"Du-Vu Doll"},{"floor":12,"key":"Matryoshka"},{"floor":23,"key":"Mercury Hourglass"},{"floor":26,"key":"Blood Vial"},{"floor":26,"key":"Sundial"},{"floor":29,"key":"Mummified Hand"},{"floor":43,"key":"Bottled Flame"},{"floor":43,"key":"Centennial Puzzle"}],"event_choices":[{"damage_healed":0,"gold_gain":0,"player_choice":"Left Gold","damage_taken":0,"max_hp_gain":0,"max_hp_loss":0,"event_name":"World of Goop","floor":3,"gold_loss":27},{"damage_healed":0,"gold_gain":0,"cards_transformed":["Defend_R"],"player_choice":"Change","damage_taken":0,"max_hp_gain":0,"max_hp_loss":0,"event_name":"Living Wall","floor":11,"gold_loss":0,"cards_obtained":["Shockwave"]},{"damage_healed":0,"gold_gain":0,"player_choice":"Lose Max HP","damage_taken":0,"relics_obtained":["Golden Idol"],"max_hp_gain":0,"max_hp_loss":7,"event_name":"Golden Idol","floor":13,"gold_loss":0},{"damage_healed":0,"gold_gain":0,"player_choice":"Embrace Madness","damage_taken":11,"max_hp_gain":0,"max_hp_loss":0,"event_name":"Winding Halls","floor":36,"gold_loss":0,"cards_obtained":["Madness","Madness"]},{"damage_healed":0,"gold_gain":0,"player_choice":"Upgraded","damage_taken":0,"max_hp_gain":0,"max_hp_loss":0,"event_name":"Upgrade Shrine","floor":41,"gold_loss":0,"cards_upgraded":["Sentinel"]}],"is_beta":false,"boss_relics":[{"not_picked":["Runic Cube","Calling Bell"],"picked":"Mark of Pain"},{"not_picked":["Cursed Key","Black Star"],"picked":"Philosopher\u0027s Stone"}],"items_purged_floors":[28,37],"is_endless":false,"potions_floor_spawned":[1,12,14,16,19,20,23,30,35,45,46,48],"killed_by":"Awakened One","ascension_level":0}