{"gold_per_floor":[215,10,20,37,37,63,92,124,136,148,160,184,160,191,203,215],"floor_reached":16,"playtime":843,"items_purged":[],"score":211,"play_id":"5916fa8e-f87f-4d56-929f-3c5029ecf937","local_time":"20190607193243","is_ascension_mode":true,"campfire_choices":[{"floor":11,"key":"REST"},{"floor":15,"key":"REST"}],"neow_cost":"NONE","seed_source_timestamp":533173609073142,"circlet_count":0,"master_deck":["AscendersBane","Defend_G","Defend_G","Defend_G","Defend_G","Defend_G","Strike_G","Strike_G","Strike_G","Strike_G","Strike_G","Survivor","Neutralize","Poisoned Stab","Apotheosis","Backflip","Escape Plan","Cloak And Dagger","Calculated Gamble","Underhanded Strike","Well Laid Plans","All Out Attack"],"relics":["Ring of the Snake","MawBank","Letter Opener"],"potions_floor_usage":[8,10,16],"damage_taken":[{"damage":1,"enemies":"Small Slimes","floor":1,"turns":5},{"damage":6,"enemies":"2 Louse","floor":3,"turns":4},{"damage":5,"enemies":"Jaw Worm","floor":4,"turns":4},{"damage":20,"enemies":"Lagavulin","floor":6,"turns":9},{"damage":12,"enemies":"Exordium Thugs","floor":7,"turns":6},{"damage":19,"enemies":"Lots of Slimes","floor":8,"turns":6},{"damage":0,"enemies":"Gremlin Nob","floor":10,"turns":1},{"damage":0,"enemies":"Large Slime","floor":12,"turns":5},{"damage":6,"enemies":"Looter","floor":14,"turns":4},{"damage":54,"enemies":"Slime Boss","floor":16,"turns":9}],"seed_played":"7325551526373630507","potions_obtained":[{"floor":6,"key":"Ancient Potion"},{"floor":8,"key":"SmokeBomb"},{"floor":12,"key":"PowerPotion"}],"is_trial":false,"path_per_floor":["M","$","M","M","?","E","M","M","T","E","R","M","?","M","R","B"],"character_chosen":"THE_SILENT","items_purchased":["Apotheosis"],"campfire_rested":2,"item_purchase_floors":[2],"current_hp_per_floor":[58,58,52,47,66,46,34,15,15,15,34,34,34,28,47,0],"gold":215,"neow_bonus":"HUNDRED_GOLD","is_prod":false,"is_daily":false,"chose_seed":false,"campfire_upgraded":0,"win_rate":0,"timestamp":1559961163,"path_taken":["M","$","M","M","?","E","M","M","T","E","R","M","?","M","R","BOSS"],"build_version":"2019-01-23","purchased_purges":0,"victory":false,"max_hp_per_floor":[66,66,66,66,66,66,66,66,66,66,66,66,66,66,66,66],"card_choices":[{"not_picked":["Slice","PiercingWail"],"picked":"Poisoned Stab","floor":1},{"not_picked":["Underhanded Strike","Outmaneuver"],"picked":"Backflip","floor":3},{"not_picked":["Deflect","Outmaneuver"],"picked":"Escape Plan","floor":4},{"not_picked":["Unload","Slice"],"picked":"Cloak And Dagger","floor":6},{"not_picked":["Dagger Throw","Distraction"],"picked":"Calculated Gamble","floor":7},{"not_picked":["Outmaneuver","Endless Agony"],"picked":"Underhanded Strike","floor":8},{"not_picked":["Eviscerate","Setup"],"picked":"Well Laid Plans","floor":12},{"not_picked":["Terror","Blur"],"picked":"All Out Attack","floor":14}],"player_experience":965350,"relics_obtained":[{"floor":6,"key":"MawBank"},{"floor":9,"key":"Letter Opener"}],"event_choices":[{"damage_healed":22,"gold_gain":0,"player_choice":"Banana","damage_taken":0,"max_hp_gain":0,"max_hp_loss":0,"event_name":"Big Fish","floor":5,"gold_loss":0},{"damage_healed":0,"gold_gain":0,"player_choice":"Left Gold","damage_taken":0,"max_hp_gain":0,"max_hp_loss":0,"event_name":"World of Goop","floor":13,"gold_loss":36}],"is_beta":false,"boss_relics":[],"items_purged_floors":[],"is_endless":false,"potions_floor_spawned":[6,8,10,12],"killed_by":"Slime Boss","ascension_level":17}