{"gold_per_floor":[115,132,132,58,208,208,241,260,286,286,286,301,301,319,319,395,395,410,139,172,172,145,145,164,164,164,164,164,164,13,29,29,29],"floor_reached":33,"playtime":820,"items_purged":["Doubt"],"score":548,"play_id":"d44c52fb-85a7-4530-b97b-60a071f3f56a","local_time":"20190624230022","is_ascension_mode":true,"campfire_choices":[{"data":"Bludgeon","floor":6,"key":"SMITH"},{"data":"Flame Barrier","floor":11,"key":"SMITH"},{"data":"Sever Soul","floor":13,"key":"SMITH"},{"data":"Disarm","floor":15,"key":"SMITH"},{"floor":23,"key":"REST"},{"floor":25,"key":"REST"},{"floor":29,"key":"REST"},{"floor":32,"key":"REST"}],"neow_cost":"NONE","seed_source_timestamp":1036928664649746,"circlet_count":0,"master_deck":["AscendersBane","Defend_R","Defend_R","Defend_R","Defend_R","Bash","Cleave","Anger","Bludgeon+1","Flame Barrier+1","Sever Soul+1","Disarm+1","Feed","Apotheosis+1","Bite","Bite","Bite","Bite","Bite","Limit Break","Flex"],"relics":["Burning Blood","NeowsBlessing","Darkstone Periapt","Pantograph","Orichalcum","Empty Cage","Red Mask","Unceasing Top","Kunai"],"potions_floor_usage":[14,16,20,20,33],"damage_taken":[{"damage":0,"enemies":"Cultist","floor":1,"turns":1},{"damage":0,"enemies":"Small Slimes","floor":2,"turns":2},{"damage":0,"enemies":"Gremlin Nob","floor":7,"turns":1},{"damage":1,"enemies":"2 Louse","floor":8,"turns":3},{"damage":8,"enemies":"Blue Slaver","floor":12,"turns":4},{"damage":0,"enemies":"Gremlin Gang","floor":14,"turns":3},{"damage":29,"enemies":"The Guardian","floor":16,"turns":13},{"damage":30,"enemies":"Shell Parasite","floor":18,"turns":4},{"damage":41,"enemies":"Masked Bandits","floor":20,"turns":4},{"damage":17,"enemies":"2 Thieves","floor":22,"turns":4},{"damage":13,"enemies":"Snecko","floor":24,"turns":5},{"damage":42,"enemies":"Sentry and Sphere","floor":31,"turns":6},{"damage":64,"enemies":"Collector","floor":33,"turns":5}],"seed_played":"-7535806195165720743","potions_obtained":[{"floor":7,"key":"LiquidBronze"},{"floor":8,"key":"BloodPotion"},{"floor":10,"key":"Explosive Potion"},{"floor":10,"key":"AttackPotion"},{"floor":14,"key":"Regen Potion"},{"floor":18,"key":"Fire Potion"},{"floor":24,"key":"Poison Potion"}],"is_trial":false,"path_per_floor":["M","M","T","$","?","R","E","M","T","?","R","M","R","M","R","B",null,"M","$","?","T","M","R","M","R","T","?","?","R","$","M","R","B"],"character_chosen":"IRONCLAD","items_purchased":["Bludgeon","Apotheosis","Limit Break"],"campfire_rested":4,"item_purchase_floors":[4,19,30],"current_hp_per_floor":[74,75,75,75,81,81,81,81,81,81,81,79,79,81,81,58,75,51,51,25,25,14,38,31,55,55,55,55,56,56,37,53,0],"gold":29,"neow_bonus":"THREE_ENEMY_KILL","is_prod":false,"is_daily":false,"chose_seed":false,"campfire_upgraded":4,"win_rate":0,"timestamp":1561442422,"path_taken":["M","?","?","$","?","R","E","M","T","?","R","M","R","M","R","BOSS","M","?","?","?","?","R","M","R","T","?","?","R","$","M","R","BOSS"],"build_version":"2019-01-23","purchased_purges":1,"victory":false,"max_hp_per_floor":[75,75,75,75,81,81,81,81,81,81,81,81,81,81,81,81,81,81,81,81,81,81,81,81,81,81,56,56,56,56,56,56,56],"card_choices":[{"not_picked":["Armaments","Anger"],"picked":"Cleave","floor":1},{"not_picked":["Shrug It Off","Flex"],"picked":"Anger","floor":2},{"not_picked":["Rage","Carnage"],"picked":"Flame Barrier","floor":7},{"not_picked":["Thunderclap","Flex"],"picked":"Sever Soul","floor":8},{"not_picked":["Perfected Strike","Thunderclap","Warcry"],"picked":"SKIP","floor":12},{"not_picked":["Iron Wave","True Grit"],"picked":"Disarm","floor":14},{"not_picked":["Brutality","Berserk"],"picked":"Feed","floor":16},{"not_picked":["Havoc+1","Perfected Strike","Warcry"],"picked":"SKIP","floor":18},{"not_picked":["Clothesline+1","Pommel Strike+1","Uppercut"],"picked":"SKIP","floor":22},{"not_picked":["Twin Strike","Sword Boomerang+1","Reckless Charge"],"picked":"SKIP","floor":24},{"not_picked":["Heavy Blade","Shrug It Off"],"picked":"Flex","floor":31}],"player_experience":1072953,"relics_obtained":[{"floor":3,"key":"Darkstone Periapt"},{"floor":7,"key":"Pantograph"},{"floor":9,"key":"Orichalcum"},{"floor":20,"key":"Red Mask"},{"floor":21,"key":"Unceasing Top"},{"floor":26,"key":"Kunai"}],"event_choices":[{"damage_healed":0,"gold_gain":150,"player_choice":"AGREE","damage_taken":0,"max_hp_gain":0,"max_hp_loss":0,"event_name":"Liars Game","floor":5,"gold_loss":0,"cards_obtained":["Doubt"]},{"damage_healed":0,"gold_gain":0,"player_choice":"Got Potions","damage_taken":0,"max_hp_gain":0,"max_hp_loss":0,"event_name":"Lab","floor":10,"gold_loss":0},{"damage_healed":0,"gold_gain":0,"player_choice":"Fought Bandits","damage_taken":0,"max_hp_gain":0,"max_hp_loss":0,"event_name":"Masked Bandits","floor":20,"gold_loss":0},{"damage_healed":0,"gold_gain":0,"player_choice":"Became a vampire","damage_taken":0,"max_hp_gain":0,"max_hp_loss":25,"event_name":"Vampires","floor":27,"gold_loss":0,"cards_obtained":["Bite","Bite","Bite","Bite","Bite"]},{"damage_healed":0,"gold_gain":0,"player_choice":"Forge","damage_taken":0,"max_hp_gain":0,"max_hp_loss":0,"event_name":"Accursed Blacksmith","floor":28,"gold_loss":0,"cards_upgraded":["Apotheosis"]}],"is_beta":false,"boss_relics":[{"not_picked":["Runic Pyramid","Ectoplasm"],"picked":"Empty Cage"}],"items_purged_floors":[19],"is_endless":false,"potions_floor_spawned":[7,8,14,18,24],"killed_by":"Collector","ascension_level":19}