{"gold_per_floor":[111,111,39,49,64,64,75,107,158,175,175,175,190,202,202,306,306,321,246,264,264,280,280,280,280,280,151,165,165,178,278,278,382,382,396,67,67,81,99,99,111,111,161,161,174,184,200,211,211,211],"floor_reached":51,"playtime":2325,"items_purged":["Strike_R","Sever Soul"],"score":680,"play_id":"589736cd-f42c-4fb0-ad7e-671e3d397391","local_time":"20190508102249","is_ascension_mode":false,"campfire_choices":[{"data":"Hemokinesis","floor":6.0,"key":"SMITH"},{"data":"Flame Barrier","floor":15.0,"key":"SMITH"},{"data":"Bash","floor":23.0,"key":"SMITH"},{"data":"Limit Break","floor":25.0,"key":"SMITH"},{"data":"Inflame","floor":29.0,"key":"SMITH"},{"floor":32.0,"key":"REST"},{"data":"Panacea","floor":42.0,"key":"SMITH"},{"data":"Armaments","floor":44.0,"key":"SMITH"},{"data":"Heavy Blade","floor":49.0,"key":"SMITH"}],"neow_cost":"TEN_PERCENT_HP_LOSS","seed_source_timestamp":0,"circlet_count":0,"master_deck":["Bash+1","Hemokinesis+1","Rupture","Whirlwind","Rampage+1","Inflame+1","Flame Barrier+1","Impervious","Twin Strike","Limit Break+1","Twin Strike","Rupture","Reaper","Hemokinesis","Immolate","Uppercut","Armaments+1","Reaper","Uppercut","Panacea+1","Armaments+1","Heavy Blade+1","Sword Boomerang+1","Heavy Blade+1"],"special_seed":0,"relics":["Burning Blood","Torii","Ornamental Fan","Red Skull","Oddly Smooth Stone","Velvet Choker","CultistMask","Meat on the Bone","Nunchaku","Mummified Hand","Pandora\u0027s Box","Vajra","Blood Vial"],"potions_floor_usage":[],"damage_taken":[{"damage":7.0,"enemies":"Small Slimes","floor":1.0,"turns":4.0},{"damage":5.0,"enemies":"Jaw Worm","floor":4.0,"turns":3.0},{"damage":3.0,"enemies":"Cultist","floor":5.0,"turns":3.0},{"damage":4.0,"enemies":"Looter","floor":7.0,"turns":3.0},{"damage":21.0,"enemies":"3 Sentries","floor":8.0,"turns":5.0},{"damage":2.0,"enemies":"Large Slime","floor":10.0,"turns":4.0},{"damage":2.0,"enemies":"2 Fungi Beasts","floor":13.0,"turns":2.0},{"damage":3.0,"enemies":"Exordium Wildlife","floor":14.0,"turns":3.0},{"damage":8.0,"enemies":"Hexaghost","floor":16.0,"turns":8.0},{"damage":2.0,"enemies":"Chosen","floor":18.0,"turns":4.0},{"damage":2.0,"enemies":"3 Byrds","floor":20.0,"turns":3.0},{"damage":13.0,"enemies":"Centurion and Healer","floor":22.0,"turns":5.0},{"damage":21.0,"enemies":"Shelled Parasite and Fungi","floor":28.0,"turns":5.0},{"damage":11.0,"enemies":"Sentry and Sphere","floor":30.0,"turns":6.0},{"damage":12.0,"enemies":"Colosseum Slavers","floor":31.0,"turns":5.0},{"damage":25.0,"enemies":"Colosseum Nobs","floor":31.0,"turns":4.0},{"damage":52.0,"enemies":"Automaton","floor":33.0,"turns":9.0},{"damage":39.0,"enemies":"3 Darklings","floor":35.0,"turns":7.0},{"damage":2.0,"enemies":"Orb Walker","floor":38.0,"turns":2.0},{"damage":6.0,"enemies":"Spire Growth","floor":39.0,"turns":4.0},{"damage":20.0,"enemies":"Sphere and 2 Shapes","floor":41.0,"turns":4.0},{"damage":34.0,"enemies":"3 Darklings","floor":45.0,"turns":7.0},{"damage":24.0,"enemies":"Writhing Mass","floor":46.0,"turns":5.0},{"damage":2.0,"enemies":"Transient","floor":47.0,"turns":5.0},{"damage":15.0,"enemies":"Spire Growth","floor":48.0,"turns":4.0},{"damage":69.0,"enemies":"Awakened One","floor":50.0,"turns":6.0}],"seed_played":"3550712561488897166","potions_obtained":[{"floor":1.0,"key":"SteroidPotion"},{"floor":7.0,"key":"Poison Potion"},{"floor":10.0,"key":"Dexterity Potion"},{"floor":13.0,"key":"FearPotion"},{"floor":22.0,"key":"Swift Potion"},{"floor":38.0,"key":"SteroidPotion"},{"floor":39.0,"key":"SteroidPotion"},{"floor":46.0,"key":"EntropicBrew"}],"is_trial":false,"path_per_floor":["M","?","$","M","M","R","M","E","T","M","?","?","M","M","R","B",null,"M","?","M","?","M","R","?","R","T","$","M","R","M","?","R","B",null,"M","$","?","M","M","?","M","R","T","R","M","M","M","M","R","B",null],"character_chosen":"IRONCLAD","items_purchased":["Rupture","Twin Strike","Vajra","Panacea"],"campfire_rested":1,"item_purchase_floors":[3,27,36,36],"current_hp_per_floor":[71,57,57,58,61,61,63,48,48,52,52,49,53,56,56,54,72,72,72,72,72,65,65,65,65,65,65,50,50,45,44,65,31,72,72,72,72,72,72,68,54,54,54,54,68,68,68,59,59,41],"gold":211,"neow_bonus":"ONE_RARE_RELIC","is_prod":false,"is_daily":false,"chose_seed":false,"campfire_upgraded":8,"win_rate":0,"timestamp":1557325369,"path_taken":["M","?","$","M","M","R","M","E","T","M","?","?","?","M","R","BOSS","M","?","M","?","?","R","?","R","T","$","M","R","M","?","R","BOSS","M","$","?","M","M","?","M","R","T","R","M","M","M","M","R","BOSS"],"build_version":"2019-01-23","purchased_purges":2,"victory":true,"max_hp_per_floor":[72,72,72,72,72,72,72,72,72,72,72,72,72,72,72,72,72,72,72,72,72,72,72,72,72,72,72,72,72,72,72,72,72,72,72,72,72,72,72,68,68,68,68,68,68,68,68,68,68,68],"card_choices":[{"not_picked":["Shrug It Off","Rage"],"picked":"Hemokinesis","floor":1.0},{"not_picked":["Ghostly Armor","Warcry"],"picked":"Whirlwind","floor":4.0},{"not_picked":["Twin Strike","Thunderclap","Dropkick"],"picked":"SKIP","floor":5.0},{"not_picked":["Clash","Headbutt"],"picked":"Rampage","floor":7.0},{"not_picked":["Anger","Twin Strike"],"picked":"Inflame","floor":8.0},{"not_picked":["Body Slam","Evolve","Battle Trance"],"picked":"SKIP","floor":10.0},{"not_picked":["Fire Breathing","Iron Wave"],"picked":"Flame Barrier","floor":13.0},{"not_picked":["Berserk","Warcry","Havoc"],"picked":"SKIP","floor":14.0},{"not_picked":["Juggernaut","Exhume"],"picked":"Impervious","floor":16.0},{"not_picked":["Twin Strike","Anger","Rage"],"picked":"SKIP","floor":18.0},{"not_picked":["Anger","Rage"],"picked":"Twin Strike","floor":18.0},{"not_picked":["Intimidate","Dual Wield+1","Seeing Red"],"picked":"SKIP","floor":20.0},{"not_picked":["Flex","Perfected Strike","Anger+1"],"picked":"SKIP","floor":22.0},{"not_picked":["Clash","Thunderclap"],"picked":"Rupture","floor":28.0},{"not_picked":["Wild Strike+1","Clothesline","Seeing Red+1"],"picked":"SKIP","floor":30.0},{"not_picked":["Clothesline","True Grit+1"],"picked":"Armaments","floor":31.0},{"not_picked":["Brutality","Immolate"],"picked":"Reaper","floor":33.0},{"not_picked":["Thunderclap","Searing Blow+1","Entrench+1"],"picked":"SKIP","floor":35.0},{"not_picked":["True Grit","Heavy Blade"],"picked":"Armaments+1","floor":38.0},{"not_picked":["Offering","True Grit"],"picked":"Heavy Blade+1","floor":39.0},{"not_picked":["Body Slam","Havoc"],"picked":"Sword Boomerang+1","floor":41.0},{"not_picked":["Havoc","Rage","Wild Strike"],"picked":"SKIP","floor":45.0},{"not_picked":["Body Slam","Entrench","Pommel Strike"],"picked":"SKIP","floor":46.0},{"not_picked":["Reckless Charge","Blood for Blood+1"],"picked":"Heavy Blade","floor":47.0},{"not_picked":["Battle Trance","Body Slam+1","Evolve+1"],"picked":"SKIP","floor":48.0}],"player_experience":667796,"relics_obtained":[{"floor":8.0,"key":"Ornamental Fan"},{"floor":9.0,"key":"Red Skull"},{"floor":26.0,"key":"Meat on the Bone"},{"floor":31.0,"key":"Nunchaku"},{"floor":31.0,"key":"Mummified Hand"},{"floor":43.0,"key":"Blood Vial"}],"event_choices":[{"damage_healed":0.0,"max_hp_gain":0.0,"max_hp_loss":0.0,"gold_gain":0.0,"event_name":"Shining Light","player_choice":"Entered Light","floor":2.0,"gold_loss":0.0,"damage_taken":14.0,"cards_upgraded":["Defend_R","Strike_R"]},{"damage_healed":0.0,"max_hp_gain":0.0,"max_hp_loss":0.0,"gold_gain":0.0,"event_name":"Living Wall","player_choice":"Grow","floor":11.0,"gold_loss":0.0,"damage_taken":0.0,"cards_upgraded":["Rampage"]},{"damage_healed":0.0,"max_hp_gain":0.0,"max_hp_loss":0.0,"gold_gain":0.0,"event_name":"Scrap Ooze","player_choice":"Success","floor":12.0,"gold_loss":0.0,"damage_taken":3.0,"relics_obtained":["Oddly Smooth Stone"]},{"cards_removed":["Strike_R"],"damage_healed":0.0,"max_hp_gain":0.0,"max_hp_loss":0.0,"gold_gain":0.0,"event_name":"Beggar","player_choice":"Gave Gold","floor":19.0,"gold_loss":75.0,"damage_taken":0.0},{"damage_healed":0.0,"max_hp_gain":0.0,"max_hp_loss":0.0,"gold_gain":0.0,"event_name":"FaceTrader","player_choice":"Trade","floor":21.0,"gold_loss":0.0,"damage_taken":0.0,"relics_obtained":["CultistMask"]},{"damage_healed":0.0,"max_hp_gain":0.0,"max_hp_loss":0.0,"gold_gain":0.0,"event_name":"The Library","player_choice":"Read","floor":24.0,"gold_loss":0.0,"damage_taken":0.0,"cards_obtained":["Limit Break"]},{"damage_healed":0.0,"max_hp_gain":0.0,"max_hp_loss":0.0,"gold_gain":0.0,"event_name":"Colosseum","player_choice":"Fight","floor":31.0,"gold_loss":0.0,"damage_taken":0.0},{"damage_healed":0.0,"max_hp_gain":0.0,"max_hp_loss":0.0,"gold_gain":0.0,"event_name":"Colosseum","player_choice":"Fought Nobs","floor":31.0,"gold_loss":0.0,"damage_taken":0.0},{"cards_removed":["Armaments"],"damage_healed":0.0,"max_hp_gain":0.0,"max_hp_loss":0.0,"gold_gain":0.0,"event_name":"Falling","player_choice":"Removed Skill","floor":37.0,"gold_loss":0.0,"damage_taken":0.0},{"damage_healed":0.0,"max_hp_gain":0.0,"max_hp_loss":4.0,"gold_gain":0.0,"event_name":"Winding Halls","player_choice":"Max HP","floor":40.0,"gold_loss":0.0,"damage_taken":0.0}],"is_beta":false,"boss_relics":[{"not_picked":["Runic Dome","Mark of Pain"],"picked":"Velvet Choker"},{"not_picked":["Black Blood","Fusion Hammer"],"picked":"Pandora\u0027s Box"}],"items_purged_floors":[27,36],"is_endless":false,"potions_floor_spawned":[1,7,10,13,22,31,38,39,46],"ascension_level":0}