{"gold_per_floor":[17,34,34,34,34,64,64,98,174,174,190,190,190,47,47,47],"floor_reached":16,"playtime":803,"items_purged":["Defend_G"],"score":106,"play_id":"8647a423-196d-465e-9b42-1551cc5a3c48","local_time":"20190701004010","is_ascension_mode":false,"campfire_choices":[{"floor":7,"key":"REST"},{"floor":10,"key":"REST"},{"data":"Neutralize","floor":12,"key":"SMITH"},{"data":"Well Laid Plans","floor":15,"key":"SMITH"}],"neow_cost":"NO_GOLD","seed_source_timestamp":689800103310292,"circlet_count":0,"master_deck":["Defend_G","Defend_G","Defend_G","Defend_G","Strike_G","Strike_G","Strike_G","Strike_G","Survivor","Neutralize+1","All Out Attack+1","Sucker Punch","Acrobatics","Backstab","Well Laid Plans+1"],"relics":["Ring of the Snake","Prayer Wheel","Oddly Smooth Stone","Matryoshka","Lantern","Mummified Hand"],"potions_floor_usage":[6],"damage_taken":[{"damage":4,"enemies":"Jaw Worm","floor":1,"turns":6},{"damage":0,"enemies":"2 Louse","floor":2,"turns":3},{"damage":19,"enemies":"Gremlin Nob","floor":6,"turns":4},{"damage":26,"enemies":"Lagavulin","floor":8,"turns":9},{"damage":4,"enemies":"Cultist","floor":11,"turns":3},{"damage":60,"enemies":"Hexaghost","floor":16,"turns":16}],"seed_played":"-857469449429607422","potions_obtained":[{"floor":2,"key":"Fire Potion"},{"floor":8,"key":"Ancient Potion"}],"is_trial":false,"path_per_floor":["M","M","?","?","?","E","R","E","T","R","M","R","?","$","R","B"],"character_chosen":"THE_SILENT","items_purchased":["Well Laid Plans"],"campfire_rested":2,"item_purchase_floors":[14],"current_hp_per_floor":[66,66,66,66,66,47,68,42,42,63,59,59,59,59,59,0],"gold":47,"neow_bonus":"ONE_RARE_RELIC","is_prod":false,"is_daily":false,"chose_seed":false,"campfire_upgraded":2,"win_rate":0,"timestamp":1561966810,"path_taken":["M","M","?","?","?","E","R","E","T","R","M","R","?","$","R","BOSS"],"build_version":"2019-01-23","purchased_purges":1,"victory":false,"max_hp_per_floor":[70,70,70,70,70,70,70,70,70,70,70,70,70,70,70,70],"card_choices":[{"not_picked":["Eviscerate","Blur"],"picked":"All Out Attack","floor":1},{"not_picked":["Dodge and Roll","Sucker Punch","Slice"],"picked":"SKIP","floor":1},{"not_picked":["Accuracy","PiercingWail"],"picked":"Sucker Punch","floor":2},{"not_picked":["Cloak And Dagger","Backflip","Expertise"],"picked":"SKIP","floor":2},{"not_picked":["Cloak And Dagger","Backflip","Expertise"],"picked":"SKIP","floor":2},{"not_picked":["Doppelganger","Finisher"],"picked":"Acrobatics","floor":6},{"not_picked":["Slice","Blade Dance","Backflip"],"picked":"SKIP","floor":8},{"not_picked":["Outmaneuver","Riddle With Holes"],"picked":"Backstab","floor":11},{"not_picked":["Bane","Blade Dance","Backflip"],"picked":"SKIP","floor":11}],"player_experience":558835,"relics_obtained":[{"floor":6,"key":"Oddly Smooth Stone"},{"floor":8,"key":"Matryoshka"},{"floor":9,"key":"Lantern"},{"floor":9,"key":"Mummified Hand"}],"event_choices":[{"damage_healed":0,"gold_gain":0,"player_choice":"Grow","damage_taken":0,"max_hp_gain":0,"max_hp_loss":0,"event_name":"Living Wall","floor":3,"gold_loss":0,"cards_upgraded":["All Out Attack"]},{"damage_healed":0,"gold_gain":0,"player_choice":"Ignored","damage_taken":0,"max_hp_gain":0,"max_hp_loss":0,"event_name":"Liars Game","floor":4,"gold_loss":0},{"damage_healed":0,"gold_gain":0,"player_choice":"Ignored","damage_taken":0,"max_hp_gain":0,"max_hp_loss":0,"event_name":"Shining Light","floor":5,"gold_loss":0},{"cards_removed":["Strike_G"],"damage_healed":0,"gold_gain":0,"player_choice":"Offered Basic","damage_taken":0,"max_hp_gain":0,"max_hp_loss":0,"event_name":"Bonfire Elementals","floor":13,"gold_loss":0}],"is_beta":false,"boss_relics":[],"items_purged_floors":[14],"is_endless":false,"potions_floor_spawned":[2,8],"killed_by":"Hexaghost","ascension_level":0}