{"gold_per_floor":[112,112,126,146,146,190,190,209,232,232,303,214,214],"floor_reached":13,"playtime":310,"items_purged":[],"score":186,"play_id":"b3319496-7611-4a88-800b-39eb567b5c6b","local_time":"20190604093212","is_ascension_mode":true,"campfire_choices":[{"floor":7,"key":"REST"}],"neow_cost":"NONE","seed_source_timestamp":34205845899815,"circlet_count":0,"master_deck":["AscendersBane","Strike_B","Strike_B","Strike_B","Strike_B","Defend_B","Defend_B","Defend_B","Defend_B","Zap","Dualcast","Sunder","Genetic Algorithm","Injury","Conserve Battery","Leap","Buffer","Glacier"],"relics":["Cracked Core","NeowsBlessing","Ancient Tea Set","Golden Idol","Anchor","Pen Nib","Darkstone Periapt","Tiny Chest"],"potions_floor_usage":[6],"damage_taken":[{"damage":0,"enemies":"Jaw Worm","floor":1,"turns":1},{"damage":0,"enemies":"Cultist","floor":3,"turns":1},{"damage":0,"enemies":"Small Slimes","floor":4,"turns":1},{"damage":35,"enemies":"Lagavulin","floor":6,"turns":6},{"damage":7,"enemies":"3 Louse","floor":8,"turns":4},{"damage":25,"enemies":"3 Sentries","floor":11,"turns":10},{"damage":26,"enemies":"Gremlin Nob","floor":13,"turns":3}],"seed_played":"5448733541193796803","potions_obtained":[{"floor":1,"key":"Poison Potion"},{"floor":4,"key":"Poison Potion"}],"is_trial":false,"path_per_floor":["M","?","M","M","?","E","R","M","T","?","E","$","E"],"character_chosen":"DEFECT","items_purchased":["Glacier"],"campfire_rested":1,"item_purchase_floors":[12],"current_hp_per_floor":[64,64,64,64,64,29,50,43,43,32,7,7,0],"gold":214,"neow_bonus":"THREE_ENEMY_KILL","is_prod":false,"is_daily":false,"chose_seed":false,"campfire_upgraded":0,"win_rate":0,"timestamp":1559655132,"path_taken":["M","?","?","?","?","E","R","M","T","?","E","$","E"],"build_version":"2019-01-23","purchased_purges":0,"victory":false,"max_hp_per_floor":[71,71,71,71,71,71,71,71,71,71,71,71,71],"card_choices":[{"not_picked":["Loop","Streamline"],"picked":"Sunder","floor":1},{"not_picked":["Steam","Compile Driver","Turbo"],"picked":"SKIP","floor":3},{"not_picked":["Streamline","Stack"],"picked":"Genetic Algorithm","floor":4},{"not_picked":["Barrage","Melter"],"picked":"Conserve Battery","floor":6},{"not_picked":["Sweeping Beam","Barrage"],"picked":"Leap","floor":8},{"not_picked":["Auto Shields","Double Energy"],"picked":"Buffer","floor":11}],"player_experience":828101,"relics_obtained":[{"floor":6,"key":"Anchor"},{"floor":9,"key":"Pen Nib"},{"floor":11,"key":"Tiny Chest"}],"event_choices":[{"damage_healed":0,"gold_gain":0,"player_choice":"Gave Potion","damage_taken":0,"relics_obtained":["Ancient Tea Set"],"max_hp_gain":0,"max_hp_loss":0,"event_name":"WeMeetAgain","floor":2,"gold_loss":0},{"damage_healed":0,"gold_gain":0,"player_choice":"Take Wound","damage_taken":0,"relics_obtained":["Golden Idol"],"max_hp_gain":0,"max_hp_loss":0,"event_name":"Golden Idol","floor":5,"gold_loss":0,"cards_obtained":["Injury"]},{"damage_healed":0,"gold_gain":0,"player_choice":"Success","damage_taken":11,"relics_obtained":["Darkstone Periapt"],"max_hp_gain":0,"max_hp_loss":0,"event_name":"Scrap Ooze","floor":10,"gold_loss":0}],"is_beta":false,"boss_relics":[],"items_purged_floors":[],"is_endless":false,"potions_floor_spawned":[1,4],"killed_by":"Gremlin Nob","ascension_level":20}