{"gold_per_floor":[17,17,192,192,192,17,44,59,59,59,59,78,78,112,112,207,207,221,44,44,44,55,87,87,113,113,128,52,52,72,0,0,101,101,116,116,116,116,130,144,171,171,251,251,269,284,284,284,284,284],"floor_reached":51,"playtime":4917,"items_purged":["Doubt","Strike_G"],"score":702,"play_id":"42cac4d4-fb2d-4e2d-94e0-1dbb976a5516","local_time":"20190202155207","is_ascension_mode":true,"campfire_choices":[{"floor":10,"key":"REST"},{"floor":11,"key":"REST"},{"data":"Noxious Fumes","floor":13,"key":"SMITH"},{"floor":15,"key":"REST"},{"data":"Infinite Blades","floor":24,"key":"SMITH"},{"floor":32,"key":"REST"},{"floor":42,"key":"REST"},{"data":"Well Laid Plans","floor":44,"key":"SMITH"},{"floor":47,"key":"REST"},{"data":"PiercingWail","floor":49,"key":"SMITH"}],"neow_cost":"NO_GOLD","seed_source_timestamp":194224852168006,"circlet_count":0,"master_deck":["Defend_G","Defend_G","Defend_G","Strike_G+1","Strike_G","Survivor","Neutralize","Bullet Time","Backflip+1","Infinite Blades+1","Deflect","Well Laid Plans+1","Flechettes","Quick Slash","Noxious Fumes+1","Leg Sweep","Glass Knife","Acrobatics","Footwork","Venomology","Bane","PiercingWail+1","Footwork","Footwork","Slice+1","Malaise+1","Writhe","Finesse","Skewer+1","Outmaneuver","Backstab","Normality","Predator","Cloak And Dagger+1"],"relics":["Ring of the Snake","Centennial Puzzle","Art of War","WingedGreaves","Bottled Flame","Busted Crown","Bag of Marbles","Regal Pillow","Bag of Preparation","Sundial","Cursed Key","Ornamental Fan","Darkstone Periapt"],"potions_floor_usage":[7,22,23,23,25,27,30,33,33,33,33,35,41,41,50,50,50,50],"damage_taken":[{"damage":0,"enemies":"Small Slimes","floor":1,"turns":3},{"damage":5,"enemies":"3 Sentries","floor":7,"turns":8},{"damage":0,"enemies":"2 Louse","floor":8,"turns":3},{"damage":0,"enemies":"Cultist","floor":12,"turns":3},{"damage":24,"enemies":"Gremlin Nob","floor":14,"turns":4},{"damage":3,"enemies":"Slime Boss","floor":16,"turns":11},{"damage":16,"enemies":"3 Byrds","floor":18,"turns":5},{"damage":0,"enemies":"Spheric Guardian","floor":22,"turns":4},{"damage":11,"enemies":"Gremlin Leader","floor":23,"turns":7},{"damage":24,"enemies":"Slavers","floor":25,"turns":6},{"damage":5,"enemies":"Cultist and Chosen","floor":27,"turns":5},{"damage":0,"enemies":"Shelled Parasite and Fungi","floor":30,"turns":5},{"damage":9,"enemies":"Automaton","floor":33,"turns":9},{"damage":22,"enemies":"3 Darklings","floor":35,"turns":8},{"damage":8,"enemies":"3 Shapes","floor":39,"turns":4},{"damage":8,"enemies":"Sphere and 2 Shapes","floor":40,"turns":8},{"damage":27,"enemies":"Giant Head","floor":41,"turns":9},{"damage":11,"enemies":"3 Darklings","floor":45,"turns":10},{"damage":0,"enemies":"4 Shapes","floor":46,"turns":9},{"damage":59,"enemies":"Time Eater","floor":50,"turns":19}],"seed_played":"2740446970834576476","potions_obtained":[{"floor":1,"key":"Strength Potion"},{"floor":12,"key":"GhostInAJar"},{"floor":16,"key":"GhostInAJar"},{"floor":22,"key":"Swift Potion"},{"floor":25,"key":"SteroidPotion"},{"floor":27,"key":"Swift Potion"},{"floor":35,"key":"AttackPotion"}],"is_trial":false,"path_per_floor":["M","?","?","?","?","$","E","M","T","R","R","M","R","E","R","B",null,"M","$","?","$","M","E","R","E","T","M","$","T","M","?","R","B",null,"M","?","?","?","M","M","E","R","T","R","M","M","R","?","R","B",null],"character_chosen":"THE_SILENT","items_purchased":["Deflect","Well Laid Plans","Footwork","Footwork"],"campfire_rested":6,"item_purchase_floors":[6,6,19,28],"current_hp_per_floor":[70,63,63,45,31,31,26,26,26,47,68,68,68,44,65,62,70,54,54,54,54,54,43,43,19,19,14,14,14,14,14,50,41,70,48,48,66,66,58,50,23,59,59,59,48,48,70,70,70,11],"gold":284,"neow_bonus":"TRANSFORM_TWO_CARDS","is_prod":false,"is_daily":false,"chose_seed":false,"campfire_upgraded":4,"win_rate":0,"timestamp":1549140727,"path_taken":["M","?","?","?","?","$","E","M","T","R","R","M","R","E","R","BOSS","M","$","?","?","?","E","R","E","T","M","$","?","M","?","R","BOSS","M","?","?","?","M","M","E","R","T","R","M","M","R","?","R","BOSS"],"build_version":"2019-01-23","purchased_purges":2,"victory":true,"max_hp_per_floor":[70,70,70,70,70,70,70,70,70,70,70,70,70,70,70,70,70,70,70,70,70,70,70,70,70,70,70,70,70,70,70,70,70,70,70,70,70,70,70,70,70,70,70,70,70,70,70,70,70,70],"card_choices":[{"not_picked":["Underhanded Strike","PiercingWail"],"picked":"Infinite Blades","floor":1},{"not_picked":["Acrobatics","Dodge and Roll"],"picked":"Flechettes","floor":7},{"not_picked":["Blade Dance","Bane"],"picked":"Quick Slash","floor":8},{"not_picked":["PiercingWail","Terror"],"picked":"Noxious Fumes","floor":12},{"not_picked":["Setup","Backflip"],"picked":"Leg Sweep","floor":14},{"not_picked":["Burst","Storm of Steel"],"picked":"Glass Knife","floor":16},{"not_picked":[],"picked":"Acrobatics","floor":18},{"not_picked":[],"picked":"Bane","floor":22},{"not_picked":[],"picked":"PiercingWail","floor":23},{"not_picked":[],"picked":"Footwork","floor":25},{"not_picked":["Endless Agony"],"picked":"SKIP","floor":27},{"not_picked":[],"picked":"Slice+1","floor":30},{"not_picked":[],"picked":"Malaise","floor":33},{"not_picked":[],"picked":"Quick Slash","floor":35},{"not_picked":[],"picked":"Finesse","floor":38},{"not_picked":[],"picked":"Skewer+1","floor":39},{"not_picked":[],"picked":"Outmaneuver","floor":40},{"not_picked":[],"picked":"Backstab","floor":41},{"not_picked":[],"picked":"Predator","floor":45},{"not_picked":[],"picked":"Cloak And Dagger+1","floor":46}],"player_experience":123942,"relics_obtained":[{"floor":7,"key":"Art of War"},{"floor":9,"key":"WingedGreaves"},{"floor":14,"key":"Bottled Flame"},{"floor":23,"key":"Bag of Marbles"},{"floor":25,"key":"Regal Pillow"},{"floor":26,"key":"Bag of Preparation"},{"floor":29,"key":"Sundial"},{"floor":41,"key":"Ornamental Fan"},{"floor":43,"key":"Darkstone Periapt"}],"event_choices":[{"cards_removed":["Defend_G"],"damage_healed":0,"gold_gain":0,"player_choice":"Card Removal","damage_taken":7,"max_hp_gain":0,"max_hp_loss":0,"event_name":"Golden Wing","floor":2,"gold_loss":0},{"damage_healed":0,"gold_gain":175,"player_choice":"AGREE","damage_taken":0,"max_hp_gain":0,"max_hp_loss":0,"event_name":"Liars Game","floor":3,"gold_loss":0,"cards_obtained":["Doubt"]},{"damage_healed":0,"gold_gain":0,"player_choice":"Success","damage_taken":18,"relics_obtained":["Centennial Puzzle"],"max_hp_gain":0,"max_hp_loss":0,"event_name":"Scrap Ooze","floor":4,"gold_loss":0},{"damage_healed":0,"gold_gain":0,"player_choice":"Entered Light","damage_taken":14,"max_hp_gain":0,"max_hp_loss":0,"event_name":"Shining Light","floor":5,"gold_loss":0,"cards_upgraded":["Strike_G","Backflip"]},{"damage_healed":0,"gold_gain":0,"cards_transformed":["Strike_G"],"player_choice":"Transformed","damage_taken":0,"max_hp_gain":0,"max_hp_loss":0,"event_name":"Transmorgrifier","floor":20,"gold_loss":0,"cards_obtained":["Venomology"]},{"damage_healed":0,"gold_gain":0,"player_choice":"Paid Fearfully","damage_taken":0,"max_hp_gain":0,"max_hp_loss":0,"event_name":"Masked Bandits","floor":31,"gold_loss":72},{"cards_removed":["Quick Slash"],"damage_healed":0,"gold_gain":0,"player_choice":"Removed Attack","damage_taken":0,"max_hp_gain":0,"max_hp_loss":0,"event_name":"Falling","floor":36,"gold_loss":0},{"damage_healed":18,"gold_gain":0,"player_choice":"Writhe","damage_taken":0,"max_hp_gain":0,"max_hp_loss":0,"event_name":"Winding Halls","floor":37,"gold_loss":0,"cards_obtained":["Writhe"]},{"damage_healed":0,"gold_gain":0,"player_choice":"Memory 1","damage_taken":0,"max_hp_gain":0,"max_hp_loss":0,"event_name":"SensoryStone","floor":38,"gold_loss":0},{"damage_healed":0,"gold_gain":0,"player_choice":"Forge","damage_taken":0,"max_hp_gain":0,"max_hp_loss":0,"event_name":"Accursed Blacksmith","floor":48,"gold_loss":0,"cards_upgraded":["Malaise"]}],"is_beta":false,"boss_relics":[{"not_picked":["Empty Cage","Orrery"],"picked":"Busted Crown"},{"not_picked":["Philosopher\u0027s Stone","Lizard Tail"],"picked":"Cursed Key"}],"items_purged_floors":[6,19],"is_endless":false,"potions_floor_spawned":[1,12,16,22,25,27,35],"ascension_level":1}