{"gold_per_floor":[116,116,130,148,163,194,209,209,209,241,166,166,185,185,185,283,283,303,21,40,40,55,55,98,98,150,168,192,192,192,208,208,304,304,325,344,344,344,359,359,484,505,557,557,578,578,599,612,612,612,612],"floor_reached":52,"playtime":3321,"items_purged":["Strike_R","Strike_R"],"score":2001,"play_id":"49a0da0b-b637-4e97-9362-84883d297c36","local_time":"20190603203305","is_ascension_mode":true,"campfire_choices":[{"data":"Armaments","floor":8,"key":"SMITH"},{"data":"Disarm","floor":15,"key":"SMITH"},{"floor":23,"key":"REST"},{"data":"True Grit","floor":25,"key":"SMITH"},{"data":"Corruption","floor":30,"key":"SMITH"},{"data":"Dark Embrace","floor":32,"key":"SMITH"},{"data":"Burning Pact","floor":40,"key":"SMITH"},{"data":"Shockwave","floor":44,"key":"SMITH"},{"data":"Offering","floor":46,"key":"SMITH"},{"data":"Bash","floor":49,"key":"SMITH"}],"neow_cost":"NONE","seed_source_timestamp":1478086231118440,"circlet_count":0,"master_deck":["AscendersBane","Strike_R","Strike_R","Strike_R","Defend_R","Defend_R","Defend_R","Defend_R","Bash+1","Spot Weakness","Armaments+1","Ghostly Armor","Twin Strike","Disarm+1","Twin Strike","Iron Wave","Injury","Dark Embrace+1","Shockwave+1","Corruption+1","True Grit+1","Burning Pact+1","Second Wind+1","Seeing Red","Exhume","True Grit+1","Offering+1","Warcry+1"],"relics":["Burning Blood","NeowsBlessing","Ornamental Fan","Gremlin Horn","Dead Branch","Du-Vu Doll","Golden Idol","Mark of Pain","Self Forming Clay","Oddly Smooth Stone","Bottled Flame","Philosopher\u0027s Stone","Thread and Needle","Lantern"],"potions_floor_usage":[6,7,10,24,33,33,36,48,50,51],"damage_taken":[{"damage":0,"enemies":"Jaw Worm","floor":1,"turns":1},{"damage":0,"enemies":"Cultist","floor":3,"turns":1},{"damage":0,"enemies":"2 Louse","floor":4,"turns":1},{"damage":6,"enemies":"Blue Slaver","floor":5,"turns":6},{"damage":25,"enemies":"3 Sentries","floor":6,"turns":8},{"damage":0,"enemies":"Gremlin Gang","floor":7,"turns":5},{"damage":39,"enemies":"Gremlin Nob","floor":10,"turns":4},{"damage":12,"enemies":"Exordium Thugs","floor":13,"turns":4},{"damage":8,"enemies":"Hexaghost","floor":16,"turns":8},{"damage":14,"enemies":"3 Byrds","floor":18,"turns":7},{"damage":18,"enemies":"2 Thieves","floor":20,"turns":5},{"damage":10,"enemies":"Centurion and Healer","floor":22,"turns":4},{"damage":22,"enemies":"Book of Stabbing","floor":24,"turns":5},{"damage":0,"enemies":"Snecko","floor":27,"turns":2},{"damage":0,"enemies":"Sentry and Sphere","floor":28,"turns":2},{"damage":0,"enemies":"3 Cultists","floor":31,"turns":3},{"damage":11,"enemies":"Champ","floor":33,"turns":5},{"damage":0,"enemies":"Orb Walker","floor":35,"turns":1},{"damage":20,"enemies":"3 Shapes","floor":36,"turns":4},{"damage":0,"enemies":"3 Darklings","floor":39,"turns":3},{"damage":0,"enemies":"Mind Bloom Boss Battle","floor":41,"turns":3},{"damage":7,"enemies":"Transient","floor":42,"turns":5},{"damage":0,"enemies":"Writhing Mass","floor":45,"turns":2},{"damage":6,"enemies":"Jaw Worm Horde","floor":47,"turns":3},{"damage":9,"enemies":"Maw","floor":48,"turns":5},{"damage":8,"enemies":"Awakened One","floor":50,"turns":9},{"damage":6,"enemies":"Time Eater","floor":51,"turns":5}],"seed_played":"747388974083631242","potions_obtained":[{"floor":1,"key":"AttackPotion"},{"floor":4,"key":"Explosive Potion"},{"floor":6,"key":"Strength Potion"},{"floor":18,"key":"Energy Potion"},{"floor":24,"key":"PowerPotion"},{"floor":28,"key":"Energy Potion"},{"floor":35,"key":"Swift Potion"},{"floor":39,"key":"SkillPotion"},{"floor":47,"key":"Dexterity Potion"},{"floor":48,"key":"SkillPotion"}],"is_trial":false,"path_per_floor":["M","?","M","M","M","E","M","R","T","E","$","T","M","?","R","B",null,"M","$","M","?","M","R","E","R","T","M","M","T","R","M","R","B",null,"M","M","?","?","M","R","?","M","T","R","M","R","M","M","R","B","B",null],"character_chosen":"IRONCLAD","items_purchased":["Corruption","True Grit","Burning Pact"],"campfire_rested":1,"item_purchase_floors":[19,19,19],"current_hp_per_floor":[74,74,75,75,75,56,62,62,62,29,29,29,23,23,23,21,62,54,54,42,42,38,60,44,44,44,50,56,56,56,62,62,57,71,75,61,61,61,67,67,73,72,72,72,75,75,75,72,72,70,70],"gold":612,"neow_bonus":"THREE_ENEMY_KILL","is_prod":false,"is_daily":false,"chose_seed":false,"campfire_upgraded":9,"win_rate":0,"timestamp":1559608385,"path_taken":["M","?","M","M","M","E","M","R","T","E","?","?","?","?","R","BOSS","M","$","M","?","?","R","E","R","T","M","M","?","R","M","R","BOSS","M","M","?","?","M","R","?","M","T","R","?","R","M","M","R","BOSS","BOSS"],"build_version":"2019-01-23","purchased_purges":2,"victory":true,"max_hp_per_floor":[75,75,75,75,75,75,75,75,75,75,75,75,75,75,75,75,75,75,75,75,75,75,75,75,75,75,75,75,75,75,75,75,75,75,75,75,75,75,75,75,75,75,75,75,75,75,75,75,75,75,75],"card_choices":[{"not_picked":["Whirlwind","Sever Soul"],"picked":"Spot Weakness","floor":1},{"not_picked":["Inflame","Cleave"],"picked":"Armaments","floor":3},{"not_picked":["Sever Soul","Wild Strike"],"picked":"Ghostly Armor","floor":4},{"not_picked":["Dual Wield","Battle Trance"],"picked":"Twin Strike","floor":5},{"not_picked":["Seeing Red","Wild Strike"],"picked":"Disarm","floor":6},{"not_picked":["Warcry","Anger","Thunderclap"],"picked":"SKIP","floor":7},{"not_picked":["Searing Blow","Thunderclap"],"picked":"Twin Strike","floor":10},{"not_picked":["Rage","Shrug It Off"],"picked":"Iron Wave","floor":13},{"not_picked":["Offering","Juggernaut"],"picked":"Dark Embrace","floor":16},{"not_picked":["Inflame","Pommel Strike"],"picked":"Shockwave","floor":18},{"not_picked":["Sever Soul+1","Armaments"],"picked":"Second Wind+1","floor":20},{"not_picked":["Iron Wave+1","Flex"],"picked":"Seeing Red","floor":22},{"not_picked":["Flex+1","Hemokinesis","Twin Strike"],"picked":"SKIP","floor":24},{"not_picked":["Armaments","Infernal Blade","Dual Wield"],"picked":"SKIP","floor":27},{"not_picked":["Twin Strike","Anger","Warcry"],"picked":"SKIP","floor":28},{"not_picked":["Searing Blow","Clothesline","Fire Breathing"],"picked":"SKIP","floor":31},{"not_picked":["Feed","Immolate"],"picked":"Exhume","floor":33},{"not_picked":["Blood for Blood+1","Twin Strike"],"picked":"True Grit+1","floor":35},{"not_picked":["Cleave+1","Dual Wield","Warcry"],"picked":"SKIP","floor":36},{"not_picked":["Dropkick","Clothesline+1","Clash"],"picked":"SKIP","floor":39},{"not_picked":["Pummel+1","Body Slam","Perfected Strike"],"picked":"SKIP","floor":42},{"not_picked":["Headbutt","Sword Boomerang"],"picked":"Offering","floor":45},{"not_picked":["Armaments+1","Rampage"],"picked":"Warcry+1","floor":47},{"not_picked":["Clothesline+1","Flex","Pummel+1"],"picked":"SKIP","floor":48}],"player_experience":817667,"relics_obtained":[{"floor":6,"key":"Ornamental Fan"},{"floor":9,"key":"Gremlin Horn"},{"floor":10,"key":"Dead Branch"},{"floor":12,"key":"Du-Vu Doll"},{"floor":24,"key":"Self Forming Clay"},{"floor":26,"key":"Oddly Smooth Stone"},{"floor":29,"key":"Bottled Flame"},{"floor":41,"key":"Thread and Needle"},{"floor":43,"key":"Lantern"}],"event_choices":[{"damage_healed":0,"gold_gain":0,"player_choice":"Ignored","damage_taken":0,"max_hp_gain":0,"max_hp_loss":0,"event_name":"Liars Game","floor":2,"gold_loss":0},{"damage_healed":0,"gold_gain":0,"player_choice":"Take Wound","damage_taken":0,"relics_obtained":["Golden Idol"],"max_hp_gain":0,"max_hp_loss":0,"event_name":"Golden Idol","floor":14,"gold_loss":0,"cards_obtained":["Injury"]},{"damage_healed":0,"gold_gain":0,"player_choice":"0 cards matched","damage_taken":0,"max_hp_gain":0,"max_hp_loss":0,"event_name":"Match and Keep!","floor":21,"gold_loss":0,"cards_obtained":[]},{"damage_healed":0,"gold_gain":0,"player_choice":"Ignored","damage_taken":0,"max_hp_gain":0,"max_hp_loss":0,"event_name":"Tomb of Lord Red Mask","floor":37,"gold_loss":0},{"damage_healed":0,"gold_gain":0,"player_choice":"Ignored","damage_taken":0,"max_hp_gain":0,"max_hp_loss":0,"event_name":"Mysterious Sphere","floor":38,"gold_loss":0},{"damage_healed":0,"gold_gain":0,"player_choice":"Fight","damage_taken":0,"max_hp_gain":0,"max_hp_loss":0,"event_name":"MindBloom","floor":41,"gold_loss":0}],"is_beta":false,"boss_relics":[{"not_picked":["Runic Cube","Runic Pyramid"],"picked":"Mark of Pain"},{"not_picked":["Eternal Feather","Empty Cage"],"picked":"Philosopher\u0027s Stone"}],"items_purged_floors":[11,19],"is_endless":false,"potions_floor_spawned":[1,4,5,6,18,24,28,31,35,39,47,48],"ascension_level":20}