{"gold_per_floor":[111,111,125,25,100,129,129,29,29,29,29,29,47,72,72,72],"floor_reached":16,"playtime":478,"items_purged":["Strike_R","Strike_R"],"score":127,"play_id":"2c6511cf-ca65-4c36-9d1c-9795a00355fb","local_time":"20190208075239","is_ascension_mode":true,"campfire_choices":[{"data":"True Grit","floor":7,"key":"SMITH"},{"floor":10,"key":"REST"},{"data":"Double Tap","floor":12,"key":"SMITH"},{"data":"True Grit","floor":15,"key":"SMITH"}],"neow_cost":"NONE","seed_source_timestamp":688322861405621,"circlet_count":0,"master_deck":["Strike_R","Strike_R","Defend_R","Defend_R","Defend_R","Defend_R","Bash","Double Tap+1","Pommel Strike","Whirlwind","Cleave","True Grit+1","True Grit+1"],"relics":["Burning Blood","Lantern","Blue Candle","Centennial Puzzle"],"potions_floor_usage":[],"damage_taken":[{"damage":2,"enemies":"Small Slimes","floor":1,"turns":4},{"damage":6,"enemies":"2 Louse","floor":3,"turns":3},{"damage":37,"enemies":"Gremlin Nob","floor":6,"turns":4},{"damage":7,"enemies":"Jaw Worm","floor":13,"turns":3},{"damage":21,"enemies":"3 Sentries","floor":14,"turns":3},{"damage":68,"enemies":"Slime Boss","floor":16,"turns":8}],"seed_played":"-2234217302569099787","potions_obtained":[{"floor":13,"key":"SpeedPotion"}],"is_trial":false,"path_per_floor":["M","?","M","$","?","E","R","$","T","R","?","R","M","E","R","B"],"character_chosen":"IRONCLAD","items_purchased":["Cleave"],"campfire_rested":1,"item_purchase_floors":[4],"current_hp_per_floor":[80,73,73,73,62,31,31,31,31,55,80,80,79,64,64,0],"gold":72,"neow_bonus":"ONE_RANDOM_RARE_CARD","is_prod":false,"is_daily":false,"chose_seed":false,"campfire_upgraded":3,"win_rate":0,"timestamp":1549630359,"path_taken":["M","?","M","$","?","E","R","?","T","R","?","R","M","E","R","BOSS"],"build_version":"2019-01-23","purchased_purges":2,"victory":false,"max_hp_per_floor":[80,80,80,80,80,80,80,80,80,80,80,80,80,80,80,80],"card_choices":[{"not_picked":["Evolve","Shrug It Off"],"picked":"Pommel Strike","floor":1},{"not_picked":["Feel No Pain","Havoc"],"picked":"Whirlwind","floor":3},{"not_picked":["Offering","Sentinel"],"picked":"True Grit","floor":6},{"not_picked":["Warcry","Dual Wield","Sword Boomerang"],"picked":"SKIP","floor":13},{"not_picked":["Sword Boomerang","Flex"],"picked":"True Grit","floor":14}],"player_experience":177359,"relics_obtained":[{"floor":6,"key":"Lantern"},{"floor":9,"key":"Blue Candle"},{"floor":14,"key":"Centennial Puzzle"}],"event_choices":[{"cards_removed":["Strike_R"],"damage_healed":0,"gold_gain":0,"player_choice":"Card Removal","damage_taken":7,"max_hp_gain":0,"max_hp_loss":0,"event_name":"Golden Wing","floor":2,"gold_loss":0},{"damage_healed":0,"gold_gain":75,"player_choice":"Gather Gold","damage_taken":11,"max_hp_gain":0,"max_hp_loss":0,"event_name":"World of Goop","floor":5,"gold_loss":0},{"damage_healed":26,"gold_gain":0,"player_choice":"Banana","damage_taken":0,"max_hp_gain":0,"max_hp_loss":0,"event_name":"Big Fish","floor":11,"gold_loss":0}],"is_beta":false,"boss_relics":[],"items_purged_floors":[4,8],"is_endless":false,"potions_floor_spawned":[13],"killed_by":"Slime Boss","ascension_level":4}