{"gold_per_floor":[119,134,144,215,269,269,284,302,328,341,354,354,373,384,384,384],"floor_reached":16,"playtime":515,"items_purged":[],"score":181,"play_id":"5823ffc4-1364-4eb4-9155-4de4c8b2a109","local_time":"20190606202226","is_ascension_mode":true,"campfire_choices":[{"data":"Armaments","floor":6,"key":"SMITH"},{"floor":15,"key":"REST"}],"neow_cost":"NONE","seed_source_timestamp":450083680119039,"circlet_count":0,"master_deck":["AscendersBane","Strike_R","Strike_R","Strike_R","Strike_R","Strike_R","Defend_R","Defend_R+1","Defend_R","Defend_R","Bash","Bludgeon","Perfected Strike","Perfected Strike","Armaments+1","Perfected Strike","Flame Barrier+1","Corruption","Pommel Strike","Decay","Power Through"],"relics":["Burning Blood","Kunai","War Paint"],"potions_floor_usage":[10,16,16],"damage_taken":[{"damage":1,"enemies":"Cultist","floor":1,"turns":3},{"damage":2,"enemies":"2 Louse","floor":2,"turns":3},{"damage":7,"enemies":"Jaw Worm","floor":3,"turns":2},{"damage":27,"enemies":"Large Slime","floor":7,"turns":6},{"damage":7,"enemies":"Looter","floor":8,"turns":3},{"damage":38,"enemies":"Gremlin Gang","floor":10,"turns":5},{"damage":11,"enemies":"Large Slime","floor":11,"turns":4},{"damage":1,"enemies":"Red Slaver","floor":13,"turns":3},{"damage":4,"enemies":"2 Fungi Beasts","floor":14,"turns":3},{"damage":48,"enemies":"Slime Boss","floor":16,"turns":7}],"seed_played":"-98047724727280926","potions_obtained":[{"floor":8,"key":"Weak Potion"},{"floor":10,"key":"Weak Potion"},{"floor":13,"key":"PowerPotion"}],"is_trial":false,"path_per_floor":["M","M","M","T","?","R","M","M","T","M","M","?","M","M","R","B"],"character_chosen":"IRONCLAD","items_purchased":[],"campfire_rested":1,"item_purchase_floors":[],"current_hp_per_floor":[73,75,74,74,74,74,53,52,52,20,15,15,20,22,44,0],"gold":384,"neow_bonus":"ONE_RANDOM_RARE_CARD","is_prod":false,"is_daily":false,"chose_seed":false,"campfire_upgraded":1,"win_rate":0,"timestamp":1559877746,"path_taken":["M","M","?","?","?","R","M","M","T","M","M","?","M","M","R","BOSS"],"build_version":"2019-01-23","purchased_purges":0,"victory":false,"max_hp_per_floor":[75,75,75,75,75,75,75,75,75,75,75,75,75,75,75,75],"card_choices":[{"not_picked":["Twin Strike","Bloodletting"],"picked":"Perfected Strike","floor":1},{"not_picked":["Headbutt","Anger"],"picked":"Perfected Strike","floor":2},{"not_picked":["Havoc","Seeing Red"],"picked":"Armaments","floor":3},{"not_picked":["Whirlwind","Clothesline"],"picked":"Perfected Strike","floor":7},{"not_picked":["Headbutt","Inflame"],"picked":"Flame Barrier","floor":8},{"not_picked":["Dual Wield","Flex"],"picked":"Corruption","floor":10},{"not_picked":["Clothesline","Headbutt"],"picked":"Pommel Strike","floor":11},{"not_picked":["Blood for Blood","Clothesline"],"picked":"Power Through","floor":13},{"not_picked":["Anger","Intimidate","Flex"],"picked":"SKIP","floor":14}],"player_experience":960295,"relics_obtained":[{"floor":4,"key":"Kunai"},{"floor":9,"key":"War Paint"}],"event_choices":[{"damage_healed":0,"gold_gain":54,"player_choice":"Gained Gold","damage_taken":0,"max_hp_gain":0,"max_hp_loss":0,"event_name":"Golden Wing","floor":5,"gold_loss":0},{"damage_healed":0,"gold_gain":0,"player_choice":"Cursed","damage_taken":0,"max_hp_gain":0,"max_hp_loss":0,"event_name":"Wheel of Change","floor":12,"gold_loss":0,"cards_obtained":["Decay"]}],"is_beta":false,"boss_relics":[],"items_purged_floors":[],"is_endless":false,"potions_floor_spawned":[8,10,13],"killed_by":"Slime Boss","ascension_level":17}