{"gold_per_floor":[360,379,379,379,529,529,540,409,409,484,458,458,458,468,468,468],"floor_reached":16,"playtime":504,"items_purged":["Doubt"],"score":163,"play_id":"ebaafe79-d5f3-473d-8779-d0f3c8c398ab","local_time":"20190612215746","is_ascension_mode":true,"campfire_choices":[{"floor":6,"key":"REST"},{"data":"Backflip","floor":13,"key":"SMITH"},{"data":"Quick Slash","floor":15,"key":"SMITH"}],"neow_cost":"CURSE","seed_source_timestamp":974212994162175,"circlet_count":0,"master_deck":["AscendersBane","Defend_G","Defend_G","Defend_G","Defend_G","Defend_G","Strike_G","Strike_G","Strike_G","Strike_G","Strike_G","Survivor","Neutralize","Quick Slash+1","Sucker Punch","Dagger Spray","Backflip+1","Flying Knee"],"relics":["Ring of the Snake","Matryoshka"],"potions_floor_usage":[16,16],"damage_taken":[{"damage":13,"enemies":"Cultist","floor":1,"turns":6},{"damage":0,"enemies":"Jaw Worm","floor":2,"turns":6},{"damage":4,"enemies":"2 Louse","floor":7,"turns":4},{"damage":9,"enemies":"2 Fungi Beasts","floor":14,"turns":4},{"damage":58,"enemies":"Slime Boss","floor":16,"turns":12}],"seed_played":"5258692467657537004","potions_obtained":[{"floor":1,"key":"LiquidBronze"},{"floor":7,"key":"LiquidBronze"}],"is_trial":false,"path_per_floor":["M","M","?","$","?","R","M","$","T","?","$","?","R","M","R","B"],"character_chosen":"THE_SILENT","items_purchased":["PowerPotion","Backflip"],"campfire_rested":1,"item_purchase_floors":[8,11],"current_hp_per_floor":[46,46,39,39,39,57,53,53,53,42,42,63,63,54,54,0],"gold":468,"neow_bonus":"TWO_FIFTY_GOLD","is_prod":false,"is_daily":false,"chose_seed":false,"campfire_upgraded":2,"win_rate":0,"timestamp":1560401866,"path_taken":["M","?","?","$","?","R","M","$","T","?","$","?","R","M","R","BOSS"],"build_version":"2019-01-23","purchased_purges":1,"victory":false,"max_hp_per_floor":[66,66,63,63,63,63,63,63,63,63,63,63,63,63,63,63],"card_choices":[{"not_picked":["Slice","Bane"],"picked":"Quick Slash","floor":1},{"not_picked":["PiercingWail","Acrobatics"],"picked":"Sucker Punch","floor":2},{"not_picked":["Flying Knee","Dodge and Roll"],"picked":"Dagger Spray","floor":7},{"not_picked":["Calculated Gamble","Eviscerate"],"picked":"Flying Knee","floor":14}],"player_experience":993705,"relics_obtained":[{"floor":9,"key":"Matryoshka"}],"event_choices":[{"cards_removed":["Parasite"],"damage_healed":0,"gold_gain":0,"player_choice":"Card Removal","damage_taken":7,"max_hp_gain":0,"max_hp_loss":0,"event_name":"Golden Wing","floor":3,"gold_loss":0},{"damage_healed":0,"gold_gain":150,"player_choice":"AGREE","damage_taken":0,"max_hp_gain":0,"max_hp_loss":0,"event_name":"Liars Game","floor":5,"gold_loss":0,"cards_obtained":["Doubt"]},{"damage_healed":0,"gold_gain":75,"player_choice":"Gather Gold","damage_taken":11,"max_hp_gain":0,"max_hp_loss":0,"event_name":"World of Goop","floor":10,"gold_loss":0},{"damage_healed":21,"gold_gain":0,"player_choice":"Banana","damage_taken":0,"max_hp_gain":0,"max_hp_loss":0,"event_name":"Big Fish","floor":12,"gold_loss":0}],"is_beta":false,"boss_relics":[],"items_purged_floors":[8],"is_endless":false,"potions_floor_spawned":[1,7],"killed_by":"Slime Boss","ascension_level":17}