{"gold_per_floor":[112,13,23,34,109,142,142,92,143,143,69,69,69,97,97,175,175,189,206,63,63,81,81,114,114,165,175,195,195,95,110,110,110],"floor_reached":33,"playtime":1537,"items_purged":["Strike_B","Defend_B","Defend_B","Strike_B"],"score":450,"play_id":"35066ab3-33f5-4c06-b12b-413075f4968d","local_time":"20190317232524","is_ascension_mode":true,"campfire_choices":[{"data":"Fusion","floor":7,"key":"SMITH"},{"data":"Zap","floor":10,"key":"SMITH"},{"data":"Redo","floor":15,"key":"SMITH"},{"floor":23,"key":"REST"},{"floor":25,"key":"REST"},{"floor":29,"key":"REST"},{"floor":32,"key":"REST"}],"neow_cost":"NONE","seed_source_timestamp":2602513867497282,"circlet_count":0,"master_deck":["AscendersBane","Strike_B","Defend_B","Defend_B","Zap+1","Dualcast","Steam","Gash","Redo+1","Doom and Gloom","Fusion+1","Cold Snap","Glacier","Core Surge","Stack+1","Go for the Eyes+1","Dramatic Entrance","Gash+1","Doom and Gloom","Coolheaded+1","Beam Cell","Ball Lightning","Go for the Eyes"],"relics":["Cracked Core","Smiling Mask","Blood Vial","Omamori","WarpedTongs","Kunai","Nuclear Battery","Peace Pipe","Bag of Marbles"],"potions_floor_usage":[6,18,24,33],"damage_taken":[{"damage":1,"enemies":"Cultist","floor":1,"turns":3},{"damage":2,"enemies":"Jaw Worm","floor":3,"turns":3},{"damage":0,"enemies":"Small Slimes","floor":4,"turns":3},{"damage":20,"enemies":"Gremlin Nob","floor":6,"turns":3},{"damage":6,"enemies":"Lagavulin","floor":14,"turns":8},{"damage":13,"enemies":"Slime Boss","floor":16,"turns":11},{"damage":27,"enemies":"Shell Parasite","floor":18,"turns":7},{"damage":5,"enemies":"Spheric Guardian","floor":19,"turns":4},{"damage":14,"enemies":"Shelled Parasite and Fungi","floor":22,"turns":8},{"damage":24,"enemies":"Book of Stabbing","floor":24,"turns":8},{"damage":0,"enemies":"3 Cultists","floor":27,"turns":3},{"damage":15,"enemies":"Centurion and Healer","floor":28,"turns":6},{"damage":5,"enemies":"Snake Plant","floor":31,"turns":4},{"damage":76,"enemies":"Automaton","floor":33,"turns":8}],"seed_played":"7321224679893764224","potions_obtained":[{"floor":1,"key":"AttackPotion"},{"floor":6,"key":"Swift Potion"},{"floor":22,"key":"Fire Potion"},{"floor":28,"key":"SteroidPotion"},{"floor":31,"key":"EssenceOfSteel"}],"is_trial":false,"path_per_floor":["M","$","M","M","?","E","R","?","T","R","$","?","?","E","R","B",null,"M","M","$","?","M","R","E","R","T","M","M","R","$","M","R","B"],"character_chosen":"DEFECT","items_purchased":["Gash","Cold Snap","Dramatic Entrance","Ball Lightning"],"campfire_rested":4,"item_purchase_floors":[2,11,20,30],"current_hp_per_floor":[67,67,65,65,54,34,34,34,34,34,34,52,52,48,48,37,66,41,38,38,38,26,48,26,48,48,50,37,59,59,56,75,0],"gold":110,"neow_bonus":"RANDOM_COMMON_RELIC","is_prod":false,"is_daily":false,"chose_seed":false,"campfire_upgraded":3,"win_rate":0,"timestamp":1552879524,"path_taken":["M","$","M","M","?","E","R","?","T","R","?","?","?","E","R","BOSS","M","?","$","?","M","R","E","R","T","M","M","R","$","M","R","BOSS"],"build_version":"2019-01-23","purchased_purges":4,"victory":false,"max_hp_per_floor":[75,75,75,75,75,75,75,75,75,75,75,75,75,75,75,75,75,75,75,75,75,75,75,75,75,75,75,75,75,75,75,75,75],"card_choices":[{"not_picked":["Skim","Stack"],"picked":"Steam","floor":1},{"not_picked":["Turbo","Blizzard"],"picked":"Redo","floor":3},{"not_picked":["FTL","Streamline"],"picked":"Doom and Gloom","floor":4},{"not_picked":["Hologram","Redo"],"picked":"Fusion","floor":6},{"not_picked":["Consume","Conserve Battery"],"picked":"Glacier","floor":14},{"not_picked":["Biased Cognition","Thunder Strike"],"picked":"Core Surge","floor":16},{"not_picked":["Turbo","Cold Snap"],"picked":"Stack+1","floor":18},{"not_picked":["Compile Driver","Rebound+1"],"picked":"Go for the Eyes","floor":19},{"not_picked":["Barrage","Ball Lightning"],"picked":"Gash+1","floor":22},{"not_picked":["Conserve Battery","Steam Power"],"picked":"Doom and Gloom","floor":24},{"not_picked":["Streamline","Turbo"],"picked":"Coolheaded+1","floor":27},{"not_picked":["Steam","Go for the Eyes"],"picked":"Beam Cell","floor":28},{"not_picked":["Undo","Steam"],"picked":"Go for the Eyes","floor":31}],"player_experience":413141,"relics_obtained":[{"floor":6,"key":"Blood Vial"},{"floor":9,"key":"Omamori"},{"floor":14,"key":"Kunai"},{"floor":24,"key":"Peace Pipe"},{"floor":26,"key":"Bag of Marbles"}],"event_choices":[{"damage_healed":0,"gold_gain":75,"player_choice":"Gather Gold","damage_taken":11,"max_hp_gain":0,"max_hp_loss":0,"event_name":"World of Goop","floor":5,"gold_loss":0},{"cards_removed":["Strike_B"],"damage_healed":0,"gold_gain":0,"player_choice":"Card Removal","damage_taken":0,"max_hp_gain":0,"max_hp_loss":0,"event_name":"The Cleric","floor":8,"gold_loss":50},{"damage_healed":18,"gold_gain":0,"player_choice":"Healed and dodged fight","damage_taken":0,"max_hp_gain":0,"max_hp_loss":0,"event_name":"Mushrooms","floor":12,"gold_loss":0,"cards_obtained":["Parasite"]},{"damage_healed":0,"gold_gain":0,"player_choice":"Rummage","damage_taken":0,"relics_obtained":["WarpedTongs"],"max_hp_gain":0,"max_hp_loss":0,"event_name":"Accursed Blacksmith","floor":13,"gold_loss":0,"cards_obtained":["Pain"]},{"damage_healed":0,"gold_gain":0,"player_choice":"Upgraded","damage_taken":0,"max_hp_gain":0,"max_hp_loss":0,"event_name":"Upgrade Shrine","floor":21,"gold_loss":0,"cards_upgraded":["Go for the Eyes"]}],"is_beta":false,"boss_relics":[{"not_picked":["Tiny House","Ectoplasm"],"picked":"Nuclear Battery"}],"items_purged_floors":[2,11,20,30],"is_endless":false,"potions_floor_spawned":[1,6,22,28,31],"killed_by":"Automaton","ascension_level":13}