{"gold_per_floor":[112,62,36,36,47,47,82,82,82,113,126,5,5,28,28,131,131,146,146],"floor_reached":19,"playtime":1765,"items_purged":["Strike_G"],"score":242,"play_id":"53a4d127-732f-4be4-8ec3-067247e2a636","local_time":"20190219220103","is_ascension_mode":true,"campfire_choices":[{"data":"Infinite Blades","floor":6,"key":"SMITH"},{"data":"Noxious Fumes","floor":8,"key":"SMITH"},{"data":"Catalyst","floor":15,"key":"SMITH"}],"neow_cost":"CURSE","seed_source_timestamp":354374260266023,"circlet_count":0,"master_deck":["Defend_G","Defend_G","Defend_G","Defend_G","Defend_G","Strike_G","Strike_G","Strike_G","Strike_G","Survivor","Neutralize","Noxious Fumes+1","Flying Knee","Infinite Blades+1","Envenom+1","Catalyst+1","Accuracy","Blur","Burst","Masterful Stab+1"],"relics":["Ring of the Snake","Smiling Mask","Orichalcum","Omamori","Odd Mushroom","Runic Pyramid"],"potions_floor_usage":[7,14,16,19],"damage_taken":[{"damage":3,"enemies":"Small Slimes","floor":1,"turns":6},{"damage":0,"enemies":"Cultist","floor":5,"turns":3},{"damage":7,"enemies":"3 Sentries","floor":7,"turns":6},{"damage":18,"enemies":"Gremlin Nob","floor":10,"turns":5},{"damage":4,"enemies":"Jaw Worm","floor":11,"turns":6},{"damage":17,"enemies":"The Mushroom Lair","floor":14,"turns":5},{"damage":4,"enemies":"Hexaghost","floor":16,"turns":8},{"damage":6,"enemies":"Chosen","floor":18,"turns":5},{"damage":64,"enemies":"Masked Bandits","floor":19,"turns":4}],"seed_played":"-3964214236280994167","potions_obtained":[{"floor":5,"key":"Explosive Potion"},{"floor":10,"key":"GamblersBrew"},{"floor":11,"key":"SkillPotion"},{"floor":18,"key":"Block Potion"}],"is_trial":false,"path_per_floor":["M","?","$","?","M","R","E","R","T","E","M","$","?","?","R","B",null,"M","?"],"character_chosen":"THE_SILENT","items_purchased":["Flying Knee","Accuracy"],"campfire_rested":0,"item_purchase_floors":[3,12],"current_hp_per_floor":[60,60,60,80,80,80,73,73,73,55,51,51,51,34,34,30,68,62,0],"gold":146,"neow_bonus":"THREE_RARE_CARDS","is_prod":false,"is_daily":false,"chose_seed":false,"campfire_upgraded":3,"win_rate":0,"timestamp":1550631663,"path_taken":["M","?","$","?","M","R","E","R","T","E","?","$","?","?","R","BOSS","M","?"],"build_version":"2019-01-23","purchased_purges":1,"victory":false,"max_hp_per_floor":[70,70,70,80,80,80,80,80,80,80,80,80,80,80,80,80,80,80,80],"card_choices":[{"not_picked":["Grand Finale","Venomology"],"picked":"Envenom","floor":0},{"not_picked":["Sucker Punch","Tactician"],"picked":"Noxious Fumes","floor":1},{"not_picked":["Poisoned Stab","Dodge and Roll"],"picked":"Infinite Blades","floor":5},{"not_picked":["Acrobatics","Setup"],"picked":"Envenom","floor":7},{"not_picked":["Dodge and Roll","Flechettes","Cloak And Dagger"],"picked":"SKIP","floor":10},{"not_picked":["Masterful Stab","Slice"],"picked":"Catalyst","floor":11},{"not_picked":["Concentrate","Backflip"],"picked":"Blur","floor":14},{"not_picked":["Phantasmal Killer","Die Die Die"],"picked":"Burst","floor":16},{"not_picked":["Slice","Bouncing Flask"],"picked":"Masterful Stab+1","floor":18}],"player_experience":289893,"relics_obtained":[{"floor":7,"key":"Smiling Mask"},{"floor":9,"key":"Orichalcum"},{"floor":10,"key":"Omamori"},{"floor":14,"key":"Odd Mushroom"}],"event_choices":[{"cards_removed":["Injury"],"damage_healed":0,"gold_gain":0,"player_choice":"Card Removal","damage_taken":0,"max_hp_gain":0,"max_hp_loss":0,"event_name":"The Cleric","floor":2,"gold_loss":50},{"cards_removed":["Envenom"],"damage_healed":10,"gold_gain":0,"player_choice":"Offered Rare","damage_taken":0,"max_hp_gain":10,"max_hp_loss":0,"event_name":"Bonfire Elementals","floor":4,"gold_loss":0},{"damage_healed":0,"gold_gain":0,"player_choice":"Grow","damage_taken":0,"max_hp_gain":0,"max_hp_loss":0,"event_name":"Living Wall","floor":13,"gold_loss":0,"cards_upgraded":["Envenom"]},{"damage_healed":0,"gold_gain":0,"player_choice":"Fought Mushrooms","damage_taken":0,"max_hp_gain":0,"max_hp_loss":0,"event_name":"Mushrooms","floor":14,"gold_loss":0},{"damage_healed":0,"gold_gain":0,"player_choice":"Fought Bandits","damage_taken":0,"max_hp_gain":0,"max_hp_loss":0,"event_name":"Masked Bandits","floor":19,"gold_loss":0}],"is_beta":false,"boss_relics":[{"not_picked":["Snecko Eye","Pandora\u0027s Box"],"picked":"Runic Pyramid"}],"items_purged_floors":[12],"is_endless":false,"potions_floor_spawned":[5,10,11,18],"killed_by":"Masked Bandits","ascension_level":8}