{"gold_per_floor":[117,117,130,148,148,177,177,205,205,218,236,9,39,49,49,127,127,106,122,47,47,61,61,91,109,109,109,109,128,128,178,178,250,250,268,1,13,0,0,0,0,0,0,0,14,414,431,442,442,442,442],"floor_reached":51,"playtime":3395,"items_purged":[],"score":1303,"play_id":"a800d8c4-decc-4ccd-a0ab-35b2c1e0c3a3","local_time":"20190604104831","is_ascension_mode":true,"campfire_choices":[{"floor":7,"key":"REST"},{"data":"Streamline","floor":15,"key":"SMITH"},{"data":"Biased Cognition","floor":23,"key":"SMITH"},{"data":"Core Surge","floor":30,"key":"SMITH"},{"data":"Compile Driver","floor":32,"key":"SMITH"},{"data":"Echo Form","floor":40,"key":"SMITH"},{"data":"Dualcast","floor":42,"key":"SMITH"},{"floor":49,"key":"REST"}],"neow_cost":"NONE","seed_source_timestamp":35696188462809,"circlet_count":0,"master_deck":["AscendersBane","Strike_B","Strike_B","Strike_B","Defend_B","Defend_B","Defend_B","Defend_B","Zap+1","Dualcast+1","Compile Driver+1","Core Surge+1","Cold Snap","Streamline+1","Self Repair","Ball Lightning","Conserve Battery+1","Coolheaded+1","Conserve Battery+1","Undo+1","Biased Cognition+1","Necronomicurse","Glacier+1","Rainbow+1","Recycle+1","Writhe","Echo Form+1","Glacier+1","Core Surge+1","Panacea+1","Hologram+1","Capacitor"],"relics":["FrozenCore","NeowsBlessing","Juzu Bracelet","Torii","Toxic Egg 2","Bag of Preparation","Shuriken","Snecko Eye","Necronomicon","Dead Branch","Molten Egg 2","Red Mask","Happy Flower","Old Coin"],"potions_floor_usage":[6,16,24,39,50,50],"damage_taken":[{"damage":0,"enemies":"Jaw Worm","floor":1,"turns":1},{"damage":0,"enemies":"Cultist","floor":3,"turns":1},{"damage":0,"enemies":"2 Louse","floor":4,"turns":1},{"damage":32,"enemies":"3 Sentries","floor":6,"turns":8},{"damage":25,"enemies":"Gremlin Nob","floor":8,"turns":4},{"damage":16,"enemies":"Exordium Thugs","floor":10,"turns":4},{"damage":0,"enemies":"2 Fungi Beasts","floor":11,"turns":3},{"damage":13,"enemies":"3 Sentries","floor":13,"turns":7},{"damage":2,"enemies":"Blue Slaver","floor":14,"turns":4},{"damage":19,"enemies":"Hexaghost","floor":16,"turns":11},{"damage":1,"enemies":"2 Thieves","floor":18,"turns":4},{"damage":1,"enemies":"Shell Parasite","floor":19,"turns":4},{"damage":8,"enemies":"Cultist and Chosen","floor":22,"turns":6},{"damage":19,"enemies":"Gremlin Leader","floor":24,"turns":6},{"damage":1,"enemies":"3 Cultists","floor":25,"turns":5},{"damage":0,"enemies":"Sentry and Sphere","floor":29,"turns":4},{"damage":36,"enemies":"Automaton","floor":33,"turns":11},{"damage":1,"enemies":"3 Shapes","floor":35,"turns":5},{"damage":0,"enemies":"Orb Walker","floor":37,"turns":3},{"damage":0,"enemies":"Writhing Mass","floor":39,"turns":3},{"damage":0,"enemies":"Spire Growth","floor":45,"turns":5},{"damage":0,"enemies":"Mind Bloom Boss Battle","floor":46,"turns":2},{"damage":7,"enemies":"4 Shapes","floor":47,"turns":7},{"damage":25,"enemies":"Jaw Worm Horde","floor":48,"turns":4},{"damage":10,"enemies":"Donu and Deca","floor":50,"turns":12},{"damage":72,"enemies":"Awakened One","floor":51,"turns":4}],"seed_played":"1903001213364728180","potions_obtained":[{"floor":1,"key":"Dexterity Potion"},{"floor":4,"key":"Dexterity Potion"},{"floor":13,"key":"SmokeBomb"},{"floor":16,"key":"SkillPotion"},{"floor":22,"key":"PowerPotion"},{"floor":25,"key":"Regen Potion"},{"floor":47,"key":"FocusPotion"}],"is_trial":false,"path_per_floor":["M","?","M","M","?","E","R","E","T","M","M","$","E","M","R","B",null,"M","M","?","?","M","R","E","M","T","?","?","M","R","?","R","B",null,"M","$","M","?","M","R","?","R","T","?","M","?","M","M","R","B","B"],"character_chosen":"DEFECT","items_purchased":["Bag of Preparation","Conserve Battery+1","Glacier+1","Core Surge+1"],"campfire_rested":2,"item_purchase_floors":[12,12,36,36],"current_hp_per_floor":[64,64,64,64,64,32,53,28,28,19,26,26,20,25,25,13,57,63,69,69,48,47,47,35,34,34,48,48,55,55,55,55,26,60,71,71,71,71,71,71,71,71,71,67,67,67,67,49,67,67,0],"gold":442,"neow_bonus":"THREE_ENEMY_KILL","is_prod":false,"is_daily":false,"chose_seed":false,"campfire_upgraded":6,"win_rate":0,"timestamp":1559659711,"path_taken":["M","?","?","M","?","E","R","E","T","M","M","?","E","M","R","BOSS","M","M","?","?","M","R","E","M","T","?","?","M","R","?","R","BOSS","M","$","M","?","M","R","?","R","T","?","M","?","M","M","R","BOSS","BOSS"],"build_version":"2019-01-23","purchased_purges":0,"victory":false,"max_hp_per_floor":[71,71,71,71,71,71,71,71,71,71,71,71,71,71,71,71,71,71,71,71,71,71,71,71,71,71,71,71,71,71,71,71,71,71,71,71,71,71,71,71,71,71,71,67,67,67,67,67,67,67,67],"card_choices":[{"not_picked":["Scrape","Hello World","Storm"],"picked":"SKIP","floor":1},{"not_picked":["White Noise","Ball Lightning"],"picked":"Cold Snap","floor":3},{"not_picked":["Hologram","Rebound"],"picked":"Streamline","floor":4},{"not_picked":["Chaos","Scrape"],"picked":"Self Repair","floor":6},{"not_picked":["White Noise","Double Energy"],"picked":"Ball Lightning","floor":8},{"not_picked":["Rainbow+1","Gash"],"picked":"Conserve Battery+1","floor":10},{"not_picked":["Rip and Tear","Go for the Eyes"],"picked":"Coolheaded+1","floor":11},{"not_picked":["Turbo+1","Self Repair"],"picked":"Undo+1","floor":13},{"not_picked":["Coolheaded+1","Undo+1","Compile Driver"],"picked":"SKIP","floor":14},{"not_picked":["Meteor Strike","Echo Form"],"picked":"Biased Cognition","floor":16},{"not_picked":["Reprogram+1","Stack+1","Compile Driver"],"picked":"SKIP","floor":18},{"not_picked":["Rebound","Cold Snap","Redo+1"],"picked":"SKIP","floor":19},{"not_picked":["Rebound","Coolheaded+1"],"picked":"Glacier+1","floor":22},{"not_picked":["Rebound","Turbo+1"],"picked":"Rainbow+1","floor":24},{"not_picked":["Hologram+1","Aggregate+1"],"picked":"Recycle+1","floor":25},{"not_picked":["Go for the Eyes+1","Streamline+1","Stack+1"],"picked":"SKIP","floor":29},{"not_picked":["Core Surge+1","Machine Learning"],"picked":"Echo Form","floor":33},{"not_picked":["BootSequence+1","Cold Snap+1","Barrage+1"],"picked":"SKIP","floor":35},{"not_picked":["Rebound+1","Hologram+1","Go for the Eyes+1"],"picked":"SKIP","floor":37},{"not_picked":["Transmutation+1","Finesse+1"],"picked":"Panacea+1","floor":41},{"not_picked":["Go for the Eyes+1","Cold Snap+1","Chaos+1"],"picked":"SKIP","floor":45},{"not_picked":["Cold Snap+1","Beam Cell+1"],"picked":"Hologram+1","floor":46},{"not_picked":["Hologram+1","BootSequence+1","FTL+1"],"picked":"SKIP","floor":47},{"not_picked":["Barrage+1","Rebound+1"],"picked":"Capacitor","floor":48}],"player_experience":828411,"relics_obtained":[{"floor":6,"key":"Juzu Bracelet"},{"floor":8,"key":"Torii"},{"floor":9,"key":"Toxic Egg 2"},{"floor":13,"key":"Shuriken"},{"floor":21,"key":"Necronomicon"},{"floor":24,"key":"Dead Branch"},{"floor":26,"key":"Molten Egg 2"},{"floor":43,"key":"Happy Flower"},{"floor":46,"key":"Old Coin"}],"event_choices":[{"damage_healed":0,"gold_gain":0,"player_choice":"2 cards matched","damage_taken":0,"max_hp_gain":0,"max_hp_loss":0,"event_name":"Match and Keep!","floor":2,"gold_loss":0,"cards_obtained":["Compile Driver","Core Surge"]},{"damage_healed":0,"gold_gain":0,"player_choice":"Upgraded","damage_taken":0,"max_hp_gain":0,"max_hp_loss":0,"event_name":"Upgrade Shrine","floor":5,"gold_loss":0,"cards_upgraded":["Zap"]},{"cards_removed":["Strike_B"],"damage_healed":0,"gold_gain":0,"player_choice":"Gave Gold","damage_taken":0,"max_hp_gain":0,"max_hp_loss":0,"event_name":"Beggar","floor":20,"gold_loss":75},{"damage_healed":0,"gold_gain":0,"player_choice":"Obtained Book","damage_taken":21,"max_hp_gain":0,"max_hp_loss":0,"event_name":"Cursed Tome","floor":21,"gold_loss":0},{"damage_healed":14,"gold_gain":0,"player_choice":"Heal","damage_taken":0,"max_hp_gain":0,"max_hp_loss":0,"event_name":"The Library","floor":27,"gold_loss":0},{"damage_healed":0,"gold_gain":0,"player_choice":"1 cards matched","damage_taken":0,"max_hp_gain":0,"max_hp_loss":0,"event_name":"Match and Keep!","floor":28,"gold_loss":0,"cards_obtained":["Writhe"]},{"damage_healed":0,"gold_gain":50,"player_choice":"Stole From Cult","damage_taken":0,"max_hp_gain":0,"max_hp_loss":0,"event_name":"Nest","floor":31,"gold_loss":0},{"damage_healed":0,"gold_gain":0,"player_choice":"Paid","damage_taken":0,"relics_obtained":["Red Mask"],"max_hp_gain":0,"max_hp_loss":0,"event_name":"Tomb of Lord Red Mask","floor":38,"gold_loss":13},{"damage_healed":0,"gold_gain":0,"player_choice":"Memory 1","damage_taken":0,"max_hp_gain":0,"max_hp_loss":0,"event_name":"SensoryStone","floor":41,"gold_loss":0},{"damage_healed":0,"gold_gain":0,"player_choice":"Max HP","damage_taken":0,"max_hp_gain":0,"max_hp_loss":4,"event_name":"Winding Halls","floor":44,"gold_loss":0},{"damage_healed":0,"gold_gain":0,"player_choice":"Fight","damage_taken":0,"max_hp_gain":0,"max_hp_loss":0,"event_name":"MindBloom","floor":46,"gold_loss":0}],"is_beta":false,"boss_relics":[{"not_picked":["Black Star","Tiny House"],"picked":"Snecko Eye"},{"not_picked":["Orrery","Runic Pyramid"],"picked":"FrozenCore"}],"items_purged_floors":[],"is_endless":false,"potions_floor_spawned":[1,4,13,14,16,18,22,25,29,37,47,48],"killed_by":"Awakened One","ascension_level":20}