{"gold_per_floor":[15,31,31,31,44,76,76,76,127,127,160,173,173,183,183,258,258,271,271],"floor_reached":19,"playtime":857,"items_purged":[],"score":354,"play_id":"c1fcc478-d4f0-40c1-8917-bc2a5ec6d7eb","local_time":"20190604091855","is_ascension_mode":true,"campfire_choices":[{"data":"Echo Form","floor":8,"key":"SMITH"},{"data":"Zap","floor":10,"key":"SMITH"},{"floor":13,"key":"REST"},{"data":"Beam Cell","floor":15,"key":"SMITH"}],"neow_cost":"NO_GOLD","seed_source_timestamp":32858966444060,"circlet_count":0,"master_deck":["AscendersBane","Zap+1","Dualcast","Electrodynamics","Beam Cell+1","Streamline","Echo Form+1","Stack","Reinforced Body","Cold Snap","Rainbow","Reprogram","Rebound","Aggregate","Redo","Force Field","Blizzard","Fusion","Tempest","Melter"],"relics":["Cracked Core","Bag of Marbles","Ancient Tea Set","Orichalcum","Potion Belt","Pandora\u0027s Box"],"potions_floor_usage":[12,16,16],"damage_taken":[{"damage":4,"enemies":"Jaw Worm","floor":1,"turns":5},{"damage":2,"enemies":"2 Louse","floor":2,"turns":3},{"damage":6,"enemies":"Small Slimes","floor":5,"turns":2},{"damage":8,"enemies":"Gremlin Nob","floor":6,"turns":3},{"damage":29,"enemies":"Lagavulin","floor":11,"turns":6},{"damage":14,"enemies":"Gremlin Gang","floor":12,"turns":4},{"damage":0,"enemies":"2 Fungi Beasts","floor":14,"turns":3},{"damage":16,"enemies":"The Guardian","floor":16,"turns":12},{"damage":22,"enemies":"Spheric Guardian","floor":18,"turns":5},{"damage":0,"enemies":"2 Thieves","floor":19,"turns":1}],"seed_played":"790765474560146038","potions_obtained":[{"floor":5,"key":"Regen Potion"},{"floor":12,"key":"AttackPotion"},{"floor":14,"key":"Block Potion"},{"floor":16,"key":"FairyPotion"}],"is_trial":false,"path_per_floor":["M","M","?","?","M","E","?","R","T","R","E","M","R","M","R","B",null,"M","M"],"character_chosen":"DEFECT","items_purchased":[],"campfire_rested":1,"item_purchase_floors":[],"current_hp_per_floor":[60,58,63,58,52,44,44,44,44,44,15,6,28,28,28,12,60,38,38],"gold":271,"neow_bonus":"THREE_RARE_CARDS","is_prod":false,"is_daily":false,"chose_seed":false,"campfire_upgraded":3,"win_rate":0,"timestamp":1559654335,"path_taken":["M","M","?","?","M","E","?","R","T","R","E","M","R","?","R","BOSS","M","M"],"build_version":"2019-01-23","purchased_purges":0,"victory":false,"max_hp_per_floor":[71,71,76,76,76,76,76,76,76,76,76,76,76,76,76,76,76,76,76],"card_choices":[{"not_picked":["Hyperbeam","Biased Cognition"],"picked":"Electrodynamics","floor":0},{"not_picked":["Rebound","Streamline"],"picked":"Beam Cell","floor":1},{"not_picked":["Stack","Storm"],"picked":"Streamline","floor":2},{"not_picked":["Tempest","Fusion","Go for the Eyes"],"picked":"SKIP","floor":5},{"not_picked":["Glacier","Leap"],"picked":"Echo Form","floor":6},{"not_picked":["Steam","Rainbow"],"picked":"Reinforced Body","floor":11},{"not_picked":["Go for the Eyes","Hello World","Turbo"],"picked":"SKIP","floor":12},{"not_picked":["Melter","Steam Power"],"picked":"Cold Snap","floor":14},{"not_picked":["Fission","All For One"],"picked":"Rainbow","floor":16},{"not_picked":["Beam Cell","Sweeping Beam"],"picked":"Melter","floor":18}],"player_experience":827010,"relics_obtained":[{"floor":6,"key":"Ancient Tea Set"},{"floor":9,"key":"Orichalcum"},{"floor":11,"key":"Potion Belt"}],"event_choices":[{"damage_healed":0,"gold_gain":0,"player_choice":"Donut","damage_taken":0,"max_hp_gain":5,"max_hp_loss":0,"event_name":"Big Fish","floor":3,"gold_loss":0},{"damage_healed":0,"gold_gain":0,"player_choice":"Success","damage_taken":5,"relics_obtained":["Bag of Marbles"],"max_hp_gain":0,"max_hp_loss":0,"event_name":"Scrap Ooze","floor":4,"gold_loss":0},{"damage_healed":0,"gold_gain":0,"player_choice":"1 cards matched","damage_taken":0,"max_hp_gain":0,"max_hp_loss":0,"event_name":"Match and Keep!","floor":7,"gold_loss":0,"cards_obtained":["Stack"]}],"is_beta":false,"boss_relics":[{"not_picked":["Calling Bell","Velvet Choker"],"picked":"Pandora\u0027s Box"}],"items_purged_floors":[],"is_endless":false,"potions_floor_spawned":[5,12,14,16],"killed_by":"2 Thieves","ascension_level":20}