{"gold_per_floor":[111,111,121,121,46,73,73,100,100,100,115,115,115,126,126,126],"floor_reached":16,"playtime":431,"items_purged":["Regret"],"score":259,"play_id":"34e3cc79-c249-44fc-b9f9-29346039be14","local_time":"20190529222803","is_ascension_mode":true,"campfire_choices":[{"floor":7,"key":"REST"},{"floor":10,"key":"REST"},{"data":"Bouncing Flask","floor":13,"key":"SMITH"},{"floor":15,"key":"REST"}],"neow_cost":"NONE","seed_source_timestamp":1055860453461773,"circlet_count":0,"master_deck":["AscendersBane","Defend_G","Defend_G","Defend_G","Defend_G","Defend_G","Strike_G","Strike_G","Strike_G","Strike_G","Survivor","Neutralize","Backflip","Leg Sweep","Acrobatics","Bouncing Flask+1"],"relics":["Ring of the Snake","NeowsBlessing","Pocketwatch","Ancient Tea Set","Smiling Mask","Art of War","Incense Burner"],"potions_floor_usage":[14,14],"damage_taken":[{"damage":0,"enemies":"Small Slimes","floor":1,"turns":1},{"damage":0,"enemies":"Jaw Worm","floor":3,"turns":1},{"damage":0,"enemies":"3 Sentries","floor":6,"turns":1},{"damage":51,"enemies":"Gremlin Nob","floor":8,"turns":6},{"damage":1,"enemies":"Cultist","floor":11,"turns":3},{"damage":2,"enemies":"Lots of Slimes","floor":14,"turns":4},{"damage":43,"enemies":"Slime Boss","floor":16,"turns":10}],"seed_played":"-6790921263307811313","potions_obtained":[{"floor":6,"key":"LiquidBronze"},{"floor":14,"key":"Fruit Juice"}],"is_trial":false,"path_per_floor":["M","?","M","?","$","E","R","E","T","R","M","?","R","M","R","B"],"character_chosen":"THE_SILENT","items_purchased":[],"campfire_rested":3,"item_purchase_floors":[],"current_hp_per_floor":[59,33,33,33,33,33,52,1,1,20,19,19,19,22,43,0],"gold":126,"neow_bonus":"THREE_ENEMY_KILL","is_prod":false,"is_daily":false,"chose_seed":false,"campfire_upgraded":1,"win_rate":0,"timestamp":1559183283,"path_taken":["M","?","M","?","?","E","R","E","T","R","M","?","R","M","R","BOSS"],"build_version":"2019-01-23","purchased_purges":1,"victory":false,"max_hp_per_floor":[66,66,66,66,66,66,66,66,66,66,66,66,66,71,71,71],"card_choices":[{"not_picked":["Deflect","Escape Plan"],"picked":"Backflip","floor":1},{"not_picked":["Expertise","Flying Knee"],"picked":"Leg Sweep","floor":3},{"not_picked":["Grand Finale","Deflect"],"picked":"Acrobatics","floor":6},{"not_picked":["Cloak And Dagger","Blade Dance"],"picked":"Bouncing Flask","floor":8},{"not_picked":["Backflip","Setup","Slice"],"picked":"SKIP","floor":11},{"not_picked":["Expertise","Deflect","Sucker Punch"],"picked":"SKIP","floor":14}],"player_experience":792729,"relics_obtained":[{"floor":6,"key":"Smiling Mask"},{"floor":8,"key":"Art of War"},{"floor":9,"key":"Incense Burner"}],"event_choices":[{"damage_healed":0,"gold_gain":0,"player_choice":"Success","damage_taken":26,"relics_obtained":["Pocketwatch"],"max_hp_gain":0,"max_hp_loss":0,"event_name":"Scrap Ooze","floor":2,"gold_loss":0},{"damage_healed":0,"gold_gain":0,"player_choice":"Box","damage_taken":0,"relics_obtained":["Ancient Tea Set"],"max_hp_gain":0,"max_hp_loss":0,"event_name":"Big Fish","floor":4,"gold_loss":0,"cards_obtained":["Regret"]},{"cards_removed":["Strike_G"],"damage_healed":0,"gold_gain":0,"player_choice":"Purged","damage_taken":0,"max_hp_gain":0,"max_hp_loss":0,"event_name":"Purifier","floor":12,"gold_loss":0}],"is_beta":false,"boss_relics":[],"items_purged_floors":[5],"is_endless":false,"potions_floor_spawned":[6,14],"killed_by":"Slime Boss","ascension_level":19}