{"gold_per_floor":[116,116,133,143,155,155,170,201,227,227,246,262,273,273,273,273],"floor_reached":16,"playtime":728,"items_purged":[],"score":212,"play_id":"63d213c4-bf13-49c4-b6ea-af6f25d86493","local_time":"20190614162657","is_ascension_mode":true,"campfire_choices":[{"floor":6,"key":"REST"},{"floor":10,"key":"REST"},{"data":"Envenom","floor":15,"key":"SMITH"}],"neow_cost":"NONE","seed_source_timestamp":0,"circlet_count":0,"master_deck":["AscendersBane","Defend_G","Defend_G","Defend_G","Defend_G","Defend_G","Strike_G","Strike_G","Strike_G","Survivor","Neutralize","Riddle With Holes","Bouncing Flask","Dagger Spray","Flechettes","Predator","Envenom+1"],"special_seed":0,"relics":["Ring of the Snake","Singing Bowl","Anchor"],"potions_floor_usage":[5,8,16,16],"damage_taken":[{"damage":31.0,"enemies":"Jaw Worm","floor":1.0,"turns":10.0},{"damage":0.0,"enemies":"Cultist","floor":3.0,"turns":4.0},{"damage":1.0,"enemies":"2 Louse","floor":4.0,"turns":3.0},{"damage":18,"enemies":"Large Slime","floor":5,"turns":6},{"damage":15,"enemies":"Exordium Wildlife","floor":7,"turns":3},{"damage":10,"enemies":"3 Sentries","floor":8,"turns":4},{"damage":3,"enemies":"2 Fungi Beasts","floor":11,"turns":4},{"damage":0,"enemies":"3 Louse","floor":12,"turns":4},{"damage":0,"enemies":"Large Slime","floor":13,"turns":4},{"damage":27,"enemies":"Hexaghost","floor":16,"turns":9}],"seed_played":"5279449268531297867","potions_obtained":[{"floor":3.0,"key":"Poison Potion"},{"floor":5,"key":"AttackPotion"},{"floor":11,"key":"Energy Potion"},{"floor":13,"key":"Explosive Potion"}],"is_trial":false,"path_per_floor":["M","?","M","M","M","R","M","E","T","R","M","M","M","?","R","B"],"character_chosen":"THE_SILENT","items_purchased":[],"campfire_rested":2,"item_purchase_floors":[],"current_hp_per_floor":[28,28,28,27,9,28,13,5,5,25,24,26,26,26,26,0],"gold":273,"neow_bonus":"REMOVE_CARD","is_prod":false,"is_daily":false,"chose_seed":false,"campfire_upgraded":1,"win_rate":0,"timestamp":1560544017,"path_taken":["M","?","M","M","?","R","?","E","T","R","M","M","M","?","R","BOSS"],"build_version":"2019-01-23","purchased_purges":0,"victory":false,"max_hp_per_floor":[66,66,66,66,66,66,66,68,68,68,70,72,72,72,72,72],"card_choices":[{"not_picked":["Outmaneuver","Catalyst","Accuracy"],"picked":"SKIP","floor":1.0},{"not_picked":["Flying Knee","Underhanded Strike"],"picked":"Bouncing Flask","floor":3.0},{"not_picked":["PiercingWail","Acrobatics"],"picked":"Dagger Spray","floor":4.0},{"not_picked":["Poisoned Stab","PiercingWail"],"picked":"Flechettes","floor":5},{"not_picked":["All Out Attack","Quick Slash"],"picked":"Predator","floor":7},{"not_picked":["Cloak And Dagger","Poisoned Stab","Bouncing Flask"],"picked":"Singing Bowl","floor":8},{"not_picked":["Tactician","Backflip","Riddle With Holes"],"picked":"Singing Bowl","floor":11},{"not_picked":["Skewer","Accuracy","Dagger Throw"],"picked":"Singing Bowl","floor":12},{"not_picked":["PiercingWail","Cloak And Dagger"],"picked":"Envenom","floor":13}],"player_experience":894130,"relics_obtained":[{"floor":8,"key":"Singing Bowl"},{"floor":9,"key":"Anchor"}],"event_choices":[{"damage_healed":0.0,"max_hp_gain":0.0,"max_hp_loss":0.0,"gold_gain":0.0,"cards_transformed":["Strike_G"],"event_name":"Transmorgrifier","player_choice":"Transformed","floor":2.0,"gold_loss":0.0,"damage_taken":0.0,"cards_obtained":["Riddle With Holes"]},{"damage_healed":0,"gold_gain":0,"player_choice":"Ignored","damage_taken":0,"max_hp_gain":0,"max_hp_loss":0,"event_name":"Liars Game","floor":14,"gold_loss":0}],"is_beta":false,"boss_relics":[],"items_purged_floors":[],"is_endless":false,"potions_floor_spawned":[3,5,11,13],"killed_by":"Hexaghost","ascension_level":20}