{"gold_per_floor":[112,112,112,37,50,50,62,16,16,16,40,58,102,32,32,156,156,174,174],"floor_reached":19,"playtime":644,"items_purged":["Injury"],"score":267,"play_id":"b474b4af-52ce-4e39-9f11-cdea99aefe72","local_time":"20180815182221","is_ascension_mode":true,"campfire_choices":[{"data":"Poisoned Stab","floor":6,"key":"SMITH"},{"floor":15,"key":"REST"}],"neow_cost":"NONE","seed_source_timestamp":443198654000212,"circlet_count":0,"master_deck":["Defend_G","Defend_G","Defend_G","Defend_G","Defend_G","Strike_G","Strike_G","Strike_G","Survivor","Neutralize+1","AscendersBane","Cloak And Dagger+1","Poisoned Stab+1","Leg Sweep","Deadly Poison","Deadly Poison","Backflip","Distraction","Dash","Burst","Backflip+1"],"relics":["Ring of the Snake","Snake Skull","Smiling Mask","Golden Idol","Darkstone Periapt","Empty Cage"],"potions_floor_usage":[13,16,18,19],"damage_taken":[{"damage":4,"enemies":"Jaw Worm","floor":1,"turns":7},{"damage":0,"enemies":"Cultist","floor":5,"turns":3},{"damage":0,"enemies":"Small Slimes","floor":7,"turns":3},{"damage":0,"enemies":"Blue Slaver","floor":11,"turns":3},{"damage":1,"enemies":"3 Louse","floor":12,"turns":3},{"damage":20,"enemies":"Gremlin Nob","floor":13,"turns":4},{"damage":10,"enemies":"Hexaghost","floor":16,"turns":9},{"damage":8,"enemies":"Shell Parasite","floor":18,"turns":8},{"damage":56,"floor":19,"turns":5}],"seed_played":"5599099784580970214","potions_obtained":[{"floor":1,"key":"Strength Potion"},{"floor":12,"key":"LiquidBronze"},{"floor":18,"key":"Fire Potion"}],"is_trial":false,"path_per_floor":["M","?","?","$","M","R","M","$","T","?","M","M","E","$","R","B",null,"M"],"character_chosen":"THE_SILENT","items_purchased":["Deadly Poison","Dash"],"campfire_rested":1,"item_purchase_floors":[8,14],"current_hp_per_floor":[59,59,26,26,26,26,26,26,26,26,26,25,5,5,24,14,52,44,0],"gold":174,"neow_bonus":"UPGRADE_CARD","is_prod":false,"is_daily":false,"chose_seed":false,"campfire_upgraded":1,"win_rate":0,"timestamp":1534382541,"path_taken":["M","?","?","$","M","R","M","$","T","?","?","M","E","?","R","BOSS","M","?"],"build_version":"2018-08-14","purchased_purges":1,"victory":false,"max_hp_per_floor":[70,70,70,70,70,70,70,70,70,65,65,65,65,65,65,65,65,65,65],"card_choices":[{"not_picked":["Tactician","Endless Agony"],"picked":"Cloak And Dagger","floor":1},{"not_picked":["Terror","Prepared"],"picked":"Poisoned Stab","floor":5},{"not_picked":["PiercingWail","Skewer"],"picked":"Leg Sweep","floor":7},{"not_picked":["Cloak And Dagger","Dagger Spray"],"picked":"Deadly Poison","floor":11},{"not_picked":["Dodge and Roll","Cloak And Dagger"],"picked":"Backflip","floor":12},{"not_picked":["Flechettes","Infinite Blades"],"picked":"Distraction","floor":13},{"not_picked":["Night Terror","Doppelganger"],"picked":"Burst","floor":16},{"not_picked":["Calculated Gamble","Slice"],"picked":"Backflip+1","floor":18}],"player_experience":762466,"relics_obtained":[{"floor":9,"key":"Smiling Mask"},{"floor":13,"key":"Darkstone Periapt"}],"event_choices":[{"event_name":"Accursed Blacksmith","player_choice":"Forge","floor":2,"damage_taken":0},{"event_name":"Scrap Ooze","player_choice":"success","floor":3,"damage_taken":33},{"event_name":"Golden Idol","player_choice":"Lose Max HP","floor":10,"damage_taken":0},{"event_name":"Masked Bandits","player_choice":"Fought Bandits","floor":19,"damage_taken":0}],"is_beta":true,"boss_relics":[{"not_picked":["Lizard Tail","Tiny House"],"picked":"Empty Cage"}],"items_purged_floors":[4],"is_endless":false,"potions_floor_spawned":[1,12,18],"ascension_level":12}