{"gold_per_floor":[110,125,137,137,155,185,185,143,143,174,28,28,43,62,62,165,165,180,197,197,208,208],"floor_reached":22,"playtime":862,"items_purged":[],"score":288,"play_id":"ed3f7d15-d0a4-4fca-a1f4-fd4ba4e0d37a","local_time":"20190630011032","is_ascension_mode":true,"campfire_choices":[{"data":"Pommel Strike","floor":7,"key":"SMITH"},{"floor":12,"key":"REST"},{"data":"Whirlwind","floor":15,"key":"SMITH"}],"neow_cost":"NONE","seed_source_timestamp":605152610121944,"circlet_count":0,"master_deck":["Strike_R","Strike_R","Strike_R","Strike_R","Defend_R","Defend_R","Defend_R","Defend_R","Bash","Iron Wave","Carnage","Rampage","Pommel Strike+1","Feed","Headbutt","Cleave","Whirlwind+1","Demon Form","Armaments","Berserk","Headbutt"],"relics":["Burning Blood","NeowsBlessing","Bottled Lightning","Matryoshka","Pear","Dream Catcher","Sozu"],"potions_floor_usage":[5,6,14],"damage_taken":[{"damage":0,"enemies":"Jaw Worm","floor":1,"turns":1},{"damage":0,"enemies":"2 Louse","floor":2,"turns":2},{"damage":0,"enemies":"Small Slimes","floor":3,"turns":1},{"damage":13,"enemies":"Exordium Thugs","floor":5,"turns":5},{"damage":40,"enemies":"Lagavulin","floor":6,"turns":5},{"damage":27,"enemies":"Gremlin Nob","floor":10,"turns":4},{"damage":16,"enemies":"Lots of Slimes","floor":13,"turns":5},{"damage":0,"enemies":"3 Louse","floor":14,"turns":2},{"damage":30,"enemies":"Slime Boss","floor":16,"turns":9},{"damage":31,"enemies":"2 Thieves","floor":18,"turns":4},{"damage":22,"enemies":"Spheric Guardian","floor":19,"turns":4},{"damage":46,"enemies":"Snake Plant","floor":21,"turns":5},{"damage":39,"enemies":"Sentry and Sphere","floor":22,"turns":6}],"seed_played":"3363126327725474302","potions_obtained":[{"floor":2,"key":"Regen Potion"},{"floor":5,"key":"Fruit Juice"},{"floor":13,"key":"Energy Potion"}],"is_trial":false,"path_per_floor":["M","M","M","?","M","E","R","?","T","E","?","R","M","M","R","B",null,"M","M","?","M","M"],"character_chosen":"IRONCLAD","items_purchased":[],"campfire_rested":1,"item_purchase_floors":[],"current_hp_per_floor":[80,80,80,85,85,56,56,56,56,45,45,75,68,74,74,53,106,84,71,71,31,0],"gold":208,"neow_bonus":"THREE_ENEMY_KILL","is_prod":false,"is_daily":false,"chose_seed":false,"campfire_upgraded":2,"win_rate":0,"timestamp":1561882232,"path_taken":["M","M","M","?","M","E","R","?","T","E","?","R","?","M","R","BOSS","M","M","?","?","M"],"build_version":"2019-01-23","purchased_purges":0,"victory":false,"max_hp_per_floor":[80,80,80,85,85,90,90,90,90,100,100,100,103,103,103,106,106,109,112,112,112,112],"card_choices":[{"not_picked":["Armaments","Combust"],"picked":"Iron Wave","floor":1},{"not_picked":["Shrug It Off","Heavy Blade"],"picked":"Carnage","floor":2},{"not_picked":["Perfected Strike","Armaments","Flex"],"picked":"SKIP","floor":3},{"not_picked":["Warcry","Burning Pact"],"picked":"Rampage","floor":5},{"not_picked":["Sword Boomerang","Thunderclap"],"picked":"Pommel Strike","floor":6},{"not_picked":["Shrug It Off","Perfected Strike"],"picked":"Feed","floor":10},{"not_picked":["Perfected Strike","Burning Pact"],"picked":"Headbutt","floor":12},{"not_picked":["Clothesline","Iron Wave"],"picked":"Cleave","floor":13},{"not_picked":["Seeing Red","Fire Breathing"],"picked":"Whirlwind","floor":14},{"not_picked":["Berserk","Offering"],"picked":"Demon Form","floor":16},{"not_picked":["Havoc+1","Rampage"],"picked":"Armaments","floor":18},{"not_picked":["Perfected Strike","Combust+1","Rupture"],"picked":"SKIP","floor":19},{"not_picked":["Heavy Blade","Bloodletting"],"picked":"Headbutt","floor":21}],"player_experience":546918,"relics_obtained":[{"floor":6,"key":"Bottled Lightning"},{"floor":9,"key":"Matryoshka"},{"floor":10,"key":"Pear"}],"event_choices":[{"damage_healed":0,"gold_gain":0,"player_choice":"Donut","damage_taken":0,"max_hp_gain":5,"max_hp_loss":0,"event_name":"Big Fish","floor":4,"gold_loss":0},{"damage_healed":0,"gold_gain":0,"player_choice":"Left Gold","damage_taken":0,"max_hp_gain":0,"max_hp_loss":0,"event_name":"World of Goop","floor":8,"gold_loss":42},{"damage_healed":0,"gold_gain":0,"player_choice":"Paid Gold","damage_taken":0,"relics_obtained":["Dream Catcher"],"max_hp_gain":0,"max_hp_loss":0,"event_name":"WeMeetAgain","floor":11,"gold_loss":146},{"damage_healed":0,"gold_gain":0,"cards_transformed":["Strike_R"],"player_choice":"Transformed","damage_taken":0,"max_hp_gain":0,"max_hp_loss":0,"event_name":"Transmorgrifier","floor":20,"gold_loss":0,"cards_obtained":["Berserk"]}],"is_beta":false,"boss_relics":[{"not_picked":["Cursed Key","White Beast Statue"],"picked":"Sozu"}],"items_purged_floors":[],"is_endless":false,"potions_floor_spawned":[2,5,13,19],"killed_by":"Sentry and Sphere","ascension_level":4}