{"gold_per_floor":[113,113,127,144,160,160,85,85,85,98,112,140,157,187,187,291,291,302,331,331,344,244,269,280,298,325,337,399,411,442,467,479,491],"floor_reached":33,"playtime":2027,"items_purged":["Strike_R","Strike_R"],"score":271,"play_id":"ee668aaa-2788-4999-8c88-72f8e9ddc9b6","local_time":"20190619190653","daily_mods":["Uncertain Future"],"is_ascension_mode":false,"campfire_choices":[{"data":"Shrug It Off","floor":6,"key":"SMITH"},{"data":"Bash","floor":8,"key":"SMITH"},{"data":"Double Tap","floor":15,"key":"SMITH"},{"data":"Defend_R","floor":27,"key":"SMITH"},{"data":"Defend_R","floor":29,"key":"SMITH"},{"data":"Defend_R","floor":32,"key":"SMITH"}],"neow_cost":"","seed_source_timestamp":0,"circlet_count":0,"master_deck":["Strike_R","Strike_R","Strike_R","Defend_R","Defend_R+1","Defend_R+1","Defend_R+1","Bash+1","Rampage+1","Headbutt","Shrug It Off+1","Double Tap+1","Cleave","Warcry","Juggernaut","Headbutt","True Grit"],"relics":["Burning Blood","Letter Opener","Nunchaku","Odd Mushroom","Coffee Dripper","Red Mask","Mercury Hourglass","MawBank"],"potions_floor_usage":[4,11,12,12,19,30,31],"damage_taken":[{"damage":6,"enemies":"Cultist","floor":1,"turns":3},{"damage":6,"enemies":"Jaw Worm","floor":3,"turns":3},{"damage":0,"enemies":"Small Slimes","floor":4,"turns":3},{"damage":6,"enemies":"2 Fungi Beasts","floor":5,"turns":3},{"damage":7,"enemies":"3 Louse","floor":10,"turns":3},{"damage":1,"enemies":"Red Slaver","floor":11,"turns":2},{"damage":13,"enemies":"3 Sentries","floor":12,"turns":8},{"damage":15,"enemies":"Exordium Wildlife","floor":13,"turns":4},{"damage":9,"enemies":"The Mushroom Lair","floor":14,"turns":4},{"damage":20,"enemies":"Slime Boss","floor":16,"turns":8},{"damage":0,"enemies":"Spheric Guardian","floor":18,"turns":3},{"damage":32,"enemies":"Masked Bandits","floor":19,"turns":4},{"damage":5,"enemies":"2 Thieves","floor":21,"turns":3},{"damage":10,"enemies":"Gremlin Leader","floor":23,"turns":4},{"damage":5,"enemies":"Snake Plant","floor":24,"turns":4},{"damage":27,"enemies":"Cultist and Chosen","floor":25,"turns":5},{"damage":11,"enemies":"Centurion and Healer","floor":30,"turns":4},{"damage":11,"enemies":"Sentry and Sphere","floor":31,"turns":4},{"damage":55,"enemies":"Champ","floor":33,"turns":8}],"seed_played":"-5033741961940493641","potions_obtained":[{"floor":1,"key":"Explosive Potion"},{"floor":3,"key":"SkillPotion"},{"floor":4,"key":"Poison Potion"},{"floor":5,"key":"Block Potion"},{"floor":16,"key":"LiquidBronze"},{"floor":25,"key":"Weak Potion"},{"floor":30,"key":"Regen Potion"},{"floor":31,"key":"SmokeBomb"}],"is_trial":true,"path_per_floor":["M","?","M","M","M","R","$","R","T","M","M","E","M","?","R","B",null,"M","?","?","M","$","E","M","M","T","R","?","R","M","M","R","B"],"character_chosen":"IRONCLAD","items_purchased":[],"campfire_rested":0,"item_purchase_floors":[],"current_hp_per_floor":[80,80,80,80,80,80,80,80,80,79,80,73,64,61,61,47,80,80,54,80,80,80,76,77,56,56,56,56,56,51,55,55,0],"gold":491,"neow_bonus":"","is_prod":false,"is_daily":false,"chose_seed":false,"campfire_upgraded":6,"win_rate":0,"timestamp":1560996413,"path_taken":["M","?","?","M","M","R","$","R","T","M","M","E","M","?","R","BOSS","M","?","?","M","$","E","M","M","T","R","?","R","M","M","R","BOSS"],"build_version":"2019-01-23","purchased_purges":2,"victory":false,"max_hp_per_floor":[80,80,80,80,80,80,80,80,80,80,80,80,80,80,80,80,80,80,80,80,80,80,80,80,80,80,80,80,80,80,80,80,80],"card_choices":[{"not_picked":["Bloodletting","Armaments"],"picked":"Rampage","floor":1},{"not_picked":["Spot Weakness","Sword Boomerang","Burning Pact"],"picked":"SKIP","floor":3},{"not_picked":["Perfected Strike","Twin Strike"],"picked":"Headbutt","floor":4},{"not_picked":["Havoc","Headbutt"],"picked":"Shrug It Off","floor":5},{"not_picked":["Anger","Ghostly Armor","Power Through"],"picked":"SKIP","floor":10},{"not_picked":["Heavy Blade","Iron Wave"],"picked":"Double Tap","floor":11},{"not_picked":["Sword Boomerang","Wild Strike"],"picked":"Cleave","floor":12},{"not_picked":["Havoc","Carnage"],"picked":"Warcry","floor":13},{"not_picked":["Dark Embrace","Limit Break"],"picked":"Juggernaut","floor":16},{"not_picked":["Sword Boomerang","Carnage","Thunderclap+1"],"picked":"SKIP","floor":18},{"not_picked":["Body Slam+1","Clash"],"picked":"Headbutt","floor":19},{"not_picked":["Feel No Pain","Hemokinesis","Fiend Fire"],"picked":"SKIP","floor":21},{"not_picked":["Rupture","Sword Boomerang","Clothesline"],"picked":"SKIP","floor":23},{"not_picked":["Ghostly Armor+1","Heavy Blade"],"picked":"True Grit","floor":24},{"not_picked":["Infernal Blade","Perfected Strike","Body Slam+1"],"picked":"SKIP","floor":25},{"not_picked":["Sword Boomerang","Sentinel","Headbutt+1"],"picked":"SKIP","floor":30},{"not_picked":["Anger","Clash+1","Carnage"],"picked":"SKIP","floor":31}],"player_experience":436985,"relics_obtained":[{"floor":9,"key":"Letter Opener"},{"floor":12,"key":"Nunchaku"},{"floor":14,"key":"Odd Mushroom"},{"floor":19,"key":"Red Mask"},{"floor":23,"key":"Mercury Hourglass"},{"floor":26,"key":"MawBank"}],"event_choices":[{"damage_healed":0,"gold_gain":0,"player_choice":"Upgraded","damage_taken":0,"max_hp_gain":0,"max_hp_loss":0,"event_name":"Upgrade Shrine","floor":2,"gold_loss":0,"cards_upgraded":["Rampage"]},{"damage_healed":0,"gold_gain":0,"player_choice":"Fought Mushrooms","damage_taken":0,"max_hp_gain":0,"max_hp_loss":0,"event_name":"Mushrooms","floor":14,"gold_loss":0},{"damage_healed":0,"gold_gain":0,"player_choice":"Fought Bandits","damage_taken":0,"max_hp_gain":0,"max_hp_loss":0,"event_name":"Masked Bandits","floor":19,"gold_loss":0},{"damage_healed":26,"gold_gain":0,"player_choice":"Heal","damage_taken":0,"max_hp_gain":0,"max_hp_loss":0,"event_name":"The Library","floor":20,"gold_loss":0},{"damage_healed":0,"gold_gain":100,"player_choice":"Bet on Murderer","damage_taken":0,"max_hp_gain":0,"max_hp_loss":0,"event_name":"The Joust","floor":28,"gold_loss":50}],"is_beta":false,"boss_relics":[{"not_picked":["Orrery","Cursed Key"],"picked":"Coffee Dripper"}],"items_purged_floors":[7,22],"is_endless":false,"potions_floor_spawned":[1,3,4,5,16,25,30,31],"killed_by":"Champ","ascension_level":0}