{"gold_per_floor":[115,115,134,61,76,109,109,443,443,463,388,388,406,417,417,417],"floor_reached":16,"playtime":651,"items_purged":[],"score":224,"play_id":"1df393dc-bf5d-4a4c-b632-891e8854374c","local_time":"20190607183411","is_ascension_mode":true,"campfire_choices":[{"data":"Streamline","floor":7,"key":"SMITH"},{"floor":15,"key":"REST"}],"neow_cost":"NONE","seed_source_timestamp":325600006831223,"circlet_count":0,"master_deck":["AscendersBane","Strike_B","Strike_B+1","Strike_B","Defend_B","Defend_B","Defend_B","Defend_B","Zap+1","Dualcast+1","Self Repair","Glacier","Go for the Eyes","Streamline+1","Beam Cell","Pain","Cold Snap","Recycle"],"relics":["Cracked Core","Happy Flower","Old Coin","Symbiotic Virus","WarpedTongs"],"potions_floor_usage":[6,8,16,16],"damage_taken":[{"damage":1,"enemies":"Cultist","floor":1,"turns":3},{"damage":5,"enemies":"Small Slimes","floor":3,"turns":2},{"damage":0,"enemies":"2 Louse","floor":5,"turns":2},{"damage":19,"enemies":"Gremlin Nob","floor":6,"turns":5},{"damage":17,"enemies":"Lagavulin","floor":8,"turns":7},{"damage":10,"enemies":"Gremlin Gang","floor":10,"turns":4},{"damage":4,"enemies":"Large Slime","floor":13,"turns":2},{"damage":20,"enemies":"Lots of Slimes","floor":14,"turns":4},{"damage":32,"enemies":"The Guardian","floor":16,"turns":13}],"seed_played":"2865373198667597743","potions_obtained":[{"floor":3,"key":"SkillPotion"},{"floor":5,"key":"GamblersBrew"},{"floor":10,"key":"Weak Potion"},{"floor":13,"key":"Strength Potion"}],"is_trial":false,"path_per_floor":["M","?","M","?","M","E","R","E","T","M","?","?","M","M","R","B"],"character_chosen":"DEFECT","items_purchased":[],"campfire_rested":1,"item_purchase_floors":[],"current_hp_per_floor":[63,42,37,37,44,32,32,22,22,19,19,19,22,9,30,0],"gold":417,"neow_bonus":"UPGRADE_CARD","is_prod":false,"is_daily":false,"chose_seed":false,"campfire_upgraded":1,"win_rate":0,"timestamp":1559946851,"path_taken":["M","?","M","?","M","E","R","E","T","M","?","?","M","?","R","BOSS"],"build_version":"2019-01-23","purchased_purges":0,"victory":false,"max_hp_per_floor":[71,71,71,71,71,71,71,71,71,71,71,71,71,71,71,71],"card_choices":[{"not_picked":["Stack","Go for the Eyes"],"picked":"Self Repair","floor":1},{"not_picked":["Conserve Battery","Heatsinks"],"picked":"Glacier","floor":3},{"not_picked":["Go for the Eyes","Steam Power","Stack"],"picked":"SKIP","floor":5},{"not_picked":["Go for the Eyes","Steam Power","Stack"],"picked":"SKIP","floor":5},{"not_picked":["Steam Power","Stack"],"picked":"Go for the Eyes","floor":5},{"not_picked":["Redo","Coolheaded"],"picked":"Streamline","floor":6},{"not_picked":["Gash","Hello World"],"picked":"Beam Cell","floor":8},{"not_picked":["Streamline","Reinforced Body","Turbo"],"picked":"SKIP","floor":10},{"not_picked":["Compile Driver","Hello World"],"picked":"Cold Snap","floor":13},{"not_picked":["Reboot","Go for the Eyes"],"picked":"Recycle","floor":14}],"player_experience":857423,"relics_obtained":[{"floor":6,"key":"Happy Flower"},{"floor":8,"key":"Old Coin"},{"floor":9,"key":"Symbiotic Virus"}],"event_choices":[{"damage_healed":0,"gold_gain":0,"player_choice":"Entered Light","damage_taken":21,"max_hp_gain":0,"max_hp_loss":0,"event_name":"Shining Light","floor":2,"gold_loss":0,"cards_upgraded":["Strike_B","Dualcast"]},{"damage_healed":0,"gold_gain":0,"player_choice":"Left Gold","damage_taken":0,"max_hp_gain":0,"max_hp_loss":0,"event_name":"World of Goop","floor":4,"gold_loss":73},{"cards_removed":["Strike_B"],"damage_healed":0,"gold_gain":0,"player_choice":"Card Removal","damage_taken":0,"max_hp_gain":0,"max_hp_loss":0,"event_name":"The Cleric","floor":11,"gold_loss":75},{"damage_healed":0,"gold_gain":0,"player_choice":"Rummage","damage_taken":0,"relics_obtained":["WarpedTongs"],"max_hp_gain":0,"max_hp_loss":0,"event_name":"Accursed Blacksmith","floor":12,"gold_loss":0,"cards_obtained":["Pain"]}],"is_beta":false,"boss_relics":[],"items_purged_floors":[],"is_endless":false,"potions_floor_spawned":[3,5,10,13,14],"killed_by":"The Guardian","ascension_level":20}