{"gold_per_floor":[216,17,17,32,52,81,81,101,101,81,81,110,24,57,57,131,131,142,87,105,105,20,20,35,50,50,50,60,92,142,162,162,162],"floor_reached":33,"playtime":1525,"items_purged":["Strike_R"],"score":570,"play_id":"a696628a-cd9a-41a3-a65d-9e1a819a8fa8","local_time":"20190531190822","is_ascension_mode":true,"campfire_choices":[{"data":"Rampage","floor":7,"key":"SMITH"},{"data":"Bash","floor":11,"key":"SMITH"},{"floor":15,"key":"REST"},{"floor":23,"key":"REST"},{"floor":27,"key":"REST"},{"floor":32,"key":"REST"}],"neow_cost":"NONE","seed_source_timestamp":1215598297891755,"circlet_count":0,"master_deck":["AscendersBane","Strike_R+1","Strike_R+1","Strike_R+1","Strike_R+1","Defend_R+1","Defend_R+1","Defend_R+1","Defend_R+1","Bash+1","Rampage+1","Inflame","Shrug It Off","Pommel Strike","Double Tap","Spot Weakness","Heavy Blade","Bludgeon","Headbutt","Armaments","Ghostly Armor+1","Armaments","Armaments","Immolate","Sword Boomerang+1"],"relics":["Burning Blood","Ornamental Fan","Blood Vial","Self Forming Clay","Whetstone","Unceasing Top","Fusion Hammer","Paper Frog","Question Card","Shuriken"],"potions_floor_usage":[14,16,16,20,31,33],"damage_taken":[{"damage":1,"enemies":"2 Louse","floor":1,"turns":3},{"damage":6,"enemies":"Cultist","floor":4,"turns":3},{"damage":2,"enemies":"Jaw Worm","floor":5,"turns":6},{"damage":20,"enemies":"Lagavulin","floor":6,"turns":5},{"damage":19,"enemies":"Gremlin Gang","floor":8,"turns":5},{"damage":28,"enemies":"3 Sentries","floor":12,"turns":9},{"damage":25,"enemies":"Gremlin Nob","floor":14,"turns":4},{"damage":14,"enemies":"The Guardian","floor":16,"turns":7},{"damage":13,"enemies":"Spheric Guardian","floor":18,"turns":4},{"damage":13,"enemies":"Chosen","floor":20,"turns":4},{"damage":15,"enemies":"3 Cultists","floor":24,"turns":6},{"damage":16,"enemies":"Snake Plant","floor":25,"turns":3},{"damage":9,"enemies":"Centurion and Healer","floor":28,"turns":6},{"damage":33,"enemies":"Book of Stabbing","floor":29,"turns":4},{"damage":14,"enemies":"Cultist and Chosen","floor":31,"turns":5},{"damage":83,"enemies":"Collector","floor":33,"turns":7}],"seed_played":"-8725135974336701448","potions_obtained":[{"floor":1,"key":"Dexterity Potion"},{"floor":6,"key":"Regen Potion"},{"floor":14,"key":"Strength Potion"},{"floor":18,"key":"PowerPotion"},{"floor":29,"key":"Ancient Potion"},{"floor":31,"key":"Weak Potion"}],"is_trial":false,"path_per_floor":["M","$","?","M","M","E","R","M","T","?","R","E","$","E","R","B",null,"M","$","M","?","?","R","M","M","T","R","M","E","?","M","R","B"],"character_chosen":"IRONCLAD","items_purchased":["Rampage","Inflame","Spot Weakness","Armaments"],"campfire_rested":4,"item_purchase_floors":[2,2,13,19],"current_hp_per_floor":[73,73,73,73,75,61,61,50,50,50,50,30,30,25,47,41,67,62,62,57,57,57,75,66,58,58,75,72,47,47,41,63,0],"gold":162,"neow_bonus":"HUNDRED_GOLD","is_prod":false,"is_daily":false,"chose_seed":false,"campfire_upgraded":2,"win_rate":0,"timestamp":1559344102,"path_taken":["M","$","?","?","M","E","R","M","T","?","R","E","$","E","R","BOSS","M","$","?","?","?","R","M","M","T","R","M","E","?","?","R","BOSS"],"build_version":"2019-01-23","purchased_purges":1,"victory":false,"max_hp_per_floor":[75,75,75,75,75,75,75,75,75,75,75,75,75,75,75,75,75,75,75,75,75,75,75,75,75,75,75,75,75,75,75,75,75],"card_choices":[{"not_picked":["Shockwave","Fire Breathing"],"picked":"True Grit","floor":1},{"not_picked":["Wild Strike","Rampage"],"picked":"Shrug It Off","floor":4},{"not_picked":["Wild Strike","Ghostly Armor"],"picked":"Pommel Strike","floor":5},{"not_picked":["Burning Pact","Warcry"],"picked":"Double Tap","floor":6},{"not_picked":["Pummel","Combust","Thunderclap"],"picked":"SKIP","floor":8},{"not_picked":["Wild Strike","Havoc","Clash"],"picked":"SKIP","floor":12},{"not_picked":["Thunderclap","Warcry"],"picked":"Heavy Blade","floor":14},{"not_picked":["Brutality","Dark Embrace"],"picked":"Bludgeon","floor":16},{"not_picked":["Wild Strike","Dropkick"],"picked":"Headbutt","floor":18},{"not_picked":["Anger","Havoc"],"picked":"Ghostly Armor+1","floor":20},{"not_picked":["Blood for Blood","Thunderclap"],"picked":"Armaments","floor":24},{"not_picked":["Thunderclap","Warcry","Anger"],"picked":"SKIP","floor":25},{"not_picked":["Shockwave","Ghostly Armor","Anger"],"picked":"Armaments","floor":28},{"not_picked":["Intimidate","Iron Wave","Headbutt"],"picked":"Immolate","floor":29},{"not_picked":["Flex","Searing Blow","Second Wind"],"picked":"Sword Boomerang+1","floor":31}],"player_experience":801119,"relics_obtained":[{"floor":6,"key":"Blood Vial"},{"floor":9,"key":"Self Forming Clay"},{"floor":12,"key":"Whetstone"},{"floor":14,"key":"Unceasing Top"},{"floor":26,"key":"Question Card"},{"floor":29,"key":"Shuriken"}],"event_choices":[{"cards_removed":["True Grit"],"damage_healed":0,"gold_gain":0,"player_choice":"Gave Card","damage_taken":0,"relics_obtained":["Ornamental Fan"],"max_hp_gain":0,"max_hp_loss":0,"event_name":"WeMeetAgain","floor":3,"gold_loss":0},{"damage_healed":0,"gold_gain":0,"player_choice":"Bought 1 Potion","damage_taken":0,"max_hp_gain":0,"max_hp_loss":0,"event_name":"The Woman in Blue","floor":10,"gold_loss":0},{"damage_healed":0,"gold_gain":0,"player_choice":"Simplicity","damage_taken":0,"max_hp_gain":0,"max_hp_loss":0,"event_name":"Back to Basics","floor":21,"gold_loss":0,"cards_upgraded":["Strike_R","Strike_R","Defend_R","Defend_R","Defend_R","Defend_R"]},{"damage_healed":0,"gold_gain":0,"player_choice":"Obtained Relic","damage_taken":0,"relics_obtained":["Paper Frog"],"max_hp_gain":0,"max_hp_loss":0,"event_name":"Addict","floor":22,"gold_loss":85},{"damage_healed":0,"gold_gain":50,"player_choice":"Pray","damage_taken":0,"max_hp_gain":0,"max_hp_loss":0,"event_name":"Golden Shrine","floor":30,"gold_loss":0}],"is_beta":false,"boss_relics":[{"not_picked":["Black Star","Orrery"],"picked":"Fusion Hammer"}],"items_purged_floors":[2],"is_endless":false,"potions_floor_spawned":[1,6,8,14,18,29,31],"killed_by":"Collector","ascension_level":20}