{"gold_per_floor":[117,133,133,133,133,133,171,190,190,204,204,204,38,81,81,81],"floor_reached":16,"playtime":456,"items_purged":[],"score":216,"play_id":"faeab5fa-87e9-47cb-abaf-5807be5a1b08","local_time":"20190622095540","is_ascension_mode":true,"campfire_choices":[{"data":"Feed","floor":6,"key":"SMITH"},{"floor":12,"key":"REST"},{"data":"Bash","floor":15,"key":"SMITH"}],"neow_cost":"CURSE","seed_source_timestamp":52402384484015,"circlet_count":0,"master_deck":["AscendersBane","Strike_R","Strike_R","Strike_R","Strike_R","Strike_R","Defend_R","Defend_R","Defend_R","Defend_R","Bash+1","Feed+1","Perfected Strike","Shrug It Off","Ghostly Armor+1","Uppercut","Disarm+1","Second Wind+1"],"relics":["Burning Blood","Oddly Smooth Stone","Golden Idol","Toxic Egg 2","Frozen Egg 2","Omamori","Red Skull"],"potions_floor_usage":[7,14,16],"damage_taken":[{"damage":7,"enemies":"Cultist","floor":1,"turns":4},{"damage":10,"enemies":"Jaw Worm","floor":2,"turns":4},{"damage":32,"enemies":"Gremlin Nob","floor":7,"turns":4},{"damage":2,"enemies":"Small Slimes","floor":8,"turns":4},{"damage":9,"enemies":"3 Louse","floor":10,"turns":6},{"damage":18,"enemies":"Lagavulin","floor":14,"turns":9},{"damage":50,"enemies":"Slime Boss","floor":16,"turns":8}],"seed_played":"5748572929210644176","potions_obtained":[{"floor":2,"key":"Swift Potion"},{"floor":8,"key":"Energy Potion"},{"floor":14,"key":"Ancient Potion"}],"is_trial":false,"path_per_floor":["M","M","?","?","?","R","E","M","T","M","?","R","$","E","R","B"],"character_chosen":"IRONCLAD","items_purchased":["Omamori"],"campfire_rested":1,"item_purchase_floors":[13],"current_hp_per_floor":[70,69,51,51,51,51,25,33,33,34,34,58,58,46,46,0],"gold":81,"neow_bonus":"THREE_RARE_CARDS","is_prod":false,"is_daily":false,"chose_seed":false,"campfire_upgraded":2,"win_rate":0,"timestamp":1561211740,"path_taken":["M","?","?","?","?","R","E","M","T","?","?","R","$","E","R","BOSS"],"build_version":"2019-01-23","purchased_purges":0,"victory":false,"max_hp_per_floor":[78,81,81,81,73,73,73,77,77,81,81,81,81,81,81,81],"card_choices":[{"not_picked":["Exhume","Berserk"],"picked":"Feed","floor":0},{"not_picked":["Havoc","Body Slam"],"picked":"Perfected Strike","floor":1},{"not_picked":["Anger","Seeing Red"],"picked":"Shrug It Off","floor":2},{"not_picked":["Dropkick","Inflame"],"picked":"Ghostly Armor","floor":7},{"not_picked":["Clothesline","Reckless Charge"],"picked":"Uppercut","floor":8},{"not_picked":["Heavy Blade","Sword Boomerang"],"picked":"Disarm+1","floor":10},{"not_picked":["Uppercut","Seeing Red+1"],"picked":"Second Wind+1","floor":14}],"player_experience":957894,"relics_obtained":[{"floor":7,"key":"Toxic Egg 2"},{"floor":9,"key":"Frozen Egg 2"},{"floor":14,"key":"Red Skull"}],"event_choices":[{"damage_healed":0,"gold_gain":0,"player_choice":"Success","damage_taken":18,"relics_obtained":["Oddly Smooth Stone"],"max_hp_gain":0,"max_hp_loss":0,"event_name":"Scrap Ooze","floor":3,"gold_loss":0},{"damage_healed":0,"gold_gain":0,"player_choice":"Ignored","damage_taken":0,"max_hp_gain":0,"max_hp_loss":0,"event_name":"Liars Game","floor":4,"gold_loss":0},{"damage_healed":0,"gold_gain":0,"player_choice":"Lose Max HP","damage_taken":0,"relics_obtained":["Golden Idol"],"max_hp_gain":0,"max_hp_loss":8,"event_name":"Golden Idol","floor":5,"gold_loss":0},{"cards_removed":["Shame"],"damage_healed":0,"gold_gain":0,"player_choice":"Purged","damage_taken":0,"max_hp_gain":0,"max_hp_loss":0,"event_name":"Purifier","floor":11,"gold_loss":0}],"is_beta":false,"boss_relics":[],"items_purged_floors":[],"is_endless":false,"potions_floor_spawned":[2,8,14],"killed_by":"Slime Boss","ascension_level":20}