{"gold_per_floor":[111,36,36,9,29,61,61,71,71,91,121,135,135,135,135,234,234,247,247,247,260,260,292,292,310,310,322,322,341,357,53,53,155,155,174,174,186,202,218,218,229,104,182,182,198,198,214,64,64,64,64,64,64,91,91],"floor_reached":55,"playtime":2186,"items_purged":["Injury","Pain","Strike_B","Strike_B"],"score":743,"play_id":"817ddbe5-02e3-4105-aa0d-36c2dd99e6a1","local_time":"20190420000758","is_ascension_mode":false,"campfire_choices":[{"floor":13,"key":"REST"},{"data":"Darkness","floor":15,"key":"SMITH"},{"data":"Doom and Gloom","floor":24,"key":"SMITH"},{"data":"Conserve Battery","floor":28,"key":"SMITH"},{"floor":32,"key":"REST"},{"data":"Multi-Cast","floor":40,"key":"SMITH"},{"floor":46,"key":"RECALL"},{"data":"Echo Form","floor":49,"key":"SMITH"},{"data":"Reprogram","floor":52,"key":"SMITH"}],"neow_cost":"CURSE","seed_source_timestamp":858232990224205,"circlet_count":0,"master_deck":["Defend_B","Defend_B","Defend_B","Defend_B+1","Zap","Dualcast+1","Echo Form+1","Streamline+1","Leap","Darkness+1","Conserve Battery+1","Cold Snap","Doom and Gloom+1","Machine Learning+1","Coolheaded+1","Leap+1","Undo+1","Ball Lightning+1","BootSequence+1","Self Repair+1","Multi-Cast+1","Electrodynamics+1","Force Field+1","Reprogram+1","Reinforced Body+1","Capacitor+1","Core Surge","Pain","Undo+1"],"relics":["Cracked Core","Frozen Egg 2","Mercury Hourglass","Blood Vial","Nuclear Battery","Potion Belt","WarpedTongs","Strawberry","Bird Faced Urn","Chemical X","Cursed Key","Pear"],"potions_floor_usage":[16,19,27,33,54,55,55,55],"damage_taken":[{"damage":1,"enemies":"2 Louse","floor":1,"turns":2},{"damage":2,"enemies":"Jaw Worm","floor":5,"turns":2},{"damage":40,"enemies":"Gremlin Nob","floor":6,"turns":5},{"damage":0,"enemies":"Cultist","floor":8,"turns":3},{"damage":0,"enemies":"Large Slime","floor":10,"turns":5},{"damage":2,"enemies":"3 Louse","floor":12,"turns":2},{"damage":0,"enemies":"The Guardian","floor":16,"turns":6},{"damage":12,"enemies":"Chosen","floor":18,"turns":5},{"damage":0,"enemies":"3 Byrds","floor":19,"turns":1},{"damage":11,"enemies":"Snecko","floor":21,"turns":4},{"damage":9,"enemies":"Gremlin Leader","floor":23,"turns":6},{"damage":7,"enemies":"Centurion and Healer","floor":25,"turns":6},{"damage":20,"enemies":"Snake Plant","floor":27,"turns":4},{"damage":5,"enemies":"Shelled Parasite and Fungi","floor":29,"turns":6},{"damage":21,"enemies":"3 Cultists","floor":30,"turns":5},{"damage":16,"enemies":"Automaton","floor":33,"turns":8},{"damage":0,"enemies":"Orb Walker","floor":35,"turns":4},{"damage":5,"enemies":"3 Shapes","floor":37,"turns":3},{"damage":0,"enemies":"Jaw Worm Horde","floor":38,"turns":2},{"damage":0,"enemies":"3 Darklings","floor":39,"turns":3},{"damage":0,"enemies":"4 Shapes","floor":41,"turns":3},{"damage":13,"enemies":"Spire Growth","floor":45,"turns":5},{"damage":12,"enemies":"Writhing Mass","floor":47,"turns":5},{"damage":27,"enemies":"Donu and Deca","floor":50,"turns":6},{"damage":47,"enemies":"Shield and Spear","floor":54,"turns":8},{"damage":95,"enemies":"The Heart","floor":55,"turns":11}],"seed_played":"-7360660734478798259","potions_obtained":[{"floor":8,"key":"SmokeBomb"},{"floor":10,"key":"GamblersBrew"},{"floor":16,"key":"Explosive Potion"},{"floor":18,"key":"SmokeBomb"},{"floor":25,"key":"GamblersBrew"},{"floor":29,"key":"FearPotion"},{"floor":30,"key":"AttackPotion"},{"floor":33,"key":"Regen Potion"},{"floor":35,"key":"FocusPotion"}],"is_trial":false,"path_per_floor":["M","$","?","$","M","E","?","M","T","M","?","M","R","?","R","B",null,"M","M","?","M","?","E","R","M","T","M","R","M","M","$","R","B",null,"M","?","M","M","M","R","M","$","T","?","M","R","M","$","R","B",null,"R","$","E","B"],"character_chosen":"DEFECT","items_purchased":["Leap","Chemical X"],"campfire_rested":2,"item_purchase_floors":[4,31],"current_hp_per_floor":[74,74,59,59,57,17,17,17,17,17,17,17,39,39,39,41,75,63,65,65,56,56,56,56,51,51,35,35,34,43,43,67,69,82,82,82,82,82,82,82,82,82,82,82,81,81,82,82,82,65,82,82,82,60,0],"gold":91,"neow_bonus":"THREE_RARE_CARDS","is_prod":false,"is_daily":false,"chose_seed":false,"campfire_upgraded":6,"win_rate":0,"timestamp":1555733278,"path_taken":["M","$","?","$","M","E","?","M","T","?","?","M","R","?","R","BOSS","M","?","?","M","?","E","R","?","T","?","R","M","?","$","R","BOSS","M","?","?","M","M","R","M","$","T","?","M","R","M","$","R","BOSS","R","$","E","BOSS"],"build_version":"2019-01-23","purchased_purges":4,"victory":false,"max_hp_per_floor":[75,75,75,75,75,75,75,75,75,75,75,75,75,75,75,75,75,75,75,75,75,75,82,82,82,82,82,82,82,82,82,82,82,82,82,82,82,82,82,82,82,82,82,82,82,82,82,82,82,82,82,82,82,92,92],"card_choices":[{"not_picked":["Multi-Cast","Amplify"],"picked":"Echo Form","floor":0},{"not_picked":["Gash","Barrage"],"picked":"Streamline","floor":1},{"not_picked":["Streamline","Rebound"],"picked":"Darkness","floor":5},{"not_picked":["Recycle","Cold Snap"],"picked":"Conserve Battery","floor":6},{"not_picked":["Stack","Steam","Rebound"],"picked":"SKIP","floor":8},{"not_picked":["Genetic Algorithm","BootSequence"],"picked":"Cold Snap","floor":10},{"not_picked":["FTL","Ball Lightning"],"picked":"Doom and Gloom","floor":12},{"not_picked":["Biased Cognition+1","Creative AI+1"],"picked":"Machine Learning+1","floor":16},{"not_picked":["White Noise","Conserve Battery"],"picked":"Coolheaded+1","floor":18},{"not_picked":["Go for the Eyes","Skim"],"picked":"Leap+1","floor":21},{"not_picked":["Sunder","Hyperbeam"],"picked":"Undo+1","floor":23},{"not_picked":["White Noise","Beam Cell"],"picked":"Ball Lightning+1","floor":25},{"not_picked":["Steam","Redo"],"picked":"BootSequence+1","floor":27},{"not_picked":["Sunder","Cold Snap"],"picked":"Self Repair+1","floor":29},{"not_picked":["Gash","Turbo+1"],"picked":"Multi-Cast","floor":30},{"not_picked":["Fission","Echo Form+1"],"picked":"Electrodynamics+1","floor":33},{"not_picked":["Gash+1","Stack"],"picked":"Force Field+1","floor":35},{"not_picked":["Hello World+1","Genetic Algorithm"],"picked":"Reinforced Body+1","floor":37},{"not_picked":["Rip and Tear+1","Sunder","Rebound"],"picked":"SKIP","floor":38},{"not_picked":["Stack","Rebound+1"],"picked":"Capacitor+1","floor":39},{"not_picked":["Cold Snap+1","Ball Lightning+1"],"picked":"Core Surge","floor":41},{"not_picked":["Redo","Sweeping Beam+1","Barrage+1"],"picked":"SKIP","floor":45},{"not_picked":["Hologram+1","Chaos+1"],"picked":"Undo+1","floor":47},{"not_picked":["Fission","Turbo","Ball Lightning+1"],"picked":"SKIP","floor":54}],"player_experience":611183,"relics_obtained":[{"floor":6,"key":"Frozen Egg 2"},{"floor":9,"key":"Mercury Hourglass"},{"floor":23,"key":"Strawberry"},{"floor":26,"key":"Bird Faced Urn"},{"floor":54,"key":"Pear"}],"event_choices":[{"damage_healed":0,"gold_gain":0,"player_choice":"Entered Light","damage_taken":15,"max_hp_gain":0,"max_hp_loss":0,"event_name":"Shining Light","floor":3,"gold_loss":0,"cards_upgraded":["Dualcast","Defend_B"]},{"damage_healed":0,"gold_gain":0,"player_choice":"Grow","damage_taken":0,"max_hp_gain":0,"max_hp_loss":0,"event_name":"Living Wall","floor":7,"gold_loss":0,"cards_upgraded":["Streamline"]},{"damage_healed":0,"gold_gain":30,"player_choice":"Searched \u00272\u0027 times","damage_taken":0,"relics_obtained":["Blood Vial"],"max_hp_gain":0,"max_hp_loss":0,"event_name":"Dead Adventurer","floor":11,"gold_loss":0},{"cards_removed":["Strike_B"],"damage_healed":0,"gold_gain":0,"player_choice":"Purged","damage_taken":0,"max_hp_gain":0,"max_hp_loss":0,"event_name":"Purifier","floor":14,"gold_loss":0},{"damage_healed":0,"gold_gain":0,"player_choice":"Opened","damage_taken":0,"relics_obtained":["Potion Belt"],"max_hp_gain":0,"max_hp_loss":0,"event_name":"The Mausoleum","floor":20,"gold_loss":0},{"damage_healed":0,"gold_gain":0,"player_choice":"Rummage","damage_taken":0,"relics_obtained":["WarpedTongs"],"max_hp_gain":0,"max_hp_loss":0,"event_name":"Accursed Blacksmith","floor":22,"gold_loss":0,"cards_obtained":["Pain"]},{"damage_healed":0,"gold_gain":0,"cards_transformed":["Strike_B"],"player_choice":"Transformed","damage_taken":0,"max_hp_gain":0,"max_hp_loss":0,"event_name":"Transmorgrifier","floor":36,"gold_loss":0,"cards_obtained":["Reprogram"]},{"damage_healed":0,"gold_gain":0,"player_choice":"Ignored","damage_taken":0,"max_hp_gain":0,"max_hp_loss":0,"event_name":"SecretPortal","floor":44,"gold_loss":0}],"is_beta":false,"boss_relics":[{"not_picked":["Calling Bell","Empty Cage"],"picked":"Nuclear Battery"},{"not_picked":["Eternal Feather","Philosopher\u0027s Stone"],"picked":"Cursed Key"}],"items_purged_floors":[2,31,42,48],"is_endless":false,"potions_floor_spawned":[8,10,16,18,25,29,30,33,35,47],"killed_by":"The Heart","ascension_level":0}