{"gold_per_floor":[111,111,261,4,17,17,48,48,48,48,63,73,73],"floor_reached":13,"playtime":252,"items_purged":[],"score":149,"play_id":"03135793-b3c9-4488-aeae-e053c5d7b0d0","local_time":"20190602173825","is_ascension_mode":true,"campfire_choices":[{"data":"Gash","floor":6,"key":"SMITH"},{"floor":8,"key":"REST"}],"neow_cost":"NONE","seed_source_timestamp":94907787826256,"circlet_count":0,"master_deck":["AscendersBane","Strike_B+1","Strike_B","Strike_B+1","Strike_B","Defend_B","Defend_B","Defend_B","Defend_B","Zap","Dualcast","Gash+1","Capacitor","Electrodynamics","Heatsinks","Hello World"],"relics":["Cracked Core","Omamori","Mummified Hand","Whetstone","Bottled Tornado","Darkstone Periapt"],"potions_floor_usage":[7,7],"damage_taken":[{"damage":3,"enemies":"2 Louse","floor":1,"turns":3},{"damage":7,"enemies":"Jaw Worm","floor":5,"turns":3},{"damage":27,"enemies":"Gremlin Nob","floor":7,"turns":4},{"damage":12,"enemies":"Small Slimes","floor":11,"turns":2},{"damage":9,"enemies":"2 Fungi Beasts","floor":12,"turns":4},{"damage":11,"enemies":"3 Louse","floor":13,"turns":1}],"seed_played":"1321620177302744918","potions_obtained":[{"floor":1,"key":"EssenceOfSteel"},{"floor":5,"key":"Dexterity Potion"},{"floor":11,"key":"SmokeBomb"}],"is_trial":false,"path_per_floor":["M","?","?","$","M","R","E","R","T","?","M","M","M"],"character_chosen":"DEFECT","items_purchased":["Whetstone","Capacitor"],"campfire_rested":1,"item_purchase_floors":[4,4],"current_hp_per_floor":[61,43,43,43,36,36,9,30,30,30,18,9,0],"gold":73,"neow_bonus":"RANDOM_COMMON_RELIC","is_prod":false,"is_daily":false,"chose_seed":false,"campfire_upgraded":1,"win_rate":0,"timestamp":1559522305,"path_taken":["M","?","?","?","M","R","E","R","T","?","M","M","M"],"build_version":"2019-01-23","purchased_purges":0,"victory":false,"max_hp_per_floor":[71,71,71,71,71,71,71,71,71,71,71,71,71],"card_choices":[{"not_picked":["Heatsinks","Ball Lightning"],"picked":"Gash","floor":1},{"not_picked":["Ball Lightning","Turbo","Force Field"],"picked":"SKIP","floor":5},{"not_picked":["Hello World","Auto Shields"],"picked":"Electrodynamics","floor":7},{"not_picked":["Barrage","Coolheaded"],"picked":"Heatsinks","floor":11},{"not_picked":["Redo","Cold Snap"],"picked":"Hello World","floor":12}],"player_experience":948037,"relics_obtained":[{"floor":7,"key":"Bottled Tornado"},{"floor":9,"key":"Darkstone Periapt"}],"event_choices":[{"damage_healed":0,"gold_gain":0,"player_choice":"Success","damage_taken":18,"relics_obtained":["Mummified Hand"],"max_hp_gain":0,"max_hp_loss":0,"event_name":"Scrap Ooze","floor":2,"gold_loss":0},{"damage_healed":0,"gold_gain":150,"player_choice":"AGREE","damage_taken":0,"max_hp_gain":0,"max_hp_loss":0,"event_name":"Liars Game","floor":3,"gold_loss":0,"cards_obtained":["Doubt"]},{"damage_healed":0,"gold_gain":0,"player_choice":"Ignored","damage_taken":0,"max_hp_gain":0,"max_hp_loss":0,"event_name":"Shining Light","floor":10,"gold_loss":0}],"is_beta":false,"boss_relics":[],"items_purged_floors":[],"is_endless":false,"potions_floor_spawned":[1,5,11],"killed_by":"3 Louse","ascension_level":16}