{"gold_per_floor":[115,115,127,142,142,142,161,161,161,161,202,126,126,139,139,268,268,289,289,302,326,350,394,394,414,493,514,529,529,554,554,554,554],"floor_reached":33,"playtime":2044,"items_purged":[],"score":271,"play_id":"40fbb4f4-343d-4f81-b7f9-0522e2363f50","local_time":"20190513234703","is_ascension_mode":false,"campfire_choices":[{"data":"Pommel Strike","floor":6,"key":"SMITH"},{"data":"Flame Barrier","floor":8,"key":"SMITH"},{"data":"Corruption","floor":10,"key":"SMITH"},{"floor":13,"key":"REST"},{"data":"Shockwave","floor":15,"key":"SMITH"},{"floor":24,"key":"REST"},{"floor":32,"key":"REST"}],"neow_cost":"NONE","seed_source_timestamp":38296477327607,"circlet_count":0,"master_deck":["Strike_R","Strike_R","Strike_R","Strike_R","Strike_R","Defend_R","Defend_R","Defend_R","Defend_R","Bash","Purity","Flame Barrier+1","Pommel Strike+1","Corruption+1","Flame Barrier","Shockwave+1","Havoc","Offering","Clash","Cleave","Cleave","Battle Trance","Dropkick","Clash","Sentinel","Perfected Strike+1","Iron Wave+1","Armaments+1","Fiend Fire+1","RitualDagger+1"],"relics":["Burning Blood","Golden Idol","Calipers","StoneCalendar","Orrery","Ice Cream","Molten Egg 2"],"potions_floor_usage":[11,16,18,22,23,25,33,33],"damage_taken":[{"damage":3,"enemies":"2 Louse","floor":1,"turns":3},{"damage":2,"enemies":"Jaw Worm","floor":3,"turns":5},{"damage":5,"enemies":"Small Slimes","floor":4,"turns":3},{"damage":7,"enemies":"Looter","floor":7,"turns":4},{"damage":31,"enemies":"Lagavulin","floor":11,"turns":5},{"damage":6,"enemies":"Exordium Thugs","floor":14,"turns":4},{"damage":14,"enemies":"Slime Boss","floor":16,"turns":7},{"damage":15,"enemies":"3 Byrds","floor":18,"turns":4},{"damage":4,"enemies":"Shell Parasite","floor":20,"turns":5},{"damage":18,"enemies":"Cultist and Chosen","floor":21,"turns":7},{"damage":11,"enemies":"3 Cultists","floor":22,"turns":5},{"damage":11,"enemies":"Book of Stabbing","floor":23,"turns":5},{"damage":27,"enemies":"Shelled Parasite and Fungi","floor":25,"turns":6},{"damage":30,"enemies":"Centurion and Healer","floor":27,"turns":9},{"damage":13,"enemies":"Chosen and Byrds","floor":28,"turns":5},{"damage":0,"enemies":"Snecko","floor":30,"turns":4},{"damage":74,"enemies":"Automaton","floor":33,"turns":6}],"seed_played":"-8820052536042961503","potions_obtained":[{"floor":7,"key":"Energy Potion"},{"floor":11,"key":"SteroidPotion"},{"floor":16,"key":"Energy Potion"},{"floor":20,"key":"SpeedPotion"},{"floor":21,"key":"Dexterity Potion"},{"floor":23,"key":"Weak Potion"},{"floor":28,"key":"EssenceOfSteel"},{"floor":30,"key":"BloodPotion"}],"is_trial":false,"path_per_floor":["M","?","M","M","?","R","M","R","T","R","E","$","R","M","R","B",null,"M","?","M","M","M","E","R","M","T","M","M","?","M","?","R","B"],"character_chosen":"IRONCLAD","items_purchased":["Shockwave"],"campfire_rested":3,"item_purchase_floors":[12],"current_hp_per_floor":[80,80,80,80,74,74,73,73,73,73,48,48,70,70,70,62,74,65,65,67,55,50,45,67,46,46,22,15,39,45,39,61,0],"gold":554,"neow_bonus":"RANDOM_COLORLESS","is_prod":false,"is_daily":false,"chose_seed":false,"campfire_upgraded":4,"win_rate":0,"timestamp":1557816423,"path_taken":["M","?","M","M","?","R","M","R","T","R","E","$","R","M","R","BOSS","M","?","M","M","M","E","R","M","T","M","M","?","M","?","R","BOSS"],"build_version":"2019-01-23","purchased_purges":0,"victory":false,"max_hp_per_floor":[80,80,80,80,74,74,74,74,74,74,74,74,74,74,74,74,74,74,74,74,74,74,74,74,74,74,74,74,74,74,74,74,74],"card_choices":[{"not_picked":["Twin Strike","Headbutt"],"picked":"Flame Barrier","floor":1},{"not_picked":["Blood for Blood","Flex"],"picked":"Pommel Strike","floor":3},{"not_picked":["Body Slam","Entrench","True Grit"],"picked":"SKIP","floor":4},{"not_picked":["Combust","Carnage"],"picked":"Corruption","floor":7},{"not_picked":["Warcry","Perfected Strike"],"picked":"Flame Barrier","floor":11},{"not_picked":["Clash","Rupture"],"picked":"Havoc","floor":14},{"not_picked":["Brutality","Limit Break"],"picked":"Offering","floor":16},{"not_picked":["Headbutt","Fire Breathing"],"picked":"Clash","floor":17},{"not_picked":["Pommel Strike","Thunderclap"],"picked":"Cleave","floor":17},{"not_picked":["Body Slam","Reckless Charge"],"picked":"Cleave","floor":17},{"not_picked":["Headbutt","Twin Strike"],"picked":"Battle Trance","floor":17},{"not_picked":["Flex","Intimidate+1"],"picked":"Dropkick","floor":18},{"not_picked":["Seeing Red+1","Headbutt","Shrug It Off"],"picked":"SKIP","floor":20},{"not_picked":["Sword Boomerang+1","Havoc+1"],"picked":"Clash","floor":21},{"not_picked":["Inflame","Pommel Strike"],"picked":"Sentinel","floor":22},{"not_picked":["Body Slam","Fiend Fire","Pommel Strike"],"picked":"SKIP","floor":23},{"not_picked":["Twin Strike+1","Anger"],"picked":"Perfected Strike+1","floor":25},{"not_picked":["Searing Blow+1","Heavy Blade+1"],"picked":"Iron Wave+1","floor":27},{"not_picked":["Shockwave","Battle Trance"],"picked":"Armaments+1","floor":28},{"not_picked":["Anger+1","Battle Trance"],"picked":"Fiend Fire+1","floor":30}],"player_experience":185486,"relics_obtained":[{"floor":9,"key":"Calipers"},{"floor":11,"key":"StoneCalendar"},{"floor":23,"key":"Ice Cream"},{"floor":26,"key":"Molten Egg 2"}],"event_choices":[{"damage_healed":0,"gold_gain":0,"player_choice":"Ignored","damage_taken":0,"max_hp_gain":0,"max_hp_loss":0,"event_name":"Liars Game","floor":2,"gold_loss":0},{"damage_healed":0,"gold_gain":0,"player_choice":"Lose Max HP","damage_taken":0,"relics_obtained":["Golden Idol"],"max_hp_gain":0,"max_hp_loss":6,"event_name":"Golden Idol","floor":5,"gold_loss":0},{"damage_healed":0,"gold_gain":0,"player_choice":"Ignored","damage_taken":0,"max_hp_gain":0,"max_hp_loss":0,"event_name":"Cursed Tome","floor":19,"gold_loss":0},{"damage_healed":24,"gold_gain":0,"player_choice":"Heal","damage_taken":0,"max_hp_gain":0,"max_hp_loss":0,"event_name":"The Library","floor":29,"gold_loss":0},{"damage_healed":0,"gold_gain":0,"player_choice":"Joined the Cult","damage_taken":6,"max_hp_gain":0,"max_hp_loss":0,"event_name":"Nest","floor":31,"gold_loss":0,"cards_obtained":["RitualDagger"]}],"is_beta":false,"boss_relics":[{"not_picked":["Black Star","Runic Pyramid"],"picked":"Orrery"}],"items_purged_floors":[],"is_endless":false,"potions_floor_spawned":[7,11,16,20,21,23,28,30],"killed_by":"Automaton","ascension_level":0}