{"gold_per_floor":[116,116,116,136,136,164,164,183,183,239,204,124,136,136],"floor_reached":14,"playtime":407,"items_purged":[],"score":192,"play_id":"18496c50-8428-4495-8dbc-04aafa4efa3a","local_time":"20181120192937","is_ascension_mode":true,"campfire_choices":[{"data":"Spot Weakness","floor":7,"key":"SMITH"}],"neow_cost":"NONE","seed_source_timestamp":6549067669413,"circlet_count":0,"master_deck":["AscendersBane","Strike_R","Strike_R","Strike_R","Strike_R","Strike_R","Defend_R","Defend_R","Defend_R","Defend_R","Bash","Evolve","Spot Weakness+1","Shrug It Off","Metallicize","Spot Weakness","Clothesline"],"relics":["Burning Blood","NeowsBlessing","Bottled Lightning","Darkstone Periapt","Peace Pipe"],"potions_floor_usage":[10,10],"damage_taken":[{"damage":0,"enemies":"2 Louse","floor":1,"turns":1},{"damage":0,"enemies":"Cultist","floor":4,"turns":1},{"damage":0,"enemies":"3 Sentries","floor":6,"turns":2},{"damage":6,"enemies":"Jaw Worm","floor":8,"turns":3},{"damage":67,"enemies":"Lagavulin Event","floor":10,"turns":9},{"damage":20,"enemies":"Gremlin Gang","floor":13,"turns":7},{"damage":25,"enemies":"Lagavulin","floor":14,"turns":3}],"seed_played":"4517427111873028064","potions_obtained":[{"floor":1,"key":"Fire Potion"},{"floor":5,"key":"Fire Potion"}],"is_trial":false,"path_per_floor":["M","?","$","M","?","E","R","M","T","?","?","$","M","E"],"character_chosen":"IRONCLAD","items_purchased":["Spot Weakness"],"campfire_rested":0,"item_purchase_floors":[12],"current_hp_per_floor":[74,74,74,75,75,75,75,75,75,14,32,32,18,0],"gold":136,"neow_bonus":"THREE_ENEMY_KILL","is_prod":false,"is_daily":false,"chose_seed":false,"campfire_upgraded":1,"win_rate":0,"timestamp":1542770977,"path_taken":["M","?","$","?","?","E","R","?","T","?","?","?","M","E"],"build_version":"2018-11-15","purchased_purges":0,"victory":false,"max_hp_per_floor":[75,75,75,75,75,75,75,75,75,75,75,75,75,75],"card_choices":[{"not_picked":["Clash","Clothesline"],"picked":"Evolve","floor":1},{"not_picked":["Flex","Intimidate"],"picked":"Spot Weakness","floor":4},{"not_picked":["Reckless Charge","Dropkick"],"picked":"Shrug It Off","floor":6},{"not_picked":["Intimidate","Twin Strike"],"picked":"Metallicize","floor":8},{"not_picked":["Flex","Rupture"],"picked":"Clothesline","floor":13}],"player_experience":806570,"relics_obtained":[{"floor":6,"key":"Bottled Lightning"},{"floor":9,"key":"Darkstone Periapt"},{"floor":10,"key":"Peace Pipe"}],"event_choices":[{"damage_healed":0,"gold_gain":0,"player_choice":"Bought 0 Potions","damage_taken":0,"max_hp_gain":0,"max_hp_loss":0,"event_name":"The Woman in Blue","floor":2,"gold_loss":0},{"damage_healed":0,"gold_gain":0,"player_choice":"Got Potions","damage_taken":0,"max_hp_gain":0,"max_hp_loss":0,"event_name":"Lab","floor":5,"gold_loss":0},{"damage_healed":0,"gold_gain":0,"player_choice":"Searched \u00271\u0027 times","damage_taken":0,"max_hp_gain":0,"max_hp_loss":0,"event_name":"Dead Adventurer","floor":10,"gold_loss":0},{"damage_healed":18,"gold_gain":0,"player_choice":"Healed","damage_taken":0,"max_hp_gain":0,"max_hp_loss":0,"event_name":"The Cleric","floor":11,"gold_loss":35}],"is_beta":false,"boss_relics":[],"items_purged_floors":[],"is_endless":false,"potions_floor_spawned":[1,6],"killed_by":"Lagavulin","ascension_level":14}