{"gold_per_floor":[114,127,127,146,146,146,160,160,185,198,198,234,234,248,248,248],"floor_reached":16,"playtime":736,"items_purged":[],"score":189,"play_id":"c35842cd-8ea6-4716-b043-6087f2db3dbe","local_time":"20190612214912","is_ascension_mode":true,"campfire_choices":[{"data":"Crippling Poison","floor":6,"key":"SMITH"},{"data":"Caltrops","floor":8,"key":"SMITH"},{"floor":11,"key":"REST"},{"data":"Neutralize","floor":13,"key":"SMITH"},{"floor":15,"key":"REST"}],"neow_cost":"NONE","seed_source_timestamp":973466445474984,"circlet_count":0,"master_deck":["AscendersBane","Defend_G","Defend_G","Defend_G","Defend_G","Defend_G","Strike_G","Strike_G","Strike_G","Strike_G","Strike_G","Survivor","Neutralize+1","Dodge and Roll","Bane","Flying Knee","Crippling Poison+1","Caltrops+1","Riddle With Holes","Dagger Spray"],"relics":["Ring of the Snake","Golden Idol","PreservedInsect","Happy Flower"],"potions_floor_usage":[7,16],"damage_taken":[{"damage":7,"enemies":"Small Slimes","floor":1,"turns":8},{"damage":1,"enemies":"Jaw Worm","floor":2,"turns":6},{"damage":1,"enemies":"Cultist","floor":4,"turns":4},{"damage":1,"enemies":"Looter","floor":7,"turns":3},{"damage":30,"enemies":"Large Slime","floor":10,"turns":7},{"damage":14,"enemies":"Gremlin Nob","floor":12,"turns":4},{"damage":16,"enemies":"Lots of Slimes","floor":14,"turns":3},{"damage":27,"enemies":"Hexaghost","floor":16,"turns":11}],"seed_played":"8248164353990917103","potions_obtained":[{"floor":2,"key":"GhostInAJar"},{"floor":12,"key":"Ancient Potion"},{"floor":14,"key":"EssenceOfSteel"}],"is_trial":false,"path_per_floor":["M","M","?","M","$","R","M","R","T","M","R","E","R","M","R","B"],"character_chosen":"THE_SILENT","items_purchased":[],"campfire_rested":2,"item_purchase_floors":[],"current_hp_per_floor":[52,51,51,50,50,50,49,49,49,19,37,23,23,7,25,0],"gold":248,"neow_bonus":"THREE_CARDS","is_prod":false,"is_daily":false,"chose_seed":false,"campfire_upgraded":3,"win_rate":0,"timestamp":1560401352,"path_taken":["M","M","?","M","$","R","M","R","T","M","R","E","R","M","R","BOSS"],"build_version":"2019-01-23","purchased_purges":0,"victory":false,"max_hp_per_floor":[66,66,60,60,60,60,60,60,60,60,60,60,60,60,60,60],"card_choices":[{"not_picked":["Bane","Underhanded Strike"],"picked":"Dodge and Roll","floor":0},{"not_picked":["Acrobatics","Cloak And Dagger"],"picked":"Bane","floor":1},{"not_picked":["Choke","Bane"],"picked":"Flying Knee","floor":2},{"not_picked":["Infinite Blades","Dodge and Roll"],"picked":"Crippling Poison","floor":4},{"not_picked":["PiercingWail","Storm of Steel"],"picked":"Caltrops","floor":7},{"not_picked":["Skewer","Deflect"],"picked":"Riddle With Holes","floor":10},{"not_picked":["Outmaneuver","Skewer"],"picked":"Dagger Spray","floor":12},{"not_picked":["Masterful Stab","Deflect","Night Terror"],"picked":"SKIP","floor":14}],"player_experience":992969,"relics_obtained":[{"floor":9,"key":"PreservedInsect"},{"floor":12,"key":"Happy Flower"}],"event_choices":[{"damage_healed":0,"gold_gain":0,"player_choice":"Lose Max HP","damage_taken":0,"relics_obtained":["Golden Idol"],"max_hp_gain":0,"max_hp_loss":6,"event_name":"Golden Idol","floor":3,"gold_loss":0}],"is_beta":false,"boss_relics":[],"items_purged_floors":[],"is_endless":false,"potions_floor_spawned":[2,12,14],"killed_by":"Hexaghost","ascension_level":17}