{"gold_per_floor":[218,228,31,48,48,48,87,87,110,110,151,166,181,220,220,351,351,376,394,418,443,323,323,359,359,359,259,297,321,337,337,337,463,463,476,476,386,406,420,461,794,807,833,568,568,579,608,40,40,40],"floor_reached":51,"playtime":1603,"items_purged":["Strike_R","Strike_R","Strike_R","Strike_R"],"score":817,"play_id":"187e985d-fa7c-4656-a957-64f6f4496e81","local_time":"20190512104509","is_ascension_mode":false,"campfire_choices":[{"data":"Armaments","floor":6,"key":"SMITH"},{"data":"Bash","floor":10,"key":"SMITH"},{"data":"Demon Form","floor":15,"key":"SMITH"},{"data":"Sword Boomerang","floor":23,"key":"SMITH"},{"data":"Immolate","floor":25,"key":"SMITH"},{"data":"Double Tap","floor":32,"key":"SMITH"},{"data":"Heavy Blade","floor":45,"key":"SMITH"},{"floor":49,"key":"REST"}],"neow_cost":"NONE","seed_source_timestamp":485353691217221,"circlet_count":0,"master_deck":["Defend_R","Defend_R","Defend_R","Defend_R","Bash+1","Twin Strike","Armaments+1","Shrug It Off","Inflame","Rampage","Demon Form+1","Immolate+1","Shrug It Off+1","Sword Boomerang+1","Armaments+1","Cleave","Heavy Blade+1","Double Tap+1","Heavy Blade+1","Whirlwind+1","Sword Boomerang+1","Perfected Strike","Parasite","Uppercut+1"],"relics":["Black Blood","Vajra","Bag of Preparation","Potion Belt","Darkstone Periapt","Sundial","Sozu","Self Forming Clay","Meat on the Bone","Lantern","The Courier","Happy Flower","Ancient Tea Set","Oddly Smooth Stone","Turnip","Calipers","Bottled Tornado"],"potions_floor_usage":[7,12,33,33],"damage_taken":[{"damage":1,"enemies":"2 Louse","floor":1,"turns":2},{"damage":8,"enemies":"Jaw Worm","floor":2,"turns":4},{"damage":6,"enemies":"Cultist","floor":4,"turns":3},{"damage":22,"enemies":"Gremlin Nob","floor":7,"turns":4},{"damage":19,"enemies":"3 Sentries","floor":11,"turns":8},{"damage":0,"enemies":"Large Slime","floor":12,"turns":3},{"damage":29,"enemies":"Exordium Thugs","floor":13,"turns":4},{"damage":14,"enemies":"Gremlin Nob","floor":14,"turns":4},{"damage":47,"enemies":"Hexaghost","floor":16,"turns":8},{"damage":12,"enemies":"3 Byrds","floor":18,"turns":4},{"damage":5,"enemies":"Shell Parasite","floor":19,"turns":3},{"damage":3,"enemies":"Centurion and Healer","floor":20,"turns":4},{"damage":4,"enemies":"3 Cultists","floor":21,"turns":4},{"damage":33,"enemies":"Book of Stabbing","floor":24,"turns":4},{"damage":35,"enemies":"Slavers","floor":28,"turns":5},{"damage":10,"enemies":"Chosen and Byrds","floor":29,"turns":3},{"damage":16,"enemies":"Shelled Parasite and Fungi","floor":30,"turns":4},{"damage":52,"enemies":"Collector","floor":33,"turns":6},{"damage":10,"enemies":"3 Shapes","floor":35,"turns":2},{"damage":5,"enemies":"Orb Walker","floor":38,"turns":3},{"damage":27,"enemies":"Spire Growth","floor":39,"turns":3},{"damage":38,"enemies":"Reptomancer","floor":40,"turns":5},{"damage":14,"enemies":"3 Darklings","floor":42,"turns":4},{"damage":17,"enemies":"Writhing Mass","floor":46,"turns":3},{"damage":42,"enemies":"Nemesis","floor":47,"turns":5},{"damage":51,"enemies":"Time Eater","floor":50,"turns":5}],"seed_played":"-878131037204110619","potions_obtained":[{"floor":1,"key":"Poison Potion"},{"floor":12,"key":"Fruit Juice"},{"floor":13,"key":"EssenceOfSteel"},{"floor":14,"key":"Swift Potion"}],"is_trial":false,"path_per_floor":["M","M","$","M","?","R","E","?","T","R","E","M","M","E","R","B",null,"M","M","M","M","$","R","E","R","T","$","E","M","M","?","R","B",null,"M","?","?","M","M","E","?","M","T","$","R","M","E","$","R","B",null],"character_chosen":"IRONCLAD","items_purchased":["Vajra","Armaments","Sword Boomerang","Perfected Strike","Oddly Smooth Stone","Calipers","Bottled Tornado"],"campfire_rested":1,"item_purchase_floors":[3,3,22,44,44,48,48],"current_hp_per_floor":[80,78,78,78,58,58,42,90,90,90,77,88,65,57,57,16,95,89,90,93,95,95,95,68,68,68,68,51,59,61,61,61,27,95,95,95,95,95,78,62,62,58,58,58,58,69,49,49,79,50],"gold":40,"neow_bonus":"HUNDRED_GOLD","is_prod":false,"is_daily":false,"chose_seed":false,"campfire_upgraded":7,"win_rate":0,"timestamp":1557672309,"path_taken":["M","M","$","M","?","R","E","?","T","R","E","M","M","E","R","BOSS","M","?","M","M","$","R","E","R","T","$","E","M","M","?","R","BOSS","M","?","?","?","M","E","?","M","T","?","R","M","E","$","R","BOSS"],"build_version":"2019-01-23","purchased_purges":4,"victory":true,"max_hp_per_floor":[80,80,80,80,80,80,80,90,90,90,90,95,95,95,95,95,95,95,95,95,95,95,95,95,95,95,95,95,95,95,95,95,95,95,95,95,95,95,95,95,95,95,95,95,95,101,101,101,101,101],"card_choices":[{"not_picked":["Rage","Thunderclap","Sentinel"],"picked":"SKIP","floor":1},{"not_picked":["Havoc","Clothesline"],"picked":"Twin Strike","floor":2},{"not_picked":["Anger","Headbutt"],"picked":"Shrug It Off","floor":4},{"not_picked":["Pommel Strike","Feel No Pain"],"picked":"Exhume","floor":7},{"not_picked":["Bloodletting","True Grit"],"picked":"Inflame","floor":11},{"not_picked":["Headbutt","Warcry"],"picked":"Rampage","floor":12},{"not_picked":["Shrug It Off","Sever Soul"],"picked":"Spot Weakness","floor":13},{"not_picked":["Spot Weakness","Entrench"],"picked":"Demon Form","floor":14},{"not_picked":["Fiend Fire","Impervious"],"picked":"Immolate","floor":16},{"not_picked":["Havoc+1","Clothesline","Disarm"],"picked":"SKIP","floor":18},{"not_picked":["Spot Weakness","Pommel Strike+1"],"picked":"Shrug It Off+1","floor":19},{"not_picked":["Hemokinesis","Searing Blow","Metallicize"],"picked":"SKIP","floor":20},{"not_picked":["Body Slam","True Grit","Rupture+1"],"picked":"SKIP","floor":21},{"not_picked":["Rupture+1","Iron Wave"],"picked":"Armaments+1","floor":24},{"not_picked":["Perfected Strike","Headbutt+1"],"picked":"Cleave","floor":28},{"not_picked":["Wild Strike+1","Havoc+1"],"picked":"Heavy Blade","floor":29},{"not_picked":["Body Slam","Armaments"],"picked":"Double Tap","floor":30},{"not_picked":["Inflame+1","Cleave+1","Armaments+1"],"picked":"SKIP","floor":35},{"not_picked":["Rupture+1","Body Slam+1","True Grit"],"picked":"SKIP","floor":38},{"not_picked":["Cleave+1","Spot Weakness+1"],"picked":"Heavy Blade","floor":39},{"not_picked":["Armaments+1","Entrench+1"],"picked":"Whirlwind+1","floor":40},{"not_picked":["Exhume","Searing Blow"],"picked":"Sword Boomerang+1","floor":42},{"not_picked":["Flex","Clash","Warcry+1"],"picked":"SKIP","floor":46},{"not_picked":["Perfected Strike+1","Carnage+1"],"picked":"Uppercut+1","floor":47}],"player_experience":685524,"relics_obtained":[{"floor":7,"key":"Bag of Preparation"},{"floor":9,"key":"Potion Belt"},{"floor":11,"key":"Darkstone Periapt"},{"floor":14,"key":"Sundial"},{"floor":24,"key":"Self Forming Clay"},{"floor":26,"key":"Meat on the Bone"},{"floor":28,"key":"Lantern"},{"floor":40,"key":"Happy Flower"},{"floor":43,"key":"Ancient Tea Set"},{"floor":47,"key":"Turnip"}],"event_choices":[{"damage_healed":0,"gold_gain":0,"player_choice":"Take Damage","damage_taken":20,"relics_obtained":["Golden Idol"],"max_hp_gain":0,"max_hp_loss":0,"event_name":"Golden Idol","floor":5,"gold_loss":0},{"cards_removed":["Exhume"],"damage_healed":38,"gold_gain":0,"player_choice":"Offered Rare","damage_taken":0,"max_hp_gain":10,"max_hp_loss":0,"event_name":"Bonfire Elementals","floor":8,"gold_loss":0},{"damage_healed":0,"gold_gain":0,"player_choice":"Opened","damage_taken":0,"relics_obtained":["The Courier"],"max_hp_gain":0,"max_hp_loss":0,"event_name":"The Mausoleum","floor":31,"gold_loss":0},{"cards_removed":["Spot Weakness"],"damage_healed":0,"gold_gain":0,"player_choice":"Removed Skill","damage_taken":0,"max_hp_gain":0,"max_hp_loss":0,"event_name":"Falling","floor":36,"gold_loss":0},{"cards_removed":["Strike_R"],"damage_healed":0,"gold_gain":0,"player_choice":"Upgrade and Remove","damage_taken":0,"max_hp_gain":0,"max_hp_loss":0,"event_name":"Designer","floor":37,"gold_loss":90,"cards_upgraded":["Heavy Blade"]},{"damage_healed":0,"gold_gain":333,"player_choice":"Gave Idol","damage_taken":0,"max_hp_gain":0,"max_hp_loss":0,"event_name":"The Moai Head","floor":41,"relics_lost":["Golden Idol"],"gold_loss":0}],"is_beta":false,"boss_relics":[{"not_picked":["Runic Cube","White Beast Statue"],"picked":"Sozu"},{"not_picked":["Busted Crown","Black Star"],"picked":"Black Blood"}],"items_purged_floors":[22,27,44,48],"is_endless":false,"potions_floor_spawned":[1,12,13,14,18,21,24,28,30,40,42,46,47],"ascension_level":0}