{"gold_per_floor":[118,118,136,136,111,142,142,142,142,142,63,77,102,118,118,197,197,210,5,19,19,33,60,60,89,89,89,14,34,34,45,45,45],"floor_reached":33,"playtime":1253,"items_purged":["Shame"],"score":583,"play_id":"90605dcd-cc33-4f7e-95ab-48dab5bb775a","local_time":"20190126105842","is_ascension_mode":true,"campfire_choices":[{"data":"1","floor":8,"key":"LIFT"},{"data":"2","floor":10,"key":"LIFT"},{"data":"3","floor":15,"key":"LIFT"},{"floor":24,"key":"REST"},{"data":"Double Tap","floor":30,"key":"SMITH"},{"data":"Double Tap","floor":32,"key":"SMITH"}],"neow_cost":"NONE","seed_source_timestamp":1016115867514864,"circlet_count":0,"master_deck":["AscendersBane","Strike_R","Strike_R","Strike_R","Strike_R","Strike_R","Defend_R","Defend_R","Defend_R","Defend_R","Bash","Shrug It Off+1","Anger","Shrug It Off+1","Impervious","Rage","Clothesline","Pummel","Twin Strike","Double Tap+1","Whirlwind","Body Slam","Whirlwind+1","Double Tap+1","Inflame+1"],"relics":["Burning Blood","NeowsBlessing","Girya","Vajra","Bottled Flame","Mercury Hourglass","Orrery","Bag of Preparation","Gambling Chip","Bottled Lightning","Mummified Hand","Kunai","Frozen Egg 2"],"potions_floor_usage":[22,25],"damage_taken":[{"damage":0,"enemies":"Small Slimes","floor":1,"turns":1},{"damage":0,"enemies":"Cultist","floor":3,"turns":1},{"damage":0,"enemies":"Lagavulin","floor":6,"turns":1},{"damage":7,"enemies":"Jaw Worm","floor":12,"turns":2},{"damage":8,"enemies":"3 Sentries","floor":13,"turns":9},{"damage":0,"enemies":"Large Slime","floor":14,"turns":4},{"damage":25,"enemies":"Slime Boss","floor":16,"turns":9},{"damage":11,"enemies":"2 Thieves","floor":18,"turns":4},{"damage":0,"enemies":"Spheric Guardian","floor":20,"turns":3},{"damage":10,"enemies":"Snecko","floor":22,"turns":4},{"damage":55,"enemies":"Book of Stabbing","floor":23,"turns":6},{"damage":0,"enemies":"Gremlin Leader","floor":25,"turns":5},{"damage":9,"enemies":"Chosen and Byrds","floor":29,"turns":4},{"damage":0,"enemies":"Cultist and Chosen","floor":31,"turns":4},{"damage":100,"enemies":"Champ","floor":33,"turns":10}],"seed_played":"7448946793420751741","potions_obtained":[{"floor":12,"key":"LiquidBronze"},{"floor":13,"key":"FairyPotion"},{"floor":20,"key":"Block Potion"},{"floor":23,"key":"Explosive Potion"}],"is_trial":false,"path_per_floor":["M","?","M","?","$","E","?","R","T","R","$","M","E","M","R","B",null,"M","$","M","?","M","E","R","E","T","?","$","M","R","M","R","B"],"character_chosen":"IRONCLAD","items_purchased":["Shrug It Off","Rage","Bag of Preparation","Explosive Potion"],"campfire_rested":1,"item_purchase_floors":[5,11,19,19],"current_hp_per_floor":[74,74,75,72,72,75,75,75,75,75,75,74,72,75,75,56,70,65,65,71,71,67,18,40,46,46,46,46,43,43,49,49,0],"gold":45,"neow_bonus":"THREE_ENEMY_KILL","is_prod":false,"is_daily":false,"chose_seed":false,"campfire_upgraded":2,"win_rate":0,"timestamp":1548529122,"path_taken":["M","?","?","?","$","E","?","R","T","R","$","M","E","M","R","BOSS","M","$","M","?","M","E","R","E","T","?","?","M","R","M","R","BOSS"],"build_version":"2019-01-23","purchased_purges":1,"victory":false,"max_hp_per_floor":[75,75,75,75,75,75,75,75,75,75,75,75,75,75,75,75,75,75,75,75,75,75,75,75,75,75,75,75,75,75,75,75,75],"card_choices":[{"not_picked":["Perfected Strike","Twin Strike"],"picked":"Shrug It Off","floor":1},{"not_picked":["Sword Boomerang","Armaments"],"picked":"Anger","floor":3},{"not_picked":["Evolve","Inflame"],"picked":"Impervious","floor":6},{"not_picked":["Power Through","Havoc"],"picked":"Clothesline","floor":12},{"not_picked":["Impervious","Flex"],"picked":"Pummel","floor":13},{"not_picked":["Iron Wave","Corruption"],"picked":"Twin Strike","floor":14},{"not_picked":["Feed","Bludgeon"],"picked":"Double Tap","floor":16},{"not_picked":["Havoc","Hemokinesis"],"picked":"Whirlwind","floor":17},{"not_picked":["Uppercut","Flex"],"picked":"Body Slam","floor":17},{"not_picked":["Warcry","Iron Wave","Dark Embrace"],"picked":"SKIP","floor":18},{"not_picked":["Shrug It Off","Combust+1"],"picked":"Whirlwind+1","floor":20},{"not_picked":["Headbutt","Searing Blow","Perfected Strike"],"picked":"SKIP","floor":22},{"not_picked":["Headbutt","Anger+1"],"picked":"Double Tap","floor":23},{"not_picked":["Sword Boomerang","True Grit","Flex"],"picked":"SKIP","floor":25},{"not_picked":["Body Slam","Clothesline"],"picked":"Inflame+1","floor":29},{"not_picked":["Clothesline+1","Iron Wave","Warcry+1"],"picked":"SKIP","floor":31}],"player_experience":828456,"relics_obtained":[{"floor":6,"key":"Vajra"},{"floor":9,"key":"Bottled Flame"},{"floor":13,"key":"Mercury Hourglass"},{"floor":23,"key":"Bottled Lightning"},{"floor":25,"key":"Mummified Hand"},{"floor":26,"key":"Kunai"}],"event_choices":[{"damage_healed":0,"gold_gain":0,"player_choice":"Forge","damage_taken":0,"max_hp_gain":0,"max_hp_loss":0,"event_name":"Accursed Blacksmith","floor":2,"gold_loss":0,"cards_upgraded":["Shrug It Off"]},{"damage_healed":0,"gold_gain":0,"player_choice":"Success","damage_taken":3,"relics_obtained":["Girya"],"max_hp_gain":0,"max_hp_loss":0,"event_name":"Scrap Ooze","floor":4,"gold_loss":0},{"damage_healed":0,"gold_gain":0,"player_choice":"Upgraded","damage_taken":0,"max_hp_gain":0,"max_hp_loss":0,"event_name":"Upgrade Shrine","floor":7,"gold_loss":0,"cards_upgraded":["Shrug It Off"]},{"damage_healed":0,"gold_gain":0,"player_choice":"Stole Relic","damage_taken":0,"relics_obtained":["Gambling Chip"],"max_hp_gain":0,"max_hp_loss":0,"event_name":"Addict","floor":21,"gold_loss":0,"cards_obtained":["Shame"]},{"damage_healed":0,"gold_gain":0,"player_choice":"Opened","damage_taken":0,"relics_obtained":["Frozen Egg 2"],"max_hp_gain":0,"max_hp_loss":0,"event_name":"The Mausoleum","floor":27,"gold_loss":0}],"is_beta":false,"boss_relics":[{"not_picked":["Runic Cube","Eternal Feather"],"picked":"Orrery"}],"items_purged_floors":[28],"is_endless":false,"potions_floor_spawned":[12,13,14,20,23],"killed_by":"Champ","ascension_level":14}