{"gold_per_floor":[117,192,192,208,161,161,181,211,289,303,193,193,5,23,23,23],"floor_reached":16,"playtime":391,"items_purged":[],"score":158,"play_id":"3e12e5cf-4e5b-4d93-8ccd-87d21892d3b2","local_time":"20190503173938","is_ascension_mode":true,"campfire_choices":[{"data":"Gash","floor":6,"key":"SMITH"},{"data":"Self Repair","floor":12,"key":"SMITH"},{"floor":15,"key":"REST"}],"neow_cost":"NONE","seed_source_timestamp":596017167929944,"circlet_count":0,"master_deck":["AscendersBane","Strike_B","Strike_B","Strike_B","Strike_B","Defend_B","Defend_B","Defend_B","Defend_B","Zap","Dualcast","Conserve Battery","Leap","Gash+1","FTL","Self Repair+1","Leap"],"relics":["Cracked Core","PreservedInsect","Singing Bowl","Bottled Lightning","Juzu Bracelet"],"potions_floor_usage":[16,16],"damage_taken":[{"damage":4,"enemies":"Jaw Worm","floor":1,"turns":3},{"damage":10,"enemies":"2 Louse","floor":4,"turns":2},{"damage":1,"enemies":"Cultist","floor":7,"turns":3},{"damage":2,"enemies":"Large Slime","floor":10,"turns":6},{"damage":8,"enemies":"3 Louse","floor":14,"turns":5},{"damage":74,"enemies":"Slime Boss","floor":16,"turns":8}],"seed_played":"6146766526321903752","potions_obtained":[{"floor":1,"key":"EssenceOfSteel"},{"floor":10,"key":"Dexterity Potion"}],"is_trial":false,"path_per_floor":["M","?","T","M","$","R","M","?","T","M","$","R","$","M","R","B"],"character_chosen":"DEFECT","items_purchased":["Gash","FTL","Self Repair","Juzu Bracelet","Leap"],"campfire_rested":1,"item_purchase_floors":[5,11,11,13,13],"current_hp_per_floor":[60,49,49,39,39,39,40,40,40,40,40,40,40,44,67,0],"gold":23,"neow_bonus":"RANDOM_COMMON_RELIC","is_prod":false,"is_daily":false,"chose_seed":false,"campfire_upgraded":2,"win_rate":0,"timestamp":1556930378,"path_taken":["M","?","?","M","$","R","M","?","T","M","?","R","$","M","R","BOSS"],"build_version":"2019-01-23","purchased_purges":0,"victory":false,"max_hp_per_floor":[71,71,71,71,71,71,73,73,73,75,75,75,75,77,77,77],"card_choices":[{"not_picked":["Melter","Go for the Eyes"],"picked":"Conserve Battery","floor":1},{"not_picked":["Beam Cell","Scrape"],"picked":"Leap","floor":4},{"not_picked":["Ball Lightning","Coolheaded","Hello World"],"picked":"Singing Bowl","floor":7},{"not_picked":["Cold Snap","Aggregate","Stack"],"picked":"Singing Bowl","floor":10},{"not_picked":["Sweeping Beam","Compile Driver","Go for the Eyes"],"picked":"Singing Bowl","floor":14}],"player_experience":896123,"relics_obtained":[{"floor":3,"key":"Singing Bowl"},{"floor":9,"key":"Bottled Lightning"}],"event_choices":[{"damage_healed":0,"gold_gain":75,"player_choice":"Gather Gold","damage_taken":11,"max_hp_gain":0,"max_hp_loss":0,"event_name":"World of Goop","floor":2,"gold_loss":0},{"damage_healed":0,"gold_gain":30,"player_choice":"Searched \u00271\u0027 times","damage_taken":0,"max_hp_gain":0,"max_hp_loss":0,"event_name":"Dead Adventurer","floor":8,"gold_loss":0}],"is_beta":false,"boss_relics":[],"items_purged_floors":[],"is_endless":false,"potions_floor_spawned":[1,10],"killed_by":"Slime Boss","ascension_level":15}