{"gold_per_floor":[111,111,32,45,58,90,90,102,129,129,155,330,298,310,310,407,407,426,436,436,60,60,60,93,18,65,65,65,65,65,17,17,17],"floor_reached":33,"playtime":2316,"items_purged":[],"score":296,"play_id":"7c7bcd6d-f0d0-4118-8bfe-1e0682a317ff","local_time":"20190603225333","is_ascension_mode":true,"campfire_choices":[{"data":"Feel No Pain","floor":7,"key":"SMITH"},{"data":"Offering","floor":10,"key":"SMITH"},{"data":"Strike_R","floor":15,"key":"SMITH"},{"floor":23,"key":"REST"},{"floor":27,"key":"REST"},{"floor":28,"key":"REST"},{"data":"Apotheosis","floor":29,"key":"SMITH"},{"data":"True Grit","floor":30,"key":"SMITH"},{"floor":32,"key":"REST"}],"neow_cost":"NONE","seed_source_timestamp":699721049137059,"circlet_count":0,"master_deck":["Strike_R+1","Strike_R","Strike_R","Strike_R","Strike_R","Defend_R","Defend_R","Defend_R","Defend_R","Bash","Purity","Shrug It Off","Offering+1","Feel No Pain+1","Warcry","Sever Soul","Doubt","Immolate","Regret","Shame","Headbutt+1","True Grit+1","True Grit","Apotheosis+1","Warcry"],"relics":["Burning Blood","Pen Nib","Oddly Smooth Stone","Ancient Tea Set","Calling Bell","PreservedInsect","Shuriken","WingedGreaves","Bag of Marbles","Strawberry","Potion Belt","Bronze Scales"],"potions_floor_usage":[5,6,6,16,16,33],"damage_taken":[{"damage":0,"enemies":"Small Slimes","floor":1,"turns":3},{"damage":12,"enemies":"Cultist","floor":4,"turns":3},{"damage":0,"enemies":"Jaw Worm","floor":5,"turns":2},{"damage":12,"enemies":"3 Sentries","floor":6,"turns":10},{"damage":6,"enemies":"3 Louse","floor":8,"turns":5},{"damage":20,"enemies":"Gremlin Nob","floor":11,"turns":4},{"damage":6,"enemies":"Large Slime","floor":14,"turns":3},{"damage":39,"enemies":"Slime Boss","floor":16,"turns":11},{"damage":24,"enemies":"Spheric Guardian","floor":18,"turns":5},{"damage":26,"enemies":"Shell Parasite","floor":19,"turns":7},{"damage":67,"enemies":"Slavers","floor":24,"turns":5},{"damage":103,"enemies":"Champ","floor":33,"turns":15}],"seed_played":"1116004138022100420","potions_obtained":[{"floor":1,"key":"Block Potion"},{"floor":2,"key":"Block Potion"},{"floor":2,"key":"Energy Potion"},{"floor":5,"key":"Ancient Potion"},{"floor":14,"key":"Strength Potion"},{"floor":24,"key":"Strength Potion"}],"is_trial":false,"path_per_floor":["M","?","$","M","M","E","R","M","T","R","E","?","?","M","R","B",null,"M","M","?","$","T","R","E","?","T","R","R","R","R","$","R","B"],"character_chosen":"IRONCLAD","items_purchased":["Offering","True Grit","Apotheosis","Bag of Marbles","Warcry"],"campfire_rested":4,"item_purchase_floors":[3,21,21,21,31],"current_hp_per_floor":[80,80,80,74,80,74,74,74,74,74,60,60,60,60,60,27,80,62,42,42,42,49,75,14,14,14,40,66,66,66,66,87,0],"gold":17,"neow_bonus":"RANDOM_COLORLESS","is_prod":false,"is_daily":false,"chose_seed":false,"campfire_upgraded":5,"win_rate":0,"timestamp":1559627613,"path_taken":["M","?","?","M","?","E","R","M","T","R","E","?","?","M","R","BOSS","M","M","?","$","?","R","E","?","T","R","R","R","R","$","R","BOSS"],"build_version":"2019-01-23","purchased_purges":0,"victory":false,"max_hp_per_floor":[80,80,80,80,80,80,80,80,80,80,80,80,80,80,80,80,80,80,80,80,80,87,87,87,87,87,87,87,87,87,87,87,87],"card_choices":[{"not_picked":["Ghostly Armor","Headbutt"],"picked":"Shrug It Off","floor":1},{"not_picked":["Uppercut","Blood for Blood"],"picked":"Feel No Pain","floor":4},{"not_picked":["Perfected Strike","Carnage"],"picked":"Warcry","floor":5},{"not_picked":["Fire Breathing","Shrug It Off","Body Slam"],"picked":"SKIP","floor":6},{"not_picked":["Clash","Searing Blow","Heavy Blade"],"picked":"SKIP","floor":8},{"not_picked":["Uppercut","Second Wind"],"picked":"Sever Soul","floor":11},{"not_picked":["Blood for Blood","Metallicize","Heavy Blade"],"picked":"SKIP","floor":14},{"not_picked":["Limit Break","Double Tap"],"picked":"Immolate","floor":16},{"not_picked":["Pummel","Second Wind","Intimidate"],"picked":"SKIP","floor":18},{"not_picked":["Armaments","Havoc"],"picked":"Headbutt+1","floor":19},{"not_picked":["Twin Strike","Spot Weakness","Hemokinesis"],"picked":"SKIP","floor":24}],"player_experience":292153,"relics_obtained":[{"floor":6,"key":"Pen Nib"},{"floor":9,"key":"Oddly Smooth Stone"},{"floor":11,"key":"Ancient Tea Set"},{"floor":17,"key":"PreservedInsect"},{"floor":17,"key":"Shuriken"},{"floor":17,"key":"WingedGreaves"},{"floor":22,"key":"Strawberry"},{"floor":24,"key":"Potion Belt"},{"floor":26,"key":"Bronze Scales"}],"event_choices":[{"damage_healed":0,"gold_gain":0,"player_choice":"Got Potions","damage_taken":0,"max_hp_gain":0,"max_hp_loss":0,"event_name":"Lab","floor":2,"gold_loss":0},{"damage_healed":0,"gold_gain":175,"player_choice":"AGREE","damage_taken":0,"max_hp_gain":0,"max_hp_loss":0,"event_name":"Liars Game","floor":12,"gold_loss":0,"cards_obtained":["Doubt"]},{"damage_healed":0,"gold_gain":0,"player_choice":"Left Gold","damage_taken":0,"max_hp_gain":0,"max_hp_loss":0,"event_name":"World of Goop","floor":13,"gold_loss":32},{"damage_healed":0,"gold_gain":0,"player_choice":"1 cards matched","damage_taken":0,"max_hp_gain":0,"max_hp_loss":0,"event_name":"Match and Keep!","floor":20,"gold_loss":0,"cards_obtained":["True Grit"]},{"cards_removed":["Normality"],"damage_healed":0,"gold_gain":0,"player_choice":"Gave Gold","damage_taken":0,"max_hp_gain":0,"max_hp_loss":0,"event_name":"Beggar","floor":25,"gold_loss":75}],"is_beta":false,"boss_relics":[{"not_picked":["Runic Pyramid","Empty Cage"],"picked":"Calling Bell"}],"items_purged_floors":[],"is_endless":false,"potions_floor_spawned":[1,5,14,24],"killed_by":"Champ","ascension_level":2}