{"gold_per_floor":[15,27,38,55,66,100,50,50,50,67,67,93,93,120,120,218,218,237,237,287,302,113,113,131,131,131,131,131,131,151,151,151,251,251,269,269,289,39,55,55,55,55,55,1,17,35,0,0,0,0],"floor_reached":50,"playtime":2300,"items_purged":["Strike_B"],"score":540,"play_id":"f34213b9-46e6-4371-9c47-febea38086c7","local_time":"20190209144538","is_ascension_mode":true,"campfire_choices":[{"floor":8,"key":"REST"},{"data":"Zap","floor":11,"key":"SMITH"},{"floor":15,"key":"REST"},{"floor":23,"key":"REST"},{"floor":25,"key":"REST"},{"data":"Darkness","floor":29,"key":"SMITH"},{"floor":32,"key":"REST"},{"floor":40,"key":"REST"},{"floor":42,"key":"REST"},{"floor":49,"key":"REST"}],"neow_cost":"NO_GOLD","seed_source_timestamp":797684091303796,"circlet_count":0,"master_deck":["Defend_B","Defend_B","Defend_B","Zap+1","Dualcast","Dark Shackles","Trip","Gash","Sweeping Beam","Stack","Darkness+1","Gash","Buffer","Echo Form","Amplify","Self Repair","Sweeping Beam","Self Repair","Lockon","Heatsinks","Coolheaded+1","Sweeping Beam+1","Chaos","Madness","Madness","Cold Snap","Hologram+1","Double Energy"],"relics":["Cracked Core","Omamori","Ornamental Fan","Cables","Orichalcum","Busted Crown","Symbiotic Virus","Fusion Hammer","Mummified Hand","Bottled Flame","Red Mask"],"potions_floor_usage":[16,33,33,45,50,50],"damage_taken":[{"damage":12,"enemies":"Small Slimes","floor":1,"turns":2},{"damage":3,"enemies":"Jaw Worm","floor":2,"turns":4},{"damage":0,"enemies":"Cultist","floor":3,"turns":3},{"damage":1,"enemies":"2 Fungi Beasts","floor":4,"turns":3},{"damage":4,"enemies":"Blue Slaver","floor":5,"turns":4},{"damage":27,"enemies":"Gremlin Nob","floor":6,"turns":4},{"damage":6,"enemies":"3 Louse","floor":10,"turns":2},{"damage":43,"enemies":"3 Sentries","floor":12,"turns":7},{"damage":2,"enemies":"Hexaghost","floor":16,"turns":9},{"damage":16,"enemies":"Spheric Guardian","floor":18,"turns":4},{"damage":38,"enemies":"Colosseum Slavers","floor":19,"turns":5},{"damage":23,"enemies":"2 Thieves","floor":21,"turns":5},{"damage":18,"enemies":"Centurion and Healer","floor":24,"turns":6},{"damage":41,"enemies":"Cultist and Chosen","floor":30,"turns":7},{"damage":16,"enemies":"Collector","floor":33,"turns":6},{"damage":54,"enemies":"3 Shapes","floor":35,"turns":4},{"damage":10,"enemies":"Orb Walker","floor":37,"turns":3},{"damage":0,"enemies":"Maw","floor":39,"turns":7},{"damage":31,"enemies":"Jaw Worm Horde","floor":45,"turns":5},{"damage":0,"enemies":"4 Shapes","floor":46,"turns":7},{"damage":79,"enemies":"Time Eater","floor":50,"turns":5}],"seed_played":"2761465839458699779","potions_obtained":[{"floor":1,"key":"Energy Potion"},{"floor":4,"key":"FearPotion"},{"floor":6,"key":"Dexterity Potion"},{"floor":30,"key":"Fire Potion"},{"floor":35,"key":"SneckoOil"},{"floor":39,"key":"Swift Potion"}],"is_trial":false,"path_per_floor":["M","M","M","M","M","E","?","R","T","M","R","E","?","T","R","B",null,"M","?","?","M","$","R","M","R","T","?","?","R","M","?","R","B",null,"M","?","M","$","M","R","?","R","T","$","M","M","?","?","R","B"],"character_chosen":"DEFECT","items_purchased":["Self Repair","Lockon","Mummified Hand","Cold Snap"],"campfire_rested":8,"item_purchase_floors":[22,22,38,44],"current_hp_per_floor":[63,60,60,59,55,28,28,50,50,44,44,1,1,1,23,21,75,59,28,28,12,12,34,37,59,59,59,59,59,39,39,61,52,75,35,35,53,53,74,75,66,75,75,75,58,75,75,75,75,0],"gold":0,"neow_bonus":"RANDOM_COLORLESS_2","is_prod":false,"is_daily":false,"chose_seed":false,"campfire_upgraded":2,"win_rate":0,"timestamp":1549741538,"path_taken":["M","M","M","M","M","E","?","R","T","M","R","E","?","?","R","BOSS","M","?","?","M","$","R","?","R","T","?","?","R","M","?","R","BOSS","M","?","M","$","?","R","?","R","T","$","M","M","?","?","R","BOSS"],"build_version":"2019-01-23","purchased_purges":1,"victory":false,"max_hp_per_floor":[75,75,75,75,75,75,75,75,75,75,75,75,75,75,75,75,75,75,75,75,75,75,75,75,75,75,75,75,75,75,75,75,75,75,75,75,75,75,75,75,75,75,75,75,75,75,75,75,75,75],"card_choices":[{"not_picked":["Sweeping Beam","Stack"],"picked":"Gash","floor":1},{"not_picked":["Redo","Barrage"],"picked":"Sweeping Beam","floor":2},{"not_picked":["Steam","Sweeping Beam"],"picked":"Stack","floor":3},{"not_picked":["Storm","Consume"],"picked":"Darkness","floor":4},{"not_picked":["Rainbow","Streamline"],"picked":"Gash","floor":5},{"not_picked":["Storm","Lockon"],"picked":"Buffer","floor":6},{"not_picked":["Compile Driver","Sweeping Beam","Streamline"],"picked":"SKIP","floor":10},{"not_picked":["Compile Driver","Barrage"],"picked":"Echo Form","floor":12},{"not_picked":["Echo Form","Meteor Strike"],"picked":"Amplify","floor":16},{"not_picked":[],"picked":"Self Repair","floor":18},{"not_picked":[],"picked":"Sweeping Beam","floor":21},{"not_picked":["Streamline"],"picked":"SKIP","floor":24},{"not_picked":[],"picked":"Heatsinks","floor":30},{"not_picked":[],"picked":"Coolheaded+1","floor":35},{"not_picked":[],"picked":"Sweeping Beam+1","floor":37},{"not_picked":[],"picked":"Chaos","floor":39},{"not_picked":["Barrage"],"picked":"SKIP","floor":45},{"not_picked":[],"picked":"Hologram+1","floor":46}],"player_experience":189706,"relics_obtained":[{"floor":6,"key":"Omamori"},{"floor":9,"key":"Ornamental Fan"},{"floor":12,"key":"Cables"},{"floor":14,"key":"Orichalcum"},{"floor":26,"key":"Symbiotic Virus"},{"floor":43,"key":"Bottled Flame"}],"event_choices":[{"cards_removed":["Strike_B"],"damage_healed":0,"gold_gain":0,"player_choice":"Card Removal","damage_taken":0,"max_hp_gain":0,"max_hp_loss":0,"event_name":"The Cleric","floor":7,"gold_loss":50},{"damage_healed":0,"gold_gain":0,"player_choice":"Ignored","damage_taken":0,"max_hp_gain":0,"max_hp_loss":0,"event_name":"Shining Light","floor":13,"gold_loss":0},{"damage_healed":0,"gold_gain":0,"player_choice":"Fight","damage_taken":0,"max_hp_gain":0,"max_hp_loss":0,"event_name":"Colosseum","floor":19,"gold_loss":0},{"damage_healed":0,"gold_gain":0,"player_choice":"Fled From Nobs","damage_taken":0,"max_hp_gain":0,"max_hp_loss":0,"event_name":"Colosseum","floor":19,"gold_loss":0},{"damage_healed":0,"gold_gain":100,"player_choice":"Bet on Murderer","damage_taken":0,"max_hp_gain":0,"max_hp_loss":0,"event_name":"The Joust","floor":20,"gold_loss":50},{"damage_healed":0,"gold_gain":0,"player_choice":"Ignored","damage_taken":0,"max_hp_gain":0,"max_hp_loss":0,"event_name":"Ghosts","floor":27,"gold_loss":0},{"cards_removed":["Strike_B"],"damage_healed":0,"gold_gain":0,"player_choice":"Elegance","damage_taken":0,"max_hp_gain":0,"max_hp_loss":0,"event_name":"Back to Basics","floor":28,"gold_loss":0},{"damage_healed":0,"gold_gain":0,"player_choice":"Smashed Altar","damage_taken":0,"max_hp_gain":0,"max_hp_loss":0,"event_name":"Forgotten Altar","floor":31,"gold_loss":0,"cards_obtained":["Decay"]},{"cards_removed":["Strike_B"],"damage_healed":0,"gold_gain":0,"player_choice":"Purged","damage_taken":0,"max_hp_gain":0,"max_hp_loss":0,"event_name":"Purifier","floor":36,"gold_loss":0},{"damage_healed":0,"gold_gain":0,"player_choice":"Embrace Madness","damage_taken":9,"max_hp_gain":0,"max_hp_loss":0,"event_name":"Winding Halls","floor":41,"gold_loss":0,"cards_obtained":["Madness","Madness"]},{"damage_healed":0,"gold_gain":0,"player_choice":"Paid","damage_taken":0,"relics_obtained":["Red Mask"],"max_hp_gain":0,"max_hp_loss":0,"event_name":"Tomb of Lord Red Mask","floor":47,"gold_loss":35},{"damage_healed":0,"gold_gain":0,"cards_transformed":["Defend_B"],"player_choice":"Transformed","damage_taken":0,"max_hp_gain":0,"max_hp_loss":0,"event_name":"Transmorgrifier","floor":48,"gold_loss":0,"cards_obtained":["Double Energy"]}],"is_beta":false,"boss_relics":[{"not_picked":["Calling Bell","Velvet Choker"],"picked":"Busted Crown"},{"not_picked":["Orrery","Black Star"],"picked":"Fusion Hammer"}],"items_purged_floors":[22],"is_endless":false,"potions_floor_spawned":[1,4,6,10,19,30,35,39],"killed_by":"Time Eater","ascension_level":4}