{"gold_per_floor":[116,129,147,147,158,158,191,211,211,238,251,261,261,287,287,287],"floor_reached":16,"playtime":847,"items_purged":[],"score":125,"play_id":"909a2c53-de6a-4c83-9f93-528202c98241","local_time":"20190602010921","is_ascension_mode":true,"campfire_choices":[{"data":"Blind","floor":6,"key":"SMITH"},{"floor":13,"key":"REST"},{"floor":15,"key":"REST"}],"neow_cost":"NONE","seed_source_timestamp":536539844146721,"circlet_count":0,"master_deck":["Defend_G","Defend_G","Defend_G","Defend_G","Defend_G","Strike_G+1","Strike_G","Strike_G","Strike_G","Strike_G","Survivor","Neutralize","Blind+1","Deadly Poison","Quick Slash+1","Burst","Escape Plan","Footwork","Flying Knee","All Out Attack"],"relics":["Ring of the Snake","Letter Opener","Blue Candle","Juzu Bracelet","PreservedInsect"],"potions_floor_usage":[8,11],"damage_taken":[{"damage":4,"enemies":"Small Slimes","floor":1,"turns":3},{"damage":0,"enemies":"Jaw Worm","floor":2,"turns":5},{"damage":1,"enemies":"2 Louse","floor":3,"turns":3},{"damage":0,"enemies":"Large Slime","floor":5,"turns":5},{"damage":23,"enemies":"Lagavulin","floor":7,"turns":7},{"damage":0,"enemies":"Looter","floor":8,"turns":3},{"damage":8,"enemies":"Exordium Wildlife","floor":11,"turns":4},{"damage":15,"enemies":"Exordium Thugs","floor":12,"turns":6},{"damage":19,"enemies":"3 Sentries","floor":14,"turns":7},{"damage":44,"enemies":"The Guardian","floor":16,"turns":11}],"seed_played":"-5332122392113178293","potions_obtained":[{"floor":3,"key":"Swift Potion"},{"floor":7,"key":"SpeedPotion"},{"floor":14,"key":"EntropicBrew"}],"is_trial":false,"path_per_floor":["M","M","M","?","M","R","E","M","T","T","M","M","R","E","R","B"],"character_chosen":"THE_SILENT","items_purchased":[],"campfire_rested":2,"item_purchase_floors":[],"current_hp_per_floor":[66,66,65,51,51,51,28,28,28,28,20,5,26,7,28,0],"gold":287,"neow_bonus":"RANDOM_COLORLESS","is_prod":false,"is_daily":false,"chose_seed":false,"campfire_upgraded":1,"win_rate":0,"timestamp":1559462961,"path_taken":["M","M","M","?","M","R","E","M","T","?","M","M","R","E","R","BOSS"],"build_version":"2019-01-23","purchased_purges":0,"victory":false,"max_hp_per_floor":[70,70,70,70,70,70,70,70,70,70,70,70,70,70,70,70],"card_choices":[{"not_picked":["Underhanded Strike","Acrobatics"],"picked":"Deadly Poison","floor":1},{"not_picked":["Slice","Backflip"],"picked":"Quick Slash","floor":2},{"not_picked":["Deadly Poison","Prepared","Slice"],"picked":"SKIP","floor":3},{"not_picked":["Blade Dance","Underhanded Strike","Accuracy"],"picked":"SKIP","floor":5},{"not_picked":["Backstab","Finisher"],"picked":"Burst","floor":7},{"not_picked":["Deflect","Backstab"],"picked":"Escape Plan","floor":8},{"not_picked":["Accuracy","Infinite Blades"],"picked":"Footwork","floor":11},{"not_picked":["Escape Plan","PiercingWail"],"picked":"Flying Knee","floor":12},{"not_picked":["Escape Plan","Flying Knee"],"picked":"All Out Attack","floor":14}],"player_experience":262143,"relics_obtained":[{"floor":7,"key":"Letter Opener"},{"floor":9,"key":"Blue Candle"},{"floor":10,"key":"Juzu Bracelet"},{"floor":14,"key":"PreservedInsect"}],"event_choices":[{"damage_healed":0,"gold_gain":0,"player_choice":"Entered Light","damage_taken":14,"max_hp_gain":0,"max_hp_loss":0,"event_name":"Shining Light","floor":4,"gold_loss":0,"cards_upgraded":["Strike_G","Quick Slash"]}],"is_beta":false,"boss_relics":[],"items_purged_floors":[],"is_endless":false,"potions_floor_spawned":[3,7,14],"killed_by":"The Guardian","ascension_level":2}