{"gold_per_floor":[116,39,114,133,283,308,308,377,377,388,388,401,419,430,430,508,508,527,209,209,224,242,242,167,167,194,0,0,29,29,47,47,125,125,136,58,58,158,175,175,0,0,52,71,71,86,86,86],"floor_reached":48,"playtime":2384,"items_purged":["Doubt"],"score":876,"play_id":"f3899338-7479-441d-b542-7085edf9a97a","local_time":"20190512110440","is_ascension_mode":true,"campfire_choices":[{"data":"Coolheaded","floor":7,"key":"SMITH"},{"data":"Hologram","floor":11,"key":"SMITH"},{"data":"Echo Form","floor":15,"key":"SMITH"},{"data":"White Noise","floor":23,"key":"SMITH"},{"data":"Echo Form","floor":25,"key":"SMITH"},{"floor":32,"key":"REST"},{"data":"Buffer","floor":40,"key":"SMITH"},{"data":"Fission","floor":42,"key":"SMITH"},{"data":"Glacier","floor":47,"key":"SMITH"}],"neow_cost":"NONE","seed_source_timestamp":37299340885719,"circlet_count":0,"master_deck":["AscendersBane","Strike_B","Strike_B","Strike_B","Defend_B","Defend_B","Defend_B","Defend_B","Zap","Dualcast","Hologram+1","Sunder","Coolheaded+1","Hyperbeam","White Noise+1","Auto Shields","Echo Form+1","Echo Form+1","Leap","Capacitor","Reinforced Body","Fission+1","Leap","Buffer+1","Glacier","Glacier+1","Ball Lightning","Pain","Compile Driver+1","Conserve Battery+1"],"relics":["FrozenCore","NeowsBlessing","Pear","Bird Faced Urn","Cursed Key","DataDisk","NlothsMask","Centennial Puzzle","Emotion Chip","Red Mask","Strawberry"],"potions_floor_usage":[12,16,16,18,18,29,29,48],"damage_taken":[{"damage":0,"enemies":"Cultist","floor":1,"turns":1},{"damage":0,"enemies":"Small Slimes","floor":4,"turns":1},{"damage":0,"enemies":"Lagavulin","floor":6,"turns":1},{"damage":0,"enemies":"2 Louse","floor":10,"turns":2},{"damage":16,"enemies":"Exordium Wildlife","floor":12,"turns":4},{"damage":0,"enemies":"2 Fungi Beasts","floor":13,"turns":2},{"damage":0,"enemies":"Gremlin Gang","floor":14,"turns":1},{"damage":32,"enemies":"Hexaghost","floor":16,"turns":12},{"damage":27,"enemies":"Spheric Guardian","floor":18,"turns":6},{"damage":33,"enemies":"2 Thieves","floor":21,"turns":4},{"damage":4,"enemies":"Snecko","floor":22,"turns":5},{"damage":5,"enemies":"Book of Stabbing","floor":29,"turns":7},{"damage":11,"enemies":"Shelled Parasite and Fungi","floor":31,"turns":9},{"damage":43,"enemies":"Automaton","floor":33,"turns":15},{"damage":21,"enemies":"3 Darklings","floor":35,"turns":6},{"damage":0,"enemies":"Mind Bloom Boss Battle","floor":38,"turns":10},{"damage":9,"enemies":"Orb Walker","floor":39,"turns":7},{"damage":8,"enemies":"4 Shapes","floor":44,"turns":8},{"damage":30,"enemies":"Sphere and 2 Shapes","floor":46,"turns":11},{"damage":103,"enemies":"Giant Head","floor":48,"turns":12}],"seed_played":"7969266224869069509","potions_obtained":[{"floor":6,"key":"Energy Potion"},{"floor":12,"key":"Explosive Potion"},{"floor":13,"key":"Poison Potion"},{"floor":16,"key":"EntropicBrew"},{"floor":18,"key":"FocusPotion"},{"floor":22,"key":"Dexterity Potion"},{"floor":29,"key":"FearPotion"},{"floor":39,"key":"Strength Potion"},{"floor":44,"key":"Poison Potion"}],"is_trial":false,"path_per_floor":["M","$","?","M","?","E","R","?","T","M","R","M","M","M","R","B",null,"M","$","?","M","M","R","?","R","T","?","$","E","?","M","R","B",null,"M","$","?","?","M","R","?","R","T","M","?","M","R","E"],"character_chosen":"DEFECT","items_purchased":["Sunder","DataDisk","Capacitor","Glacier"],"campfire_rested":1,"item_purchase_floors":[2,19,19,36],"current_hp_per_floor":[64,64,53,53,53,63,63,63,63,63,63,47,47,47,47,23,67,44,44,44,19,25,25,25,25,25,25,25,26,26,27,51,22,66,55,55,55,71,76,76,76,76,83,84,84,84,84,0],"gold":86,"neow_bonus":"THREE_ENEMY_KILL","is_prod":false,"is_daily":false,"chose_seed":false,"campfire_upgraded":8,"win_rate":0,"timestamp":1557684280,"path_taken":["M","$","?","M","?","E","R","?","T","M","R","?","M","M","R","BOSS","M","$","?","M","?","R","?","R","T","?","$","E","?","M","R","BOSS","M","?","?","?","?","R","?","R","T","M","?","M","R","E"],"build_version":"2019-01-23","purchased_purges":1,"victory":false,"max_hp_per_floor":[71,71,71,71,71,81,81,81,81,81,81,81,81,81,81,81,81,81,81,81,81,81,81,81,81,81,81,81,81,81,81,81,81,81,81,81,77,77,77,77,77,77,84,84,84,84,84,84],"card_choices":[{"not_picked":["Cold Snap","Barrage"],"picked":"Hologram","floor":1},{"not_picked":["Go for the Eyes","Gash"],"picked":"Coolheaded","floor":4},{"not_picked":["Leap","Turbo"],"picked":"Hyperbeam","floor":6},{"not_picked":["Compile Driver","Ball Lightning"],"picked":"White Noise","floor":10},{"not_picked":["Coolheaded","Redo"],"picked":"Auto Shields","floor":12},{"not_picked":["Beam Cell","Cold Snap"],"picked":"Echo Form","floor":13},{"not_picked":["Redo","Compile Driver","Force Field"],"picked":"SKIP","floor":14},{"not_picked":["Fission","Biased Cognition"],"picked":"Echo Form","floor":16},{"not_picked":["Sweeping Beam","Hologram"],"picked":"Leap","floor":18},{"not_picked":["Echo Form","Leap","Rip and Tear"],"picked":"SKIP","floor":21},{"not_picked":["Coolheaded","Heatsinks"],"picked":"Reinforced Body","floor":22},{"not_picked":["Aggregate","Conserve Battery"],"picked":"Fission","floor":29},{"not_picked":["Storm","Barrage"],"picked":"Leap","floor":31},{"not_picked":["Rainbow","Multi-Cast"],"picked":"Buffer","floor":33},{"not_picked":["Conserve Battery","Sweeping Beam"],"picked":"Glacier","floor":35},{"not_picked":["Hologram+1","Lockon"],"picked":"Ball Lightning","floor":39},{"not_picked":["Hello World","Turbo"],"picked":"Compile Driver+1","floor":44},{"not_picked":["Chill","Aggregate"],"picked":"Conserve Battery+1","floor":46}],"player_experience":920337,"relics_obtained":[{"floor":6,"key":"Pear"},{"floor":9,"key":"Bird Faced Urn"},{"floor":29,"key":"Centennial Puzzle"},{"floor":38,"key":"Emotion Chip"},{"floor":43,"key":"Strawberry"}],"event_choices":[{"damage_healed":0,"gold_gain":75,"player_choice":"Gather Gold","damage_taken":11,"max_hp_gain":0,"max_hp_loss":0,"event_name":"World of Goop","floor":3,"gold_loss":0},{"damage_healed":0,"gold_gain":150,"player_choice":"AGREE","damage_taken":0,"max_hp_gain":0,"max_hp_loss":0,"event_name":"Liars Game","floor":5,"gold_loss":0,"cards_obtained":["Doubt"]},{"damage_healed":0,"gold_gain":69,"player_choice":"Gained Gold","damage_taken":0,"max_hp_gain":0,"max_hp_loss":0,"event_name":"Golden Wing","floor":8,"gold_loss":0},{"damage_healed":0,"gold_gain":0,"player_choice":"Trade","damage_taken":0,"relics_obtained":["NlothsMask"],"max_hp_gain":0,"max_hp_loss":0,"event_name":"FaceTrader","floor":20,"gold_loss":0},{"cards_removed":["Strike_B"],"damage_healed":0,"gold_gain":0,"player_choice":"Gave Gold","damage_taken":0,"max_hp_gain":0,"max_hp_loss":0,"event_name":"Beggar","floor":24,"gold_loss":75},{"damage_healed":0,"gold_gain":0,"player_choice":"Paid Fearfully","damage_taken":0,"max_hp_gain":0,"max_hp_loss":0,"event_name":"Masked Bandits","floor":27,"gold_loss":194},{"cards_removed":["Clumsy"],"damage_healed":0,"gold_gain":0,"player_choice":"Card Removal","damage_taken":0,"max_hp_gain":0,"max_hp_loss":0,"event_name":"Wheel of Change","floor":30,"gold_loss":0},{"damage_healed":0,"gold_gain":0,"player_choice":"Max HP","damage_taken":0,"max_hp_gain":0,"max_hp_loss":4,"event_name":"Winding Halls","floor":37,"gold_loss":0},{"damage_healed":0,"gold_gain":0,"player_choice":"Fight","damage_taken":0,"max_hp_gain":0,"max_hp_loss":0,"event_name":"MindBloom","floor":38,"gold_loss":0},{"damage_healed":0,"gold_gain":0,"player_choice":"Paid","damage_taken":0,"relics_obtained":["Red Mask"],"max_hp_gain":0,"max_hp_loss":0,"event_name":"Tomb of Lord Red Mask","floor":41,"gold_loss":175},{"damage_healed":0,"gold_gain":0,"player_choice":"Ignored","damage_taken":0,"max_hp_gain":0,"max_hp_loss":0,"event_name":"Mysterious Sphere","floor":45,"gold_loss":0}],"is_beta":false,"boss_relics":[{"not_picked":["Inserter","Nuclear Battery"],"picked":"Cursed Key"},{"not_picked":["Empty Cage","Runic Pyramid"],"picked":"FrozenCore"}],"items_purged_floors":[19],"is_endless":false,"potions_floor_spawned":[6,12,13,16,18,22,29,39,44,46],"killed_by":"Giant Head","ascension_level":16}