{"gold_per_floor":[111,122,122,133,73,98,98,108,108,108,135,135,168,185,185,260,260,271,291,291,291,304,323,9,23,77,77,77],"floor_reached":28,"playtime":1475,"items_purged":["Strike_B"],"score":420,"play_id":"353bf431-1880-44fd-a286-db378013bec3","local_time":"20190327211502","is_ascension_mode":true,"campfire_choices":[{"data":"Zap","floor":7,"key":"SMITH"},{"data":"Beam Cell","floor":10,"key":"SMITH"},{"floor":12,"key":"REST"},{"floor":15,"key":"REST"}],"neow_cost":"NONE","seed_source_timestamp":616839283855971,"circlet_count":0,"master_deck":["AscendersBane","Strike_B","Strike_B","Strike_B","Defend_B","Defend_B","Defend_B","Defend_B+1","Zap+1","Dualcast","Glacier","Beam Cell+1","Chaos","Glacier","Sweeping Beam","Rainbow","Echo Form","Double Energy","Coolheaded","Conserve Battery","Coolheaded+1","Static Discharge","Multi-Cast","Flash of Steel","Conserve Battery+1"],"relics":["Cracked Core","Gambling Chip","Prayer Wheel","Ice Cream","Blue Candle","Sozu","MutagenicStrength","War Paint","Tiny Chest"],"potions_floor_usage":[6,6,16],"damage_taken":[{"damage":5,"enemies":"Small Slimes","floor":1,"turns":3},{"damage":3,"enemies":"2 Louse","floor":2,"turns":2},{"damage":12,"enemies":"Jaw Worm","floor":4,"turns":2},{"damage":1,"enemies":"Lagavulin","floor":6,"turns":9},{"damage":3,"enemies":"Red Slaver","floor":8,"turns":3},{"damage":16,"enemies":"3 Sentries","floor":11,"turns":7},{"damage":15,"enemies":"Lagavulin","floor":13,"turns":5},{"damage":0,"enemies":"3 Louse","floor":14,"turns":4},{"damage":17,"enemies":"Slime Boss","floor":16,"turns":9},{"damage":8,"enemies":"3 Byrds","floor":18,"turns":5},{"damage":6,"enemies":"2 Thieves","floor":19,"turns":4},{"damage":0,"enemies":"Snecko","floor":22,"turns":6},{"damage":28,"enemies":"Centurion and Healer","floor":23,"turns":6},{"damage":17,"enemies":"3 Cultists","floor":25,"turns":6},{"damage":11,"enemies":"Book of Stabbing","floor":28,"turns":6}],"seed_played":"3185040563488906462","potions_obtained":[{"floor":1,"key":"EssenceOfSteel"},{"floor":4,"key":"Poison Potion"},{"floor":11,"key":"Swift Potion"},{"floor":13,"key":"Ancient Potion"}],"is_trial":false,"path_per_floor":["M","M","?","M","?","E","R","M","T","R","E","R","E","M","R","B",null,"M","M","?","?","M","M","$","M","T","?","E"],"character_chosen":"DEFECT","items_purchased":["War Paint","Flash of Steel"],"campfire_rested":2,"item_purchase_floors":[24,24],"current_hp_per_floor":[66,63,63,51,51,50,50,47,47,47,31,54,39,39,62,45,70,62,56,56,56,56,28,28,11,11,11,0],"gold":77,"neow_bonus":"TEN_PERCENT_HP_BONUS","is_prod":false,"is_daily":false,"chose_seed":false,"campfire_upgraded":2,"win_rate":0,"timestamp":1553735702,"path_taken":["M","M","?","M","?","E","R","M","T","R","E","R","E","M","R","BOSS","M","M","?","?","M","M","$","?","T","?","E"],"build_version":"2019-01-23","purchased_purges":1,"victory":false,"max_hp_per_floor":[78,78,78,78,78,78,78,78,78,78,78,78,78,78,78,78,78,78,78,78,78,78,78,78,78,78,78,78],"card_choices":[{"not_picked":["Self Repair","Rebound"],"picked":"Glacier","floor":1},{"not_picked":["Storm","Hologram"],"picked":"Beam Cell","floor":2},{"not_picked":["Gash","Beam Cell"],"picked":"Chaos","floor":4},{"not_picked":["Beam Cell","Lockon"],"picked":"Glacier","floor":6},{"not_picked":["Heatsinks","Gash"],"picked":"Sweeping Beam","floor":8},{"not_picked":["Streamline","Go for the Eyes"],"picked":"Rainbow","floor":11},{"not_picked":["Seek","Double Energy"],"picked":"Echo Form","floor":13},{"not_picked":["Redo","Scrape"],"picked":"Double Energy","floor":14},{"not_picked":["Lockon","Cold Snap"],"picked":"Coolheaded","floor":14},{"not_picked":["Turbo+1","Go for the Eyes"],"picked":"Conserve Battery","floor":18},{"not_picked":["Storm+1","Ball Lightning","Streamline"],"picked":"SKIP","floor":18},{"not_picked":["Sunder+1","Scrape"],"picked":"Coolheaded","floor":19},{"not_picked":["Turbo","Sweeping Beam","Stack"],"picked":"SKIP","floor":19},{"not_picked":["Redo","Leap"],"picked":"Static Discharge","floor":22},{"not_picked":["Cold Snap","Lockon","Static Discharge"],"picked":"SKIP","floor":22},{"not_picked":["Streamline","Ball Lightning+1"],"picked":"Multi-Cast","floor":23},{"not_picked":["Beam Cell+1","Tempest","Hologram"],"picked":"SKIP","floor":23},{"not_picked":["Leap","Sweeping Beam"],"picked":"Conserve Battery+1","floor":25},{"not_picked":["Go for the Eyes","Force Field","Melter"],"picked":"SKIP","floor":25}],"player_experience":471844,"relics_obtained":[{"floor":6,"key":"Gambling Chip"},{"floor":9,"key":"Prayer Wheel"},{"floor":11,"key":"Ice Cream"},{"floor":13,"key":"Blue Candle"},{"floor":26,"key":"Tiny Chest"}],"event_choices":[{"damage_healed":0,"gold_gain":0,"player_choice":"Ignored","damage_taken":0,"max_hp_gain":0,"max_hp_loss":0,"event_name":"Liars Game","floor":3,"gold_loss":0},{"damage_healed":0,"gold_gain":0,"player_choice":"Left Gold","damage_taken":0,"max_hp_gain":0,"max_hp_loss":0,"event_name":"World of Goop","floor":5,"gold_loss":60},{"damage_healed":0,"gold_gain":0,"player_choice":"Inject Mutagens","damage_taken":0,"relics_obtained":["MutagenicStrength"],"max_hp_gain":0,"max_hp_loss":0,"event_name":"Drug Dealer","floor":20,"gold_loss":0},{"damage_healed":0,"gold_gain":0,"player_choice":"Got Potions","damage_taken":0,"max_hp_gain":0,"max_hp_loss":0,"event_name":"Lab","floor":21,"gold_loss":0},{"damage_healed":0,"gold_gain":0,"player_choice":"Ignored","damage_taken":0,"max_hp_gain":0,"max_hp_loss":0,"event_name":"Cursed Tome","floor":27,"gold_loss":0}],"is_beta":false,"boss_relics":[{"not_picked":["Velvet Choker","FrozenCore"],"picked":"Sozu"}],"items_purged_floors":[24],"is_endless":false,"potions_floor_spawned":[1,4,11,13,14,22,23],"killed_by":"Book of Stabbing","ascension_level":15}