{"gold_per_floor":[111,111,111,111,127,127,160,180,180,199,233,233,233,266,266,341,341,352,372,372,386,79,79],"floor_reached":23,"playtime":690,"items_purged":[],"score":468,"play_id":"e0cd359a-6ff9-4c06-908d-f33f83dc17bd","local_time":"20190607001011","is_ascension_mode":true,"campfire_choices":[{"data":"Zap","floor":6,"key":"SMITH"},{"floor":12,"key":"REST"},{"data":"Biased Cognition","floor":15,"key":"SMITH"}],"neow_cost":"NONE","seed_source_timestamp":259316158798642,"circlet_count":0,"master_deck":["AscendersBane","Strike_B","Strike_B+1","Defend_B","Defend_B","Defend_B","Defend_B","Zap+1","Dualcast","Ball Lightning+1","Cold Snap","Biased Cognition+1","Beam Cell","Darkness","Beam Cell","Machine Learning","Cold Snap","Glacier","Coolheaded","Darkness"],"relics":["Cracked Core","NeowsBlessing","Pantograph","Mummified Hand","Whetstone","Boot","Smiling Mask","Coffee Dripper","Symbiotic Virus"],"potions_floor_usage":[10,23],"damage_taken":[{"damage":0,"enemies":"Small Slimes","floor":1,"turns":1},{"damage":0,"enemies":"2 Louse","floor":5,"turns":1},{"damage":0,"enemies":"3 Sentries","floor":7,"turns":1},{"damage":2,"enemies":"Jaw Worm","floor":8,"turns":2},{"damage":0,"enemies":"Gremlin Gang","floor":10,"turns":3},{"damage":5,"enemies":"Gremlin Nob","floor":11,"turns":3},{"damage":5,"enemies":"Lagavulin","floor":14,"turns":5},{"damage":55,"enemies":"Slime Boss","floor":16,"turns":8},{"damage":26,"enemies":"2 Thieves","floor":18,"turns":4},{"damage":11,"enemies":"Shell Parasite","floor":19,"turns":4},{"damage":9,"enemies":"Shelled Parasite and Fungi","floor":21,"turns":4},{"damage":17,"enemies":"Book of Stabbing","floor":23,"turns":4}],"seed_played":"-3950383047808760167","potions_obtained":[{"floor":7,"key":"AttackPotion"},{"floor":14,"key":"Dexterity Potion"}],"is_trial":false,"path_per_floor":["M","?","?","$","M","R","E","M","T","M","E","R","?","E","R","B",null,"M","M","?","M","$","E"],"character_chosen":"DEFECT","items_purchased":["Symbiotic Virus","Darkness"],"campfire_rested":1,"item_purchase_floors":[22,22],"current_hp_per_floor":[64,46,39,39,39,39,39,37,37,37,32,53,53,48,48,16,57,31,20,20,11,11,0],"gold":79,"neow_bonus":"THREE_ENEMY_KILL","is_prod":false,"is_daily":false,"chose_seed":false,"campfire_upgraded":2,"win_rate":0,"timestamp":1559880611,"path_taken":["M","?","?","?","?","R","E","M","T","M","E","R","?","E","R","BOSS","M","M","?","M","$","E"],"build_version":"2019-01-23","purchased_purges":0,"victory":false,"max_hp_per_floor":[71,71,71,71,71,71,71,71,71,71,71,71,71,71,71,71,71,71,71,71,71,71,71],"card_choices":[{"not_picked":["Cold Snap","Hologram"],"picked":"Ball Lightning","floor":1},{"not_picked":["Streamline","Turbo"],"picked":"Cold Snap","floor":5},{"not_picked":["Cold Snap","Sweeping Beam"],"picked":"Biased Cognition","floor":7},{"not_picked":["Hologram","Barrage"],"picked":"Beam Cell","floor":8},{"not_picked":["Sweeping Beam","Compile Driver"],"picked":"Darkness","floor":10},{"not_picked":["Hello World","Force Field","Steam"],"picked":"SKIP","floor":11},{"not_picked":["Force Field","Chaos"],"picked":"Beam Cell","floor":14},{"not_picked":["Amplify","Fission"],"picked":"Machine Learning","floor":16},{"not_picked":["Steam","Rebound"],"picked":"Cold Snap","floor":18},{"not_picked":["Ball Lightning+1","Turbo"],"picked":"Glacier","floor":19},{"not_picked":["Doom and Gloom","Rebound"],"picked":"Coolheaded","floor":21}],"player_experience":853463,"relics_obtained":[{"floor":7,"key":"Mummified Hand"},{"floor":9,"key":"Whetstone"},{"floor":11,"key":"Boot"},{"floor":14,"key":"Smiling Mask"}],"event_choices":[{"damage_healed":0,"gold_gain":0,"player_choice":"Success","damage_taken":18,"relics_obtained":["Pantograph"],"max_hp_gain":0,"max_hp_loss":0,"event_name":"Scrap Ooze","floor":2,"gold_loss":0},{"cards_removed":["Strike_B"],"damage_healed":0,"gold_gain":0,"player_choice":"Card Removal","damage_taken":7,"max_hp_gain":0,"max_hp_loss":0,"event_name":"Golden Wing","floor":3,"gold_loss":0},{"cards_removed":["Strike_B"],"damage_healed":0,"gold_gain":0,"player_choice":"Offered Basic","damage_taken":0,"max_hp_gain":0,"max_hp_loss":0,"event_name":"Bonfire Elementals","floor":13,"gold_loss":0},{"damage_healed":0,"gold_gain":0,"player_choice":"Ignored","damage_taken":0,"max_hp_gain":0,"max_hp_loss":0,"event_name":"Ghosts","floor":20,"gold_loss":0}],"is_beta":false,"boss_relics":[{"not_picked":["Snecko Eye","Eternal Feather"],"picked":"Coffee Dripper"}],"items_purged_floors":[],"is_endless":false,"potions_floor_spawned":[7,14],"killed_by":"Book of Stabbing","ascension_level":20}