{"gold_per_floor":[210,210,210,278,1,1,11,11,60,80,80,90,120,45,45,142,142,156,166,91,91,91,91,117,117,117,117,142,142,42,317,317,421,421,440,440,458,532,257,271,271,271,294,294,310,324,324,174,174,174],"floor_reached":50,"playtime":927,"items_purged":["Regret","Shame","Regret","Strike_R+1"],"score":587,"play_id":"3a485d0b-d5f0-4e33-b4a9-9f2427e7e4f2","local_time":"20190513152147","is_ascension_mode":false,"campfire_choices":[{"data":"Immolate","floor":6,"key":"SMITH"},{"data":"Cleave","floor":11,"key":"SMITH"},{"data":"Whirlwind","floor":15,"key":"SMITH"},{"data":"Brutality","floor":23,"key":"SMITH"},{"data":"Feed","floor":25,"key":"SMITH"},{"data":"Strike_R","floor":27,"key":"SMITH"},{"data":"Strike_R","floor":32,"key":"SMITH"},{"data":"Reaper","floor":41,"key":"SMITH"},{"data":"Defend_R","floor":44,"key":"SMITH"},{"data":"Defend_R","floor":47,"key":"SMITH"},{"data":"Defend_R","floor":49,"key":"SMITH"}],"neow_cost":"NONE","seed_source_timestamp":589042006343102,"circlet_count":0,"master_deck":["Strike_R+1","Defend_R+1","Defend_R+1","Defend_R+1","Bash+1","Immolate+1","Cleave+1","Whirlwind+1","Feed+1","Brutality+1","True Grit+1","Reaper+1","Thunderclap+1","Shockwave+1"],"relics":["Burning Blood","ClockworkSouvenir","Potion Belt","Vajra","Odd Mushroom","Sozu","Centennial Puzzle","Bronze Scales","Blue Candle","FossilizedHelix","Thread and Needle","Empty Cage","Paper Frog","Oddly Smooth Stone","Dream Catcher"],"potions_floor_usage":[13,16,24,50],"damage_taken":[{"damage":11,"enemies":"Jaw Worm","floor":1,"turns":5},{"damage":0,"enemies":"Small Slimes","floor":7,"turns":1},{"damage":0,"enemies":"Cultist","floor":10,"turns":2},{"damage":1,"enemies":"2 Fungi Beasts","floor":12,"turns":2},{"damage":0,"enemies":"The Mushroom Lair","floor":13,"turns":1},{"damage":0,"enemies":"Slime Boss","floor":16,"turns":4},{"damage":1,"enemies":"3 Byrds","floor":18,"turns":2},{"damage":6,"enemies":"Spheric Guardian","floor":19,"turns":3},{"damage":8,"enemies":"Gremlin Leader","floor":24,"turns":4},{"damage":19,"enemies":"Slavers","floor":28,"turns":2},{"damage":72,"enemies":"Collector","floor":33,"turns":7},{"damage":11,"enemies":"3 Darklings","floor":35,"turns":2},{"damage":4,"enemies":"3 Shapes","floor":37,"turns":5},{"damage":1,"enemies":"Sphere and 2 Shapes","floor":40,"turns":3},{"damage":5,"enemies":"Spire Growth","floor":45,"turns":4},{"damage":0,"enemies":"Jaw Worm Horde","floor":46,"turns":1},{"damage":112,"enemies":"Donu and Deca","floor":50,"turns":9}],"seed_played":"-7154652519778880980","potions_obtained":[{"floor":1,"key":"GamblersBrew"},{"floor":10,"key":"Block Potion"},{"floor":12,"key":"GamblersBrew"},{"floor":13,"key":"SteroidPotion"}],"is_trial":false,"path_per_floor":["M","?","$","?","$","R","M","?","T","M","R","M","?","$","R","B",null,"M","M","?","?","?","R","E","R","T","R","E","?","$","?","R","B",null,"M","?","M","T","$","M","R","?","T","R","M","M","R","$","R","B"],"character_chosen":"IRONCLAD","items_purchased":["ClockworkSouvenir","Immolate","Oddly Smooth Stone"],"campfire_rested":0,"item_purchase_floors":[5,5,39],"current_hp_per_floor":[75,75,75,75,75,75,80,80,80,80,80,80,80,80,80,83,83,86,89,89,89,89,89,90,90,90,90,77,77,77,77,77,11,92,87,87,93,93,93,100,100,100,100,100,104,104,104,104,104,0],"gold":174,"neow_bonus":"HUNDRED_GOLD","is_prod":false,"is_daily":false,"chose_seed":false,"campfire_upgraded":11,"win_rate":0,"timestamp":1557775307,"path_taken":["M","?","$","?","$","R","M","?","T","M","R","?","?","?","R","BOSS","M","?","?","?","?","R","E","R","T","R","E","?","?","?","R","BOSS","M","?","M","?","$","M","R","?","T","R","M","?","R","$","R","BOSS"],"build_version":"2019-01-23","purchased_purges":4,"victory":false,"max_hp_per_floor":[80,80,80,80,80,80,80,80,80,80,80,80,80,80,80,83,83,86,89,89,89,89,89,92,92,92,92,92,92,92,92,92,92,92,92,92,96,96,96,100,100,100,100,100,104,104,104,104,104,104],"card_choices":[{"not_picked":["Searing Blow","Headbutt","Rage"],"picked":"SKIP","floor":1},{"not_picked":["Infernal Blade","Iron Wave","Clothesline"],"picked":"SKIP","floor":7},{"not_picked":["Body Slam","Sword Boomerang"],"picked":"Cleave","floor":10},{"not_picked":["Body Slam","Warcry"],"picked":"Whirlwind","floor":12},{"not_picked":["Sword Boomerang","Anger"],"picked":"Feed","floor":13},{"not_picked":["Exhume","Fiend Fire"],"picked":"Brutality","floor":16},{"not_picked":["Entrench","Ghostly Armor","Power Through"],"picked":"SKIP","floor":18},{"not_picked":["Sword Boomerang","Perfected Strike+1"],"picked":"True Grit+1","floor":19},{"not_picked":["Searing Blow","True Grit","Battle Trance+1"],"picked":"SKIP","floor":24},{"not_picked":["Clothesline","Perfected Strike","True Grit"],"picked":"SKIP","floor":28},{"not_picked":["Dark Embrace","Barricade"],"picked":"Reaper","floor":33},{"not_picked":["Second Wind","Pommel Strike+1","Shockwave"],"picked":"SKIP","floor":35},{"not_picked":["Bloodletting+1","Clothesline+1","Shrug It Off"],"picked":"SKIP","floor":37},{"not_picked":["Blood for Blood+1","Flex"],"picked":"Thunderclap+1","floor":40},{"not_picked":["Pommel Strike+1","Reckless Charge"],"picked":"Shockwave+1","floor":45},{"not_picked":["Uppercut","Clash+1","Disarm+1"],"picked":"SKIP","floor":46}],"player_experience":701649,"relics_obtained":[{"floor":9,"key":"Vajra"},{"floor":13,"key":"Odd Mushroom"},{"floor":24,"key":"Bronze Scales"},{"floor":26,"key":"Blue Candle"},{"floor":28,"key":"FossilizedHelix"},{"floor":38,"key":"Paper Frog"},{"floor":43,"key":"Dream Catcher"}],"event_choices":[{"damage_healed":0,"gold_gain":0,"player_choice":"Grow","damage_taken":0,"max_hp_gain":0,"max_hp_loss":0,"event_name":"Living Wall","floor":2,"gold_loss":0,"cards_upgraded":["Bash"]},{"damage_healed":0,"gold_gain":68,"player_choice":"Gained Gold","damage_taken":0,"max_hp_gain":0,"max_hp_loss":0,"event_name":"Golden Wing","floor":4,"gold_loss":0},{"damage_healed":0,"gold_gain":0,"player_choice":"Box","damage_taken":0,"relics_obtained":["Potion Belt"],"max_hp_gain":0,"max_hp_loss":0,"event_name":"Big Fish","floor":8,"gold_loss":0,"cards_obtained":["Regret"]},{"damage_healed":0,"gold_gain":0,"player_choice":"Fought Mushrooms","damage_taken":0,"max_hp_gain":0,"max_hp_loss":0,"event_name":"Mushrooms","floor":13,"gold_loss":0},{"cards_removed":["Strike_R"],"damage_healed":0,"gold_gain":0,"player_choice":"Gave Gold","damage_taken":0,"max_hp_gain":0,"max_hp_loss":0,"event_name":"Beggar","floor":20,"gold_loss":75},{"damage_healed":0,"gold_gain":0,"player_choice":"Ignored","damage_taken":0,"max_hp_gain":0,"max_hp_loss":0,"event_name":"Vampires","floor":21,"gold_loss":0},{"damage_healed":0,"gold_gain":0,"player_choice":"Opened","damage_taken":0,"relics_obtained":["Centennial Puzzle"],"max_hp_gain":0,"max_hp_loss":0,"event_name":"The Mausoleum","floor":22,"gold_loss":0},{"damage_healed":0,"gold_gain":0,"player_choice":"Stole Relic","damage_taken":0,"relics_obtained":["Thread and Needle"],"max_hp_gain":0,"max_hp_loss":0,"event_name":"Addict","floor":29,"gold_loss":0,"cards_obtained":["Shame"]},{"damage_healed":0,"gold_gain":275,"player_choice":"Desecrate","damage_taken":0,"max_hp_gain":0,"max_hp_loss":0,"event_name":"Golden Shrine","floor":31,"gold_loss":0,"cards_obtained":["Regret"]},{"damage_healed":0,"gold_gain":0,"player_choice":"Memory 1","damage_taken":0,"max_hp_gain":0,"max_hp_loss":0,"event_name":"SensoryStone","floor":36,"gold_loss":0},{"cards_removed":["Defend_R"],"damage_healed":0,"gold_gain":0,"player_choice":"Removed Skill","damage_taken":0,"max_hp_gain":0,"max_hp_loss":0,"event_name":"Falling","floor":42,"gold_loss":0}],"is_beta":false,"boss_relics":[{"not_picked":["Lizard Tail","Ectoplasm"],"picked":"Sozu"},{"not_picked":["Tiny House","Pandora\u0027s Box"],"picked":"Empty Cage"}],"items_purged_floors":[14,30,39,48],"is_endless":false,"potions_floor_spawned":[1,10,12,13,24,28,33,37,45],"killed_by":"Donu and Deca","ascension_level":0}