{"gold_per_floor":[117,192,192,192,210,251,275,28,54,73,108,132,102,145,145,266,266,289,204,329,353,1,1,45,45,45,45,63,88,102,136,136,136],"floor_reached":33,"playtime":1964,"items_purged":["Injury"],"score":473,"play_id":"0e7e3b48-326e-49a4-ad26-638005c8c7e4","local_time":"20190311151430","is_ascension_mode":true,"campfire_choices":[{"data":"Armaments","floor":15,"key":"SMITH"},{"data":"Double Tap","floor":23,"key":"SMITH"},{"floor":32,"key":"DIG"}],"neow_cost":"TEN_PERCENT_HP_LOSS","seed_source_timestamp":2054216152093539,"circlet_count":0,"master_deck":["AscendersBane","Strike_R","Strike_R","Strike_R","Strike_R","Strike_R","Defend_R","Defend_R","Defend_R","Defend_R","Bash","Reaper","Whirlwind","Evolve","Armaments+1","Iron Wave","Spot Weakness","Carnage","Immolate","Shrug It Off","Thunderclap","Double Tap+1","Warcry+1","Flame Barrier+1","Combust","J.A.X.","Body Slam+1","Pummel"],"relics":["Burning Blood","Golden Idol","Oddly Smooth Stone","Meat on the Bone","Boot","Dream Catcher","The Courier","Sozu","Centennial Puzzle","Shovel","Bottled Flame","Membership Card","PreservedInsect","Potion Belt","Pocketwatch","Shuriken","Incense Burner"],"potions_floor_usage":[6,10,11,12,16,16,20],"damage_taken":[{"damage":2,"enemies":"2 Louse","floor":1,"turns":3},{"damage":10,"enemies":"Small Slimes","floor":5,"turns":4},{"damage":40,"enemies":"Gremlin Nob","floor":6,"turns":5},{"damage":12,"enemies":"Cultist","floor":7,"turns":5},{"damage":7,"enemies":"3 Louse","floor":10,"turns":3},{"damage":53,"enemies":"Lagavulin","floor":11,"turns":9},{"damage":0,"enemies":"Large Slime","floor":12,"turns":5},{"damage":0,"enemies":"Looter","floor":13,"turns":4},{"damage":38,"enemies":"3 Sentries","floor":14,"turns":5},{"damage":48,"enemies":"Hexaghost","floor":16,"turns":13},{"damage":25,"enemies":"Shell Parasite","floor":18,"turns":6},{"damage":38,"enemies":"Colosseum Slavers","floor":20,"turns":4},{"damage":11,"enemies":"Colosseum Nobs","floor":20,"turns":5},{"damage":11,"enemies":"Spheric Guardian","floor":21,"turns":3},{"damage":37,"enemies":"Slavers","floor":24,"turns":3},{"damage":4,"enemies":"Snecko","floor":28,"turns":4},{"damage":5,"enemies":"3 Cultists","floor":29,"turns":3},{"damage":22,"enemies":"Centurion and Healer","floor":30,"turns":4},{"damage":17,"enemies":"Book of Stabbing","floor":31,"turns":4},{"damage":82,"enemies":"Champ","floor":33,"turns":8}],"seed_played":"9016720435144155617","potions_obtained":[{"floor":4,"key":"SteroidPotion"},{"floor":4,"key":"SteroidPotion"},{"floor":5,"key":"PowerPotion"},{"floor":7,"key":"Fire Potion"},{"floor":11,"key":"Dexterity Potion"},{"floor":12,"key":"Fruit Juice"},{"floor":14,"key":"AttackPotion"},{"floor":16,"key":"Dexterity Potion"}],"is_trial":false,"path_per_floor":["M","?","?","?","M","E","M","$","T","M","E","M","M","E","R","B",null,"M","?","?","M","$","R","E","?","T","$","M","M","M","E","R","B"],"character_chosen":"IRONCLAD","items_purchased":["Meat on the Bone","Combust","Membership Card","PreservedInsect"],"campfire_rested":0,"item_purchase_floors":[8,22,22,22],"current_hp_per_floor":[72,61,61,61,57,27,27,27,27,48,19,42,48,43,43,21,63,56,56,77,72,72,72,53,53,53,53,55,56,51,52,52,0],"gold":136,"neow_bonus":"THREE_RARE_CARDS","is_prod":false,"is_daily":false,"chose_seed":false,"campfire_upgraded":2,"win_rate":0,"timestamp":1552331670,"path_taken":["M","?","?","?","?","E","M","$","T","M","E","M","M","E","R","BOSS","M","?","?","M","$","R","E","?","T","?","?","M","M","E","R","BOSS"],"build_version":"2019-01-23","purchased_purges":1,"victory":false,"max_hp_per_floor":[72,72,72,72,72,72,72,72,72,72,72,77,77,77,77,77,77,77,77,77,77,77,77,77,77,77,77,77,77,77,77,77,77],"card_choices":[{"not_picked":["Berserk","Fiend Fire"],"picked":"Reaper","floor":0},{"not_picked":["Headbutt","Warcry"],"picked":"Whirlwind","floor":1},{"not_picked":["Pommel Strike","Wild Strike"],"picked":"Evolve","floor":5},{"not_picked":["Hemokinesis","Cleave"],"picked":"Armaments","floor":6},{"not_picked":["Anger","Dropkick"],"picked":"Iron Wave","floor":7},{"not_picked":["Heavy Blade","True Grit"],"picked":"Spot Weakness","floor":10},{"not_picked":["Second Wind","Twin Strike"],"picked":"Carnage","floor":11},{"not_picked":["Twin Strike","Heavy Blade"],"picked":"Immolate","floor":12},{"not_picked":["Body Slam","Sword Boomerang"],"picked":"Shrug It Off","floor":13},{"not_picked":["Dropkick","Searing Blow"],"picked":"Thunderclap","floor":14},{"not_picked":["Dark Embrace","Offering"],"picked":"Double Tap","floor":16},{"not_picked":["Pommel Strike","Havoc"],"picked":"Warcry+1","floor":18},{"not_picked":["Body Slam","Havoc"],"picked":"Flame Barrier+1","floor":21},{"not_picked":["Havoc","Sever Soul","Rampage"],"picked":"SKIP","floor":24},{"not_picked":["Thunderclap","Anger","Corruption+1"],"picked":"SKIP","floor":28},{"not_picked":["Flame Barrier","Iron Wave"],"picked":"Body Slam+1","floor":29},{"not_picked":["Sword Boomerang","Rage","Whirlwind"],"picked":"SKIP","floor":30},{"not_picked":["Brutality","Twin Strike"],"picked":"Pummel","floor":31}],"player_experience":355326,"relics_obtained":[{"floor":6,"key":"Oddly Smooth Stone"},{"floor":9,"key":"Boot"},{"floor":11,"key":"Dream Catcher"},{"floor":14,"key":"The Courier"},{"floor":20,"key":"Shovel"},{"floor":20,"key":"Bottled Flame"},{"floor":24,"key":"Potion Belt"},{"floor":26,"key":"Pocketwatch"},{"floor":31,"key":"Shuriken"},{"floor":32,"key":"Incense Burner"}],"event_choices":[{"damage_healed":0,"gold_gain":75,"player_choice":"Gather Gold","damage_taken":11,"max_hp_gain":0,"max_hp_loss":0,"event_name":"World of Goop","floor":2,"gold_loss":0},{"damage_healed":0,"gold_gain":0,"player_choice":"Take Wound","damage_taken":0,"relics_obtained":["Golden Idol"],"max_hp_gain":0,"max_hp_loss":0,"event_name":"Golden Idol","floor":3,"gold_loss":0,"cards_obtained":["Injury"]},{"damage_healed":0,"gold_gain":0,"player_choice":"Got Potions","damage_taken":0,"max_hp_gain":0,"max_hp_loss":0,"event_name":"Lab","floor":4,"gold_loss":0},{"damage_healed":0,"gold_gain":0,"player_choice":"Obtained Relic","damage_taken":0,"relics_obtained":["Centennial Puzzle"],"max_hp_gain":0,"max_hp_loss":0,"event_name":"Addict","floor":19,"gold_loss":85},{"damage_healed":0,"gold_gain":0,"player_choice":"Fight","damage_taken":0,"max_hp_gain":0,"max_hp_loss":0,"event_name":"Colosseum","floor":20,"gold_loss":0},{"damage_healed":0,"gold_gain":0,"player_choice":"Fought Nobs","damage_taken":0,"max_hp_gain":0,"max_hp_loss":0,"event_name":"Colosseum","floor":20,"gold_loss":0},{"damage_healed":0,"gold_gain":0,"player_choice":"Obtain J.A.X.","damage_taken":0,"max_hp_gain":0,"max_hp_loss":0,"event_name":"Drug Dealer","floor":25,"gold_loss":0,"cards_obtained":["J.A.X."]}],"is_beta":false,"boss_relics":[{"not_picked":["Astrolabe","Pandora\u0027s Box"],"picked":"Sozu"}],"items_purged_floors":[22],"is_endless":false,"potions_floor_spawned":[5,7,11,12,14,16,18,20,29,30],"killed_by":"Champ","ascension_level":11}