{"gold_per_floor":[111,123,123,123,140,140,156,183,183,183,35,35,48,62,62,165,165,182,199,211,311,79,114,114,125,197,197,212,223,223,14,14,115,115,130,140,140,40,55,55,88,188,236,236,254,270,283,295,295,295],"floor_reached":50,"playtime":4741,"items_purged":["Thunder Strike","Defragment"],"score":523,"play_id":"d204341f-3b96-4ebc-8cd9-ef1578f2dc7b","local_time":"20190511153325","is_ascension_mode":false,"campfire_choices":[{"data":"Undo","floor":6,"key":"SMITH"},{"floor":12,"key":"REST"},{"floor":15,"key":"REST"},{"floor":24,"key":"REST"},{"floor":27,"key":"REST"},{"floor":32,"key":"REST"},{"floor":40,"key":"REST"},{"floor":44,"key":"REST"},{"floor":49,"key":"REST"}],"neow_cost":"NONE","seed_source_timestamp":1141435441667160,"circlet_count":0,"master_deck":["Zap","Dualcast","Gash","Hologram+1","Undo+1","Scrape","Conserve Battery","Gash","Chill","Hyperbeam","Reinforced Body","Echo Form","Skim","Steam Power","Fusion","Fission","Stack+1","Streamline+1","Sweeping Beam","Double Energy+1","Hologram","Self Repair+1","Gash","Hyperbeam","Reboot","Turbo+1","Meteor Strike","Streamline","Sweeping Beam+1","Gash","BootSequence+1","Beam Cell+1","Gash+1","FTL"],"relics":["Cracked Core","Cables","Question Card","Dream Catcher","Pandora\u0027s Box","Calipers","Bottled Flame","PreservedInsect","Bag of Preparation","Letter Opener","DollysMirror","Orrery","Peace Pipe","Ancient Tea Set"],"potions_floor_usage":[16,16,18,20,20,21,21,33,37,47,50],"damage_taken":[{"damage":0,"enemies":"2 Louse","floor":1,"turns":3},{"damage":0,"enemies":"Small Slimes","floor":2,"turns":3},{"damage":0,"enemies":"Jaw Worm","floor":5,"turns":4},{"damage":14,"enemies":"Large Slime","floor":7,"turns":7},{"damage":40,"enemies":"Gremlin Nob","floor":8,"turns":5},{"damage":9,"enemies":"2 Fungi Beasts","floor":13,"turns":3},{"damage":0,"enemies":"Looter","floor":14,"turns":3},{"damage":25,"enemies":"Slime Boss","floor":16,"turns":9},{"damage":0,"enemies":"3 Byrds","floor":18,"turns":3},{"damage":7,"enemies":"Chosen","floor":19,"turns":5},{"damage":1,"enemies":"Sentry and Sphere","floor":20,"turns":6},{"damage":17,"enemies":"Colosseum Slavers","floor":21,"turns":6},{"damage":18,"enemies":"Colosseum Nobs","floor":21,"turns":4},{"damage":35,"enemies":"Slavers","floor":23,"turns":5},{"damage":9,"enemies":"Cultist and Chosen","floor":25,"turns":5},{"damage":22,"enemies":"Snake Plant","floor":28,"turns":5},{"damage":14,"enemies":"Chosen and Byrds","floor":29,"turns":7},{"damage":27,"enemies":"Automaton","floor":33,"turns":8},{"damage":21,"enemies":"3 Darklings","floor":35,"turns":4},{"damage":8,"enemies":"3 Shapes","floor":36,"turns":2},{"damage":37,"enemies":"2 Orb Walkers","floor":37,"turns":4},{"damage":17,"enemies":"Sphere and 2 Shapes","floor":39,"turns":5},{"damage":14,"enemies":"Giant Head","floor":41,"turns":6},{"damage":11,"enemies":"Writhing Mass","floor":45,"turns":5},{"damage":11,"enemies":"Spire Growth","floor":46,"turns":6},{"damage":2,"enemies":"Maw","floor":47,"turns":5},{"damage":19,"enemies":"4 Shapes","floor":48,"turns":3},{"damage":74,"enemies":"Awakened One","floor":50,"turns":10}],"seed_played":"-1072242760848781148","potions_obtained":[{"floor":2,"key":"Ancient Potion"},{"floor":7,"key":"FairyPotion"},{"floor":14,"key":"SkillPotion"},{"floor":16,"key":"Fire Potion"},{"floor":18,"key":"EntropicBrew"},{"floor":20,"key":"Regen Potion"},{"floor":29,"key":"FearPotion"},{"floor":33,"key":"SmokeBomb"},{"floor":41,"key":"EssenceOfSteel"},{"floor":47,"key":"Fire Potion"}],"is_trial":false,"path_per_floor":["M","M","?","?","M","R","M","E","T","?","$","R","M","M","R","B",null,"M","M","M","?","$","E","R","M","T","R","M","M","?","$","R","B",null,"M","M","?","$","M","R","E","?","T","R","M","M","M","M","R","B"],"character_chosen":"DEFECT","items_purchased":["Dream Catcher","PreservedInsect","DollysMirror"],"campfire_rested":8,"item_purchase_floors":[11,22,31],"current_hp_per_floor":[75,75,75,75,75,75,61,21,21,21,21,43,34,34,56,31,75,75,68,67,44,44,9,31,22,22,44,32,28,53,53,75,58,75,64,56,19,19,12,34,30,30,30,52,41,40,48,39,61,0],"gold":295,"neow_bonus":"THREE_CARDS","is_prod":false,"is_daily":false,"chose_seed":false,"campfire_upgraded":1,"win_rate":0,"timestamp":1557614005,"path_taken":["M","M","?","?","M","R","M","E","T","?","?","R","M","M","R","BOSS","M","M","M","?","$","E","R","M","T","R","M","M","?","$","R","BOSS","M","M","?","$","M","R","E","?","T","R","?","M","M","M","R","BOSS"],"build_version":"2019-01-23","purchased_purges":2,"victory":false,"max_hp_per_floor":[75,75,75,75,75,75,75,75,75,75,75,75,75,75,75,75,75,75,75,75,75,75,75,75,75,75,75,75,75,75,75,75,75,75,75,75,75,75,75,75,75,75,75,75,75,75,75,75,75,75],"card_choices":[{"not_picked":["Cold Snap","Go for the Eyes"],"picked":"Gash","floor":0},{"not_picked":["Steam","Barrage"],"picked":"Hologram","floor":1},{"not_picked":["Storm","Coolheaded"],"picked":"Undo","floor":2},{"not_picked":["Chaos","Cold Snap","Turbo"],"picked":"SKIP","floor":5},{"not_picked":["Aggregate","Steam"],"picked":"Scrape","floor":7},{"not_picked":["Stack","Barrage","Rip and Tear"],"picked":"SKIP","floor":8},{"not_picked":["Cold Snap","Tempest","Lockon"],"picked":"Conserve Battery","floor":12},{"not_picked":["Beam Cell","Leap","Cold Snap"],"picked":"Gash","floor":13},{"not_picked":["Compile Driver","Streamline","Storm","Hello World"],"picked":"SKIP","floor":14},{"not_picked":["Rip and Tear","Leap","Coolheaded"],"picked":"Chill","floor":15},{"not_picked":["Buffer","Biased Cognition","Echo Form"],"picked":"Hyperbeam","floor":16},{"not_picked":["Sweeping Beam","Scrape","Cold Snap"],"picked":"Stack+1","floor":18},{"not_picked":["Go for the Eyes","Conserve Battery+1","Leap+1"],"picked":"Streamline+1","floor":19},{"not_picked":["Thunder Strike","Go for the Eyes","Ball Lightning"],"picked":"Sweeping Beam","floor":20},{"not_picked":["Chaos","Leap+1","Fusion","Aggregate+1"],"picked":"SKIP","floor":23},{"not_picked":["Glacier","Leap","Conserve Battery"],"picked":"Double Energy+1","floor":24},{"not_picked":["Heatsinks","Amplify","Ball Lightning"],"picked":"Hologram","floor":25},{"not_picked":["Sweeping Beam+1","Rebound","Conserve Battery"],"picked":"Self Repair+1","floor":27},{"not_picked":["Cold Snap","Doom and Gloom","Coolheaded","Genetic Algorithm"],"picked":"SKIP","floor":28},{"not_picked":["Go for the Eyes+1","Force Field","Conserve Battery"],"picked":"Gash","floor":29},{"not_picked":["Thunder Strike","Echo Form","Multi-Cast"],"picked":"Reboot","floor":33},{"not_picked":["Consume","Sweeping Beam+1","Storm+1"],"picked":"Turbo+1","floor":34},{"not_picked":["Tempest","Turbo","Coolheaded"],"picked":"Meteor Strike","floor":34},{"not_picked":["Compile Driver","Leap","Go for the Eyes"],"picked":"Streamline","floor":34},{"not_picked":["Undo","Go for the Eyes","Multi-Cast","Reprogram"],"picked":"SKIP","floor":35},{"not_picked":["Ball Lightning","Stack+1","Fusion","Compile Driver+1"],"picked":"SKIP","floor":36},{"not_picked":["Stack+1","Defragment","Fusion"],"picked":"Sweeping Beam+1","floor":39},{"not_picked":["Redo+1","Cold Snap+1","Glacier+1"],"picked":"Gash","floor":40},{"not_picked":["Coolheaded+1","Turbo+1","Hello World","Go for the Eyes+1"],"picked":"SKIP","floor":41},{"not_picked":["Buffer","Genetic Algorithm","Conserve Battery+1"],"picked":"BootSequence+1","floor":44},{"not_picked":["Steam+1","Hello World+1","Turbo+1"],"picked":"Beam Cell+1","floor":45},{"not_picked":["Leap","Cold Snap","Beam Cell","Turbo+1"],"picked":"SKIP","floor":46},{"not_picked":["Leap","Rebound+1","Barrage+1"],"picked":"Gash+1","floor":47},{"not_picked":["Hologram","Redo","Steam+1","Static Discharge"],"picked":"SKIP","floor":48},{"not_picked":["Fusion","Chaos+1","Buffer"],"picked":"FTL","floor":49}],"player_experience":171252,"relics_obtained":[{"floor":8,"key":"Cables"},{"floor":9,"key":"Question Card"},{"floor":21,"key":"Calipers"},{"floor":21,"key":"Bottled Flame"},{"floor":23,"key":"Bag of Preparation"},{"floor":26,"key":"Letter Opener"},{"floor":41,"key":"Peace Pipe"},{"floor":43,"key":"Ancient Tea Set"}],"event_choices":[{"damage_healed":0,"gold_gain":0,"player_choice":"Ignored","damage_taken":0,"max_hp_gain":0,"max_hp_loss":0,"event_name":"Liars Game","floor":3,"gold_loss":0},{"damage_healed":0,"gold_gain":0,"player_choice":"Grow","damage_taken":0,"max_hp_gain":0,"max_hp_loss":0,"event_name":"Living Wall","floor":4,"gold_loss":0,"cards_upgraded":["Hologram"]},{"damage_healed":0,"gold_gain":0,"player_choice":"Ignored","damage_taken":0,"max_hp_gain":0,"max_hp_loss":0,"event_name":"Golden Idol","floor":10,"gold_loss":0},{"damage_healed":0,"gold_gain":0,"player_choice":"Fight","damage_taken":0,"max_hp_gain":0,"max_hp_loss":0,"event_name":"Colosseum","floor":21,"gold_loss":0},{"damage_healed":0,"gold_gain":0,"player_choice":"Fought Nobs","damage_taken":0,"max_hp_gain":0,"max_hp_loss":0,"event_name":"Colosseum","floor":21,"gold_loss":0},{"damage_healed":25,"gold_gain":0,"player_choice":"Heal","damage_taken":0,"max_hp_gain":0,"max_hp_loss":0,"event_name":"The Library","floor":30,"gold_loss":0},{"damage_healed":0,"gold_gain":0,"player_choice":"Fight","damage_taken":0,"max_hp_gain":0,"max_hp_loss":0,"event_name":"Mysterious Sphere","floor":37,"gold_loss":0},{"damage_healed":0,"gold_gain":100,"player_choice":"Pray","damage_taken":0,"max_hp_gain":0,"max_hp_loss":0,"event_name":"Golden Shrine","floor":42,"gold_loss":0}],"is_beta":false,"boss_relics":[{"not_picked":["Sozu","Snecko Eye"],"picked":"Pandora\u0027s Box"},{"not_picked":["Philosopher\u0027s Stone","Calling Bell"],"picked":"Orrery"}],"items_purged_floors":[22,38],"is_endless":false,"potions_floor_spawned":[2,7,14,16,18,20,29,33,37,41,47],"killed_by":"Awakened One","ascension_level":0}