{"gold_per_floor":[117,137,102,120,1,33,33,33,59,131,149,164,182,147,147,147],"floor_reached":16,"playtime":1556,"items_purged":[],"score":102,"play_id":"bf9e14ba-9450-4a8b-8261-81f0229eec87","local_time":"20190127193220","is_ascension_mode":false,"campfire_choices":[{"floor":7,"key":"REST"},{"data":"Armaments","floor":15,"key":"SMITH"}],"neow_cost":"NONE","seed_source_timestamp":808478239825283,"circlet_count":0,"master_deck":["Strike_R","Strike_R","Strike_R","Strike_R","Defend_R","Defend_R","Defend_R","Defend_R","Bash","Iron Wave","Rage","Armaments+1","Disarm","Body Slam","Limit Break","Armaments","Spot Weakness","Searing Blow","Blood for Blood","Double Tap","Armaments"],"relics":["Burning Blood","Juzu Bracelet","Orichalcum"],"potions_floor_usage":[16,16,16],"damage_taken":[{"damage":5,"enemies":"Cultist","floor":1,"turns":4},{"damage":6,"enemies":"Small Slimes","floor":2,"turns":3},{"damage":8,"enemies":"2 Louse","floor":4,"turns":3},{"damage":60,"enemies":"3 Sentries","floor":6,"turns":14},{"damage":25,"enemies":"Gremlin Gang","floor":11,"turns":6},{"damage":6,"enemies":"Blue Slaver","floor":12,"turns":3},{"damage":6,"enemies":"Looter","floor":13,"turns":4},{"damage":51,"enemies":"Slime Boss","floor":16,"turns":12}],"seed_played":"-2756259756202797837","potions_obtained":[{"floor":1,"key":"SpeedPotion"},{"floor":4,"key":"Energy Potion"},{"floor":6,"key":"Block Potion"}],"is_trial":false,"path_per_floor":["M","M","$","M","$","E","R","?","T","?","M","M","M","?","R","B"],"character_chosen":"IRONCLAD","items_purchased":["Disarm","Limit Break","Armaments"],"campfire_rested":1,"item_purchase_floors":[3,5,5],"current_hp_per_floor":[80,80,80,78,78,24,48,48,48,48,29,29,29,49,49,0],"gold":147,"neow_bonus":"THREE_CARDS","is_prod":false,"is_daily":false,"chose_seed":false,"campfire_upgraded":1,"win_rate":0.0,"timestamp":1548635540,"path_taken":["M","?","?","M","$","E","R","?","T","?","M","M","M","?","R","BOSS"],"build_version":"2019-01-23","purchased_purges":0,"victory":false,"max_hp_per_floor":[80,80,80,80,80,80,80,80,80,80,80,80,80,80,80,80],"card_choices":[{"not_picked":["Heavy Blade","Spot Weakness"],"picked":"Iron Wave","floor":0},{"not_picked":["Cleave","Anger"],"picked":"Rage","floor":1},{"not_picked":["Iron Wave","Blood for Blood"],"picked":"Armaments","floor":2},{"not_picked":["Cleave","Pommel Strike"],"picked":"Body Slam","floor":4},{"not_picked":["True Grit","Twin Strike"],"picked":"Spot Weakness","floor":6},{"not_picked":["Twin Strike","Clash"],"picked":"Blood for Blood","floor":11},{"not_picked":["Iron Wave","Thunderclap"],"picked":"Double Tap","floor":12},{"not_picked":["Headbutt","Clash"],"picked":"Armaments","floor":13}],"player_experience":25807,"relics_obtained":[{"floor":6,"key":"Juzu Bracelet"},{"floor":9,"key":"Orichalcum"}],"event_choices":[{"damage_healed":0,"gold_gain":0,"cards_transformed":["Strike_R"],"player_choice":"Transformed","damage_taken":0,"max_hp_gain":0,"max_hp_loss":0,"event_name":"Transmorgrifier","floor":8,"gold_loss":0,"cards_obtained":["Searing Blow"]},{"damage_healed":0,"gold_gain":72,"player_choice":"Gained Gold","damage_taken":0,"max_hp_gain":0,"max_hp_loss":0,"event_name":"Golden Wing","floor":10,"gold_loss":0},{"damage_healed":20,"gold_gain":0,"player_choice":"Healed","damage_taken":0,"max_hp_gain":0,"max_hp_loss":0,"event_name":"The Cleric","floor":14,"gold_loss":35}],"is_beta":false,"boss_relics":[],"items_purged_floors":[],"is_endless":false,"potions_floor_spawned":[1,4,6],"killed_by":"Slime Boss","ascension_level":0}