{"gold_per_floor":[109,124,144,116,116,116,141,161,206,206,136,168,168,179,179,278,278,290,309,309,326,342,342,368,379,379,18,18,18,36,49,49,144,144,164,164,182,201,219,219,441,441,441,441,461,461,475,494,494,494],"floor_reached":50,"playtime":2101,"items_purged":[],"score":560,"play_id":"cc305862-11d7-4495-8ebc-43f004cc3547","local_time":"20190428131718","is_ascension_mode":false,"campfire_choices":[{"data":"Inflame","floor":6,"key":"SMITH"},{"floor":10,"key":"REST"},{"floor":13,"key":"REST"},{"floor":15,"key":"REST"},{"floor":23,"key":"REST"},{"floor":28,"key":"REST"},{"floor":32,"key":"REST"},{"floor":40,"key":"REST"},{"floor":42,"key":"REST"},{"floor":46,"key":"REST"},{"floor":49,"key":"REST"}],"neow_cost":"NONE","seed_source_timestamp":12698658689657,"circlet_count":0,"master_deck":["Strike_R","Strike_R","Strike_R","Strike_R","Strike_R","Defend_R","Defend_R","Defend_R","Defend_R","Bash","Armaments","Perfected Strike","Perfected Strike","Inflame+1","Clash","Rampage","Anger","Rampage","Clash","Clash+1","Sword Boomerang","Clash","Rage","Reckless Charge","Clumsy","Apotheosis","Anger","Thunderclap","Pommel Strike","Immolate","Iron Wave","Madness","Madness","Thunderclap+1","Parasite","Thunderclap+1","Carnage","Doubt","Cleave","Fire Breathing"],"relics":["Burning Blood","NeowsBlessing","Shuriken","Vajra","Potion Belt","Letter Opener","Cursed Key","Red Mask","Centennial Puzzle","Lantern","Runic Cube","Magic Flower"],"potions_floor_usage":[33,33,33,33,33,50],"damage_taken":[{"damage":0,"enemies":"Cultist","floor":1,"turns":1},{"damage":0,"enemies":"2 Louse","floor":2,"turns":1},{"damage":0,"enemies":"Small Slimes","floor":3,"turns":1},{"damage":18,"enemies":"Exordium Thugs","floor":4,"turns":5},{"damage":43,"enemies":"Lagavulin","floor":7,"turns":7},{"damage":9,"enemies":"2 Fungi Beasts","floor":8,"turns":3},{"damage":30,"enemies":"3 Sentries","floor":12,"turns":8},{"damage":0,"enemies":"Looter","floor":14,"turns":1},{"damage":0,"enemies":"Slime Boss","floor":16,"turns":5},{"damage":16,"enemies":"Shell Parasite","floor":18,"turns":3},{"damage":27,"enemies":"2 Thieves","floor":19,"turns":3},{"damage":17,"enemies":"Snake Plant","floor":21,"turns":3},{"damage":10,"enemies":"Cultist and Chosen","floor":22,"turns":3},{"damage":35,"enemies":"Masked Bandits","floor":24,"turns":4},{"damage":15,"enemies":"Shelled Parasite and Fungi","floor":25,"turns":3},{"damage":6,"enemies":"Chosen and Byrds","floor":30,"turns":3},{"damage":10,"enemies":"Snake Plant","floor":31,"turns":2},{"damage":57,"enemies":"Automaton","floor":33,"turns":8},{"damage":0,"enemies":"3 Darklings","floor":35,"turns":3},{"damage":30,"enemies":"3 Shapes","floor":37,"turns":3},{"damage":13,"enemies":"Writhing Mass","floor":38,"turns":3},{"damage":32,"enemies":"Maw","floor":39,"turns":6},{"damage":19,"enemies":"Jaw Worm Horde","floor":45,"turns":3},{"damage":9,"enemies":"3 Darklings","floor":47,"turns":3},{"damage":63,"enemies":"Sphere and 2 Shapes","floor":48,"turns":5},{"damage":45,"enemies":"Awakened One","floor":50,"turns":3}],"seed_played":"524746089110458104","potions_obtained":[{"floor":1,"key":"Block Potion"},{"floor":4,"key":"Dexterity Potion"},{"floor":8,"key":"SpeedPotion"},{"floor":12,"key":"Explosive Potion"},{"floor":14,"key":"Block Potion"},{"floor":37,"key":"Dexterity Potion"},{"floor":38,"key":"Explosive Potion"},{"floor":47,"key":"GamblersBrew"}],"is_trial":false,"path_per_floor":["M","M","M","M","T","R","E","M","T","R","$","E","R","M","R","B",null,"M","M","?","M","M","R","?","M","T","$","R","?","M","M","R","B",null,"M","?","M","M","M","R","?","R","T","?","M","R","M","M","R","B"],"character_chosen":"IRONCLAD","items_purchased":["Rampage","Apotheosis","Anger","Lantern"],"campfire_rested":10,"item_purchase_floors":[11,27,27,27],"current_hp_per_floor":[80,80,80,68,68,68,31,28,28,52,52,28,52,58,80,80,80,70,49,49,38,34,58,29,20,20,20,44,44,44,40,64,13,80,80,70,46,39,13,37,37,61,61,61,51,75,75,21,45,0],"gold":494,"neow_bonus":"THREE_ENEMY_KILL","is_prod":false,"is_daily":false,"chose_seed":false,"campfire_upgraded":1,"win_rate":0.0,"timestamp":1556482638,"path_taken":["M","M","M","M","?","R","E","M","T","R","?","E","R","M","R","BOSS","M","M","?","M","M","R","?","?","T","$","R","?","M","M","R","BOSS","M","?","M","M","M","R","?","R","T","?","M","R","M","?","R","BOSS"],"build_version":"2019-01-23","purchased_purges":0,"victory":false,"max_hp_per_floor":[80,80,80,80,80,80,80,80,80,80,80,80,80,80,80,80,80,80,80,80,80,80,80,80,80,80,80,80,80,80,80,80,80,80,80,80,80,80,80,80,80,80,80,80,80,80,80,80,80,80],"card_choices":[{"not_picked":["Bloodletting","Seeing Red"],"picked":"Armaments","floor":1},{"not_picked":["Reckless Charge","Pommel Strike"],"picked":"Perfected Strike","floor":2},{"not_picked":["Burning Pact","Clash"],"picked":"Perfected Strike","floor":3},{"not_picked":["Twin Strike","Armaments"],"picked":"Inflame","floor":4},{"not_picked":["Rupture","Second Wind","Limit Break"],"picked":"SKIP","floor":7},{"not_picked":["Flex","Twin Strike"],"picked":"Clash","floor":8},{"not_picked":["Searing Blow","Pommel Strike"],"picked":"Anger","floor":12},{"not_picked":["Pommel Strike","Flex"],"picked":"Rampage","floor":14},{"not_picked":["Barricade","Double Tap"],"picked":"Brutality","floor":16},{"not_picked":["Twin Strike","Flex"],"picked":"Clash","floor":18},{"not_picked":["Shrug It Off","Corruption"],"picked":"Clash+1","floor":19},{"not_picked":["Rage","Flex"],"picked":"Sword Boomerang","floor":21},{"not_picked":["Twin Strike","Heavy Blade"],"picked":"Clash","floor":22},{"not_picked":["Body Slam+1","Fiend Fire"],"picked":"Rage","floor":24},{"not_picked":["Shrug It Off","Wild Strike"],"picked":"Reckless Charge","floor":25},{"not_picked":["Shrug It Off","Flex"],"picked":"Thunderclap","floor":30},{"not_picked":["Body Slam+1","Clothesline"],"picked":"Pommel Strike","floor":31},{"not_picked":["Berserk","Juggernaut"],"picked":"Immolate","floor":33},{"not_picked":["Pummel","Second Wind"],"picked":"Iron Wave","floor":35},{"not_picked":["Rupture+1","Twin Strike"],"picked":"Thunderclap+1","floor":37},{"not_picked":["Limit Break","Shrug It Off+1"],"picked":"Thunderclap+1","floor":38},{"not_picked":["Headbutt+1","Intimidate+1"],"picked":"Carnage","floor":39},{"not_picked":["True Grit","Ghostly Armor"],"picked":"Cleave","floor":45},{"not_picked":["Infernal Blade","Corruption","Intimidate"],"picked":"SKIP","floor":47},{"not_picked":["Hemokinesis","Pommel Strike+1"],"picked":"Fire Breathing","floor":48}],"player_experience":31925,"relics_obtained":[{"floor":5,"key":"Shuriken"},{"floor":7,"key":"Vajra"},{"floor":9,"key":"Potion Belt"},{"floor":12,"key":"Letter Opener"},{"floor":24,"key":"Red Mask"},{"floor":26,"key":"Centennial Puzzle"},{"floor":43,"key":"Magic Flower"}],"event_choices":[{"damage_healed":0,"gold_gain":0,"player_choice":"Ignored","damage_taken":0,"max_hp_gain":0,"max_hp_loss":0,"event_name":"Beggar","floor":20,"gold_loss":0},{"damage_healed":0,"gold_gain":0,"player_choice":"Fought Bandits","damage_taken":0,"max_hp_gain":0,"max_hp_loss":0,"event_name":"Masked Bandits","floor":24,"gold_loss":0},{"damage_healed":0,"gold_gain":0,"player_choice":"Ignored","damage_taken":0,"max_hp_gain":0,"max_hp_loss":0,"event_name":"Vampires","floor":29,"gold_loss":0},{"damage_healed":0,"gold_gain":0,"player_choice":"Embrace Madness","damage_taken":10,"max_hp_gain":0,"max_hp_loss":0,"event_name":"Winding Halls","floor":36,"gold_loss":0,"cards_obtained":["Madness","Madness"]},{"damage_healed":0,"gold_gain":222,"player_choice":"Wore Mask","damage_taken":0,"max_hp_gain":0,"max_hp_loss":0,"event_name":"Tomb of Lord Red Mask","floor":41,"gold_loss":0},{"cards_removed":["Brutality"],"damage_healed":0,"gold_gain":0,"player_choice":"Removed Power","damage_taken":0,"max_hp_gain":0,"max_hp_loss":0,"event_name":"Falling","floor":44,"gold_loss":0}],"is_beta":false,"boss_relics":[{"not_picked":["Snecko Eye","Empty Cage"],"picked":"Cursed Key"},{"not_picked":["Tiny House","Mark of Pain"],"picked":"Runic Cube"}],"items_purged_floors":[],"is_endless":false,"potions_floor_spawned":[1,4,8,12,14,18,21,25,31,37,38,47],"killed_by":"Awakened One","ascension_level":0}