{"gold_per_floor":[119,119,119,7,20,47,47,60,60,94,94,106,106,134,134,234,234,249,249,259,283,300,300,333,352,404,404,424,441,441,460,460,561,561,579,97,108,124,124,157,157,0,0,0,10,30,30,41,41,41],"floor_reached":50,"playtime":2544,"items_purged":["Pain","Regret"],"score":843,"play_id":"63c1a864-e9e1-4451-bfa8-3cbfcdc66b04","local_time":"20190224214256","is_ascension_mode":true,"campfire_choices":[{"data":"Terror","floor":7,"key":"SMITH"},{"floor":11,"key":"REST"},{"data":"Poisoned Stab","floor":13,"key":"SMITH"},{"data":"Dagger Spray","floor":15,"key":"SMITH"},{"data":"Neutralize","floor":23,"key":"SMITH"},{"floor":27,"key":"REST"},{"data":"Backstab","floor":32,"key":"SMITH"},{"data":"Choke","floor":41,"key":"SMITH"},{"data":"Survivor","floor":47,"key":"SMITH"},{"data":"Backflip","floor":49,"key":"SMITH"}],"neow_cost":"NONE","seed_source_timestamp":784523455605914,"circlet_count":0,"master_deck":["Defend_G","Defend_G","Defend_G","Defend_G","Survivor+1","Neutralize+1","Backflip+1","Terror+1","Poisoned Stab+1","Backstab+1","Dagger Spray+1","Outmaneuver+1","Burst+1","Blur+1","Storm of Steel+1","PiercingWail+1","Accuracy+1","Cloak And Dagger+1","Shame","Cloak And Dagger+1","Backflip+1","Noxious Fumes+1","Bite","Bite","Bite","Bite","Bite","Well Laid Plans+1","Phantasmal Killer+1","Footwork+1","Choke+1","Clumsy","Backstab+1","Dagger Spray+1"],"relics":["Ring of the Snake","NeowsBlessing","WarpedTongs","Paper Crane","Toxic Egg 2","Bird Faced Urn","Oddly Smooth Stone","Cursed Key","Bag of Preparation","Frozen Egg 2","Dream Catcher","Busted Crown","Incense Burner","Happy Flower","Red Mask","Boot"],"potions_floor_usage":[16,25,33,50],"damage_taken":[{"damage":0,"enemies":"2 Louse","floor":1,"turns":1},{"damage":0,"enemies":"Cultist","floor":5,"turns":1},{"damage":0,"enemies":"3 Sentries","floor":6,"turns":1},{"damage":0,"enemies":"Small Slimes","floor":8,"turns":2},{"damage":28,"enemies":"Gremlin Nob","floor":10,"turns":4},{"damage":0,"enemies":"2 Fungi Beasts","floor":12,"turns":2},{"damage":6,"enemies":"3 Sentries","floor":14,"turns":6},{"damage":20,"enemies":"Slime Boss","floor":16,"turns":11},{"damage":3,"enemies":"3 Byrds","floor":18,"turns":4},{"damage":14,"enemies":"Chosen","floor":20,"turns":5},{"damage":2,"enemies":"Snake Plant","floor":22,"turns":4},{"damage":23,"enemies":"Gremlin Leader","floor":24,"turns":5},{"damage":13,"enemies":"Centurion and Healer","floor":25,"turns":8},{"damage":15,"enemies":"Shelled Parasite and Fungi","floor":28,"turns":5},{"damage":5,"enemies":"Snake Plant","floor":29,"turns":4},{"damage":0,"enemies":"Centurion and Healer","floor":31,"turns":5},{"damage":47,"enemies":"Collector","floor":33,"turns":11},{"damage":1,"enemies":"Orb Walker","floor":35,"turns":4},{"damage":0,"enemies":"3 Darklings","floor":37,"turns":5},{"damage":26,"enemies":"Spire Growth","floor":38,"turns":5},{"damage":0,"enemies":"Nemesis","floor":40,"turns":5},{"damage":15,"enemies":"Jaw Worm Horde","floor":45,"turns":3},{"damage":0,"enemies":"4 Shapes","floor":46,"turns":4},{"damage":0,"enemies":"Maw","floor":48,"turns":6},{"damage":68,"enemies":"Donu and Deca","floor":50,"turns":6}],"seed_played":"-6260821558545847740","potions_obtained":[{"floor":6,"key":"Swift Potion"},{"floor":8,"key":"Dexterity Potion"},{"floor":10,"key":"Energy Potion"},{"floor":16,"key":"SpeedPotion"},{"floor":24,"key":"Regen Potion"},{"floor":25,"key":"SmokeBomb"},{"floor":33,"key":"FearPotion"}],"is_trial":false,"path_per_floor":["M","?","?","$","M","E","R","M","T","E","R","M","R","E","R","B",null,"M","?","M","T","M","R","E","M","T","R","M","M","?","M","R","B",null,"M","$","M","M","$","E","R","?","T","?","M","M","R","M","R","B"],"character_chosen":"THE_SILENT","items_purchased":["Terror","Footwork+1","Incense Burner"],"campfire_rested":2,"item_purchase_floors":[4,36,36],"current_hp_per_floor":[63,56,56,56,56,56,56,56,56,28,49,49,49,43,43,23,58,55,55,41,41,39,39,16,20,20,41,28,25,25,39,39,20,42,49,49,49,26,26,40,40,40,40,40,31,44,44,49,49,0],"gold":41,"neow_bonus":"THREE_ENEMY_KILL","is_prod":false,"is_daily":false,"chose_seed":false,"campfire_upgraded":8,"win_rate":0,"timestamp":1551062576,"path_taken":["M","?","?","$","M","E","R","M","T","E","R","?","R","E","R","BOSS","M","?","?","?","M","R","E","M","T","R","M","M","?","M","R","BOSS","M","$","M","M","$","E","R","?","T","?","?","M","R","M","R","BOSS"],"build_version":"2019-01-23","purchased_purges":2,"victory":false,"max_hp_per_floor":[70,70,70,70,70,70,70,70,70,70,70,70,70,70,70,70,70,70,70,70,70,70,70,70,70,70,70,70,70,49,49,49,49,49,49,49,49,49,49,49,49,49,49,49,49,49,49,49,49,49],"card_choices":[{"not_picked":["Flying Knee","Deadly Poison"],"picked":"Backflip","floor":1},{"not_picked":["Bane","Blade Dance"],"picked":"Poisoned Stab","floor":5},{"not_picked":["Acrobatics","Deflect"],"picked":"Backstab","floor":6},{"not_picked":["Deflect","Flying Knee"],"picked":"Dagger Spray","floor":8},{"not_picked":["Dagger Throw","Dagger Spray"],"picked":"Outmaneuver+1","floor":10},{"not_picked":["Eviscerate","Flying Knee"],"picked":"Burst+1","floor":12},{"not_picked":["Bane","Dagger Throw"],"picked":"Blur+1","floor":14},{"not_picked":["Unload","Burst+1"],"picked":"Storm of Steel+1","floor":16},{"not_picked":["Dagger Throw","Outmaneuver+1","Bane"],"picked":"SKIP","floor":18},{"not_picked":["Acrobatics+1","All Out Attack"],"picked":"PiercingWail+1","floor":20},{"not_picked":["Terror+1","Venomology+1","Poisoned Stab"],"picked":"SKIP","floor":22},{"not_picked":["Predator","Acrobatics+1"],"picked":"Accuracy","floor":24},{"not_picked":["Quick Slash+1","Backstab"],"picked":"Cloak And Dagger+1","floor":25},{"not_picked":["Heel Hook","Sucker Punch"],"picked":"Cloak And Dagger+1","floor":27},{"not_picked":["Flying Knee","Riddle With Holes"],"picked":"Backflip+1","floor":28},{"not_picked":["PiercingWail+1","Doppelganger+1"],"picked":"Noxious Fumes+1","floor":29},{"not_picked":["Dodge and Roll+1","Backflip+1"],"picked":"Well Laid Plans+1","floor":31},{"not_picked":["Doppelganger+1","Bullet Time+1"],"picked":"Phantasmal Killer+1","floor":33},{"not_picked":["Expertise+1"],"picked":"SKIP","floor":35},{"not_picked":["Dodge and Roll+1"],"picked":"SKIP","floor":37},{"not_picked":["Dagger Spray"],"picked":"SKIP","floor":38},{"not_picked":[],"picked":"Choke","floor":40},{"not_picked":[],"picked":"Backstab+1","floor":45},{"not_picked":["Acrobatics+1"],"picked":"SKIP","floor":46},{"not_picked":[],"picked":"Dagger Spray+1","floor":48}],"player_experience":317459,"relics_obtained":[{"floor":6,"key":"Paper Crane"},{"floor":9,"key":"Toxic Egg 2"},{"floor":10,"key":"Bird Faced Urn"},{"floor":14,"key":"Oddly Smooth Stone"},{"floor":21,"key":"Bag of Preparation"},{"floor":24,"key":"Frozen Egg 2"},{"floor":26,"key":"Dream Catcher"},{"floor":40,"key":"Happy Flower"},{"floor":43,"key":"Boot"}],"event_choices":[{"cards_removed":["Defend_G"],"damage_healed":0,"gold_gain":0,"player_choice":"Card Removal","damage_taken":7,"max_hp_gain":0,"max_hp_loss":0,"event_name":"Golden Wing","floor":2,"gold_loss":0},{"damage_healed":0,"gold_gain":0,"player_choice":"Rummage","damage_taken":0,"relics_obtained":["WarpedTongs"],"max_hp_gain":0,"max_hp_loss":0,"event_name":"Accursed Blacksmith","floor":3,"gold_loss":0,"cards_obtained":["Pain"]},{"cards_removed":["Strike_G"],"damage_healed":0,"gold_gain":0,"player_choice":"Offered Basic","damage_taken":0,"max_hp_gain":0,"max_hp_loss":0,"event_name":"Bonfire Elementals","floor":19,"gold_loss":0},{"damage_healed":0,"gold_gain":0,"player_choice":"Became a vampire","damage_taken":0,"max_hp_gain":0,"max_hp_loss":21,"event_name":"Vampires","floor":30,"gold_loss":0,"cards_obtained":["Bite","Bite","Bite","Bite","Bite"]},{"damage_healed":0,"gold_gain":0,"player_choice":"Paid","damage_taken":0,"relics_obtained":["Red Mask"],"max_hp_gain":0,"max_hp_loss":0,"event_name":"Tomb of Lord Red Mask","floor":42,"gold_loss":157},{"damage_healed":0,"gold_gain":0,"player_choice":"Ignored","damage_taken":0,"max_hp_gain":0,"max_hp_loss":0,"event_name":"Mysterious Sphere","floor":44,"gold_loss":0}],"is_beta":false,"boss_relics":[{"not_picked":["WristBlade","Lizard Tail"],"picked":"Cursed Key"},{"not_picked":["Philosopher\u0027s Stone","Calling Bell"],"picked":"Busted Crown"}],"items_purged_floors":[4,36],"is_endless":false,"potions_floor_spawned":[6,8,10,16,20,24,25,29,33,37,46,48],"killed_by":"Donu and Deca","ascension_level":9}