{"gold_per_floor":[113,113,131,131,131,131,81,100,100,100,111,125,155,171,171,171],"floor_reached":16,"playtime":444,"items_purged":[],"score":194,"play_id":"7b780ce9-992d-47cf-9425-ca76f1a17ebe","local_time":"20190617222829","is_ascension_mode":true,"campfire_choices":[{"data":"Survivor","floor":6,"key":"SMITH"},{"data":"Footwork","floor":10,"key":"SMITH"},{"floor":15,"key":"REST"}],"neow_cost":"TEN_PERCENT_HP_LOSS","seed_source_timestamp":430599361067171,"circlet_count":0,"master_deck":["AscendersBane","Defend_G","Defend_G","Defend_G","Defend_G","Defend_G","Strike_G","Strike_G","Strike_G","Strike_G","Strike_G","Survivor+1","Neutralize+1","Underhanded Strike+1","Slice","Deadly Poison","Footwork+1","Prepared","Dodge and Roll","Envenom","PiercingWail","Sucker Punch"],"relics":["Ring of the Snake","Torii","Dream Catcher","Darkstone Periapt"],"potions_floor_usage":[14,14],"damage_taken":[{"damage":1,"enemies":"Jaw Worm","floor":1,"turns":4},{"damage":0,"enemies":"Cultist","floor":3,"turns":4},{"damage":1,"enemies":"2 Louse","floor":8,"turns":2},{"damage":2,"enemies":"Exordium Wildlife","floor":11,"turns":5},{"damage":2,"enemies":"Large Slime","floor":12,"turns":8},{"damage":45,"enemies":"Gremlin Nob","floor":13,"turns":5},{"damage":1,"enemies":"2 Fungi Beasts","floor":14,"turns":4},{"damage":27,"enemies":"The Guardian","floor":16,"turns":2}],"seed_played":"-6578544025779092692","potions_obtained":[{"floor":3,"key":"Ancient Potion"},{"floor":11,"key":"Energy Potion"}],"is_trial":false,"path_per_floor":["M","?","M","?","$","R","$","M","T","R","M","M","E","M","R","B"],"character_chosen":"THE_SILENT","items_purchased":["Deadly Poison"],"campfire_rested":1,"item_purchase_floors":[7],"current_hp_per_floor":[58,58,58,58,58,58,58,57,57,57,55,53,8,7,25,0],"gold":171,"neow_bonus":"ONE_RARE_RELIC","is_prod":false,"is_daily":false,"chose_seed":false,"campfire_upgraded":2,"win_rate":0,"timestamp":1560835709,"path_taken":["M","?","?","?","?","R","$","M","T","R","M","M","E","M","R","BOSS"],"build_version":"2019-01-23","purchased_purges":0,"victory":false,"max_hp_per_floor":[60,60,60,60,60,60,60,60,60,60,60,60,60,60,60,60],"card_choices":[{"not_picked":["Outmaneuver","Slice"],"picked":"Underhanded Strike","floor":1},{"not_picked":["Expertise","Accuracy"],"picked":"Slice","floor":3},{"not_picked":["Slice","Backflip"],"picked":"Footwork","floor":8},{"not_picked":["Expertise","Reflex"],"picked":"Prepared","floor":11},{"not_picked":["Bane","Prepared"],"picked":"Dodge and Roll","floor":12},{"not_picked":["Masterful Stab","Infinite Blades"],"picked":"Envenom","floor":13},{"not_picked":["Dodge and Roll","Flying Knee"],"picked":"PiercingWail","floor":14},{"not_picked":["Outmaneuver","Dagger Spray"],"picked":"Sucker Punch","floor":15}],"player_experience":1031616,"relics_obtained":[{"floor":9,"key":"Dream Catcher"},{"floor":13,"key":"Darkstone Periapt"}],"event_choices":[{"damage_healed":0,"gold_gain":0,"player_choice":"Upgraded","damage_taken":0,"max_hp_gain":0,"max_hp_loss":0,"event_name":"Upgrade Shrine","floor":2,"gold_loss":0,"cards_upgraded":["Underhanded Strike"]},{"damage_healed":0,"gold_gain":0,"player_choice":"Grow","damage_taken":0,"max_hp_gain":0,"max_hp_loss":0,"event_name":"Living Wall","floor":4,"gold_loss":0,"cards_upgraded":["Neutralize"]}],"is_beta":false,"boss_relics":[],"items_purged_floors":[],"is_endless":false,"potions_floor_spawned":[3,11,13],"killed_by":"The Guardian","ascension_level":18}