{"gold_per_floor":[16,36,56,70,70,95,95,114,114,114,134,148,148,165,165,165],"floor_reached":16,"playtime":952,"items_purged":[],"score":106,"play_id":"0a96955b-86e3-4823-81fe-b530100ec4bf","local_time":"20190612221249","is_ascension_mode":false,"campfire_choices":[{"data":"Blur","floor":7,"key":"SMITH"},{"data":"Dagger Spray","floor":10,"key":"SMITH"},{"data":"Neutralize","floor":13,"key":"SMITH"},{"data":"Defend_G","floor":15,"key":"SMITH"}],"neow_cost":"NO_GOLD","seed_source_timestamp":426603640327579,"circlet_count":0,"master_deck":["Defend_G","Defend_G","Defend_G","Defend_G+1","Strike_G","Strike_G","Strike_G","Strike_G","Survivor","Neutralize+1","Well Laid Plans","Blur+1","Finisher","Dagger Spray+1","Endless Agony","Heel Hook"],"relics":["Ring of the Snake","Calipers"],"potions_floor_usage":[4,6,16,16],"damage_taken":[{"damage":0,"enemies":"2 Louse","floor":1,"turns":3},{"damage":0,"enemies":"Small Slimes","floor":2,"turns":3},{"damage":0,"enemies":"Cultist","floor":3,"turns":4},{"damage":0,"enemies":"Looter","floor":4,"turns":4},{"damage":19,"enemies":"Gremlin Nob","floor":6,"turns":5},{"damage":0,"enemies":"Blue Slaver","floor":8,"turns":6},{"damage":0,"enemies":"3 Louse","floor":11,"turns":1},{"damage":0,"enemies":"Large Slime","floor":12,"turns":6},{"damage":1,"enemies":"Exordium Wildlife","floor":14,"turns":4},{"damage":57,"enemies":"Hexaghost","floor":16,"turns":16}],"seed_played":"2302988874306502753","potions_obtained":[{"floor":2,"key":"SteroidPotion"},{"floor":3,"key":"Fruit Juice"},{"floor":12,"key":"EssenceOfSteel"},{"floor":14,"key":"SkillPotion"}],"is_trial":false,"path_per_floor":["M","M","M","M","$","E","R","M","T","R","M","M","R","M","R","B"],"character_chosen":"THE_SILENT","items_purchased":[],"campfire_rested":0,"item_purchase_floors":[],"current_hp_per_floor":[70,70,70,75,75,56,56,56,56,56,56,56,56,55,55,0],"gold":165,"neow_bonus":"REMOVE_TWO","is_prod":false,"is_daily":false,"chose_seed":false,"campfire_upgraded":4,"win_rate":0,"timestamp":1560402769,"path_taken":["M","M","M","M","$","E","R","M","T","R","M","M","R","M","R","BOSS"],"build_version":"2019-01-23","purchased_purges":0,"victory":false,"max_hp_per_floor":[70,70,70,75,75,75,75,75,75,75,75,75,75,75,75,75],"card_choices":[{"not_picked":["PiercingWail","Endless Agony"],"picked":"Well Laid Plans","floor":1},{"not_picked":["Outmaneuver","Cloak And Dagger"],"picked":"Blur","floor":2},{"not_picked":["Dodge and Roll","Underhanded Strike"],"picked":"Finisher","floor":3},{"not_picked":["Flechettes","Blade Dance"],"picked":"Dagger Spray","floor":4},{"not_picked":["Leg Sweep","Quick Slash","Eviscerate"],"picked":"SKIP","floor":6},{"not_picked":["Deadly Poison","Quick Slash"],"picked":"Endless Agony","floor":8},{"not_picked":["Choke","Venomology"],"picked":"Heel Hook","floor":11},{"not_picked":["Escape Plan","PiercingWail","Quick Slash"],"picked":"SKIP","floor":12},{"not_picked":["Cloak And Dagger","Prepared","Bouncing Flask"],"picked":"SKIP","floor":14}],"player_experience":357630,"relics_obtained":[{"floor":6,"key":"Calipers"}],"event_choices":[],"is_beta":false,"boss_relics":[],"items_purged_floors":[],"is_endless":false,"potions_floor_spawned":[2,3,12,14],"killed_by":"Hexaghost","ascension_level":0}