{"gold_per_floor":[113,123,76,88,88,100,134,134,134,147,147,147,72,72,72,167,167,188,188,23,23,48,48,66,66,66,66,84,99,99,114,114,203,203,217,217,217,550,569,569,585,585,585,585,585,604,43,94,94,94],"floor_reached":50,"playtime":2804,"items_purged":["Strike_B","Writhe"],"score":773,"play_id":"350315eb-4336-417c-9621-9bc64b37ebcf","local_time":"20190502202513","is_ascension_mode":true,"campfire_choices":[{"floor":8,"key":"REST"},{"floor":15,"key":"REST"},{"floor":23,"key":"REST"},{"data":"Mayhem","floor":25,"key":"SMITH"},{"data":"Defragment","floor":30,"key":"SMITH"},{"floor":32,"key":"REST"},{"floor":40,"key":"REST"},{"floor":42,"key":"REST"},{"data":"Glacier","floor":45,"key":"SMITH"},{"floor":49,"key":"REST"}],"neow_cost":"PERCENT_DAMAGE","seed_source_timestamp":517134326563676,"circlet_count":0,"master_deck":["AscendersBane","Strike_B","Strike_B","Strike_B","Defend_B","Defend_B","Defend_B","Zap","Dualcast","Fission+1","Leap","Conserve Battery","Conserve Battery","All For One","Chaos","Glacier+1","Writhe","Mayhem+1","Buffer","Streamline","Leap","Defragment+1","Reinforced Body","Doom and Gloom+1","Creative AI","Reinforced Body+1","FTL","BootSequence+1","Tempest+1"],"relics":["Cracked Core","Incense Burner","Mummified Hand","Pantograph","Snecko Eye","Regal Pillow","Cables","Orrery","Girya","Orichalcum","Blue Candle","Bronze Scales"],"potions_floor_usage":[4,33,39,50,50],"damage_taken":[{"damage":1,"enemies":"Cultist","floor":1,"turns":3},{"damage":0,"enemies":"Jaw Worm","floor":2,"turns":3},{"damage":0,"enemies":"2 Louse","floor":4,"turns":5},{"damage":0,"enemies":"Looter","floor":6,"turns":4},{"damage":37,"enemies":"Lagavulin","floor":7,"turns":9},{"damage":1,"enemies":"Exordium Wildlife","floor":10,"turns":3},{"damage":29,"enemies":"Slime Boss","floor":16,"turns":13},{"damage":39,"enemies":"Spheric Guardian","floor":18,"turns":6},{"damage":0,"enemies":"Chosen","floor":22,"turns":5},{"damage":0,"enemies":"Sentry and Sphere","floor":24,"turns":7},{"damage":0,"enemies":"Snecko","floor":28,"turns":5},{"damage":0,"enemies":"Cultist and Chosen","floor":29,"turns":7},{"damage":19,"enemies":"Snake Plant","floor":31,"turns":3},{"damage":64,"enemies":"Champ","floor":33,"turns":16},{"damage":0,"enemies":"3 Shapes","floor":35,"turns":7},{"damage":22,"enemies":"3 Darklings","floor":39,"turns":9},{"damage":16,"enemies":"Sphere and 2 Shapes","floor":41,"turns":6},{"damage":49,"enemies":"Jaw Worm Horde","floor":46,"turns":11},{"damage":66,"enemies":"Donu and Deca","floor":50,"turns":11}],"seed_played":"-5798729155033615766","potions_obtained":[{"floor":2,"key":"Swift Potion"},{"floor":16,"key":"Dexterity Potion"},{"floor":28,"key":"GamblersBrew"},{"floor":33,"key":"Fire Potion"},{"floor":46,"key":"SteroidPotion"}],"is_trial":false,"path_per_floor":["M","M","$","M","?","M","E","R","T","M","?","?","$","?","R","B",null,"M","?","$","?","M","R","M","R","T","?","M","M","R","M","R","B",null,"M","?","?","?","M","R","M","R","T","?","R","M","$","T","R","B"],"character_chosen":"DEFECT","items_purchased":["Conserve Battery","Mayhem","Swift Potion","Orichalcum","Blue Candle"],"campfire_rested":7,"item_purchase_floors":[3,20,47,47,47],"current_hp_per_floor":[45,45,45,45,45,45,8,29,29,28,28,10,10,10,29,25,56,17,17,17,17,17,51,51,51,51,51,51,51,51,32,66,2,50,50,66,66,66,44,66,50,66,66,66,66,17,17,17,51,0],"gold":94,"neow_bonus":"THREE_RARE_CARDS","is_prod":false,"is_daily":false,"chose_seed":false,"campfire_upgraded":3,"win_rate":0,"timestamp":1556853913,"path_taken":["M","M","?","M","?","?","E","R","T","M","?","?","?","?","R","BOSS","M","?","$","?","M","R","M","R","T","?","M","M","R","?","R","BOSS","M","?","?","?","?","R","M","R","T","?","R","M","$","?","R","BOSS"],"build_version":"2019-01-23","purchased_purges":2,"victory":false,"max_hp_per_floor":[71,71,71,71,71,71,71,71,71,71,71,71,71,66,66,66,66,66,66,66,66,66,66,66,66,66,66,66,66,66,66,66,66,66,66,66,66,66,66,66,66,66,66,66,66,66,66,66,66,66],"card_choices":[{"not_picked":["Rainbow","Core Surge"],"picked":"Fission","floor":0},{"not_picked":["Rebound","Cold Snap"],"picked":"Leap","floor":1},{"not_picked":["Steam","Consume"],"picked":"Conserve Battery","floor":2},{"not_picked":["Hologram","Barrage"],"picked":"Rebound","floor":4},{"not_picked":["Fusion","Stack"],"picked":"All For One","floor":6},{"not_picked":["Rebound","Chill"],"picked":"Genetic Algorithm","floor":7},{"not_picked":["Sweeping Beam","Doom and Gloom"],"picked":"Chaos","floor":10},{"not_picked":["Fission","Core Surge"],"picked":"Biased Cognition","floor":16},{"not_picked":["Sweeping Beam","BootSequence+1"],"picked":"Glacier","floor":18},{"not_picked":["Sweeping Beam","Force Field"],"picked":"Leap","floor":22},{"not_picked":["Gash","Conserve Battery"],"picked":"Defragment","floor":24},{"not_picked":["Cold Snap","Rip and Tear"],"picked":"Reinforced Body","floor":28},{"not_picked":["Lockon","Steam"],"picked":"Doom and Gloom+1","floor":29},{"not_picked":["Blizzard","Lockon","Coolheaded"],"picked":"SKIP","floor":31},{"not_picked":["Multi-Cast","Seek"],"picked":"Creative AI","floor":33},{"not_picked":["Chill","Leap"],"picked":"Reinforced Body+1","floor":34},{"not_picked":["Force Field+1","Hologram"],"picked":"FTL","floor":34},{"not_picked":["Beam Cell","Compile Driver"],"picked":"BootSequence+1","floor":35},{"not_picked":["Steam+1","Compile Driver"],"picked":"Tempest+1","floor":39},{"not_picked":["Darkness","Sweeping Beam","Coolheaded+1"],"picked":"SKIP","floor":41},{"not_picked":["Leap","Go for the Eyes","Genetic Algorithm"],"picked":"SKIP","floor":46}],"player_experience":855341,"relics_obtained":[{"floor":7,"key":"Incense Burner"},{"floor":9,"key":"Mummified Hand"},{"floor":26,"key":"Cables"},{"floor":43,"key":"Girya"},{"floor":48,"key":"Bronze Scales"}],"event_choices":[{"cards_removed":["Defend_B"],"damage_healed":0,"gold_gain":0,"player_choice":"Purged","damage_taken":0,"max_hp_gain":0,"max_hp_loss":0,"event_name":"Purifier","floor":5,"gold_loss":0},{"damage_healed":0,"gold_gain":0,"player_choice":"Grow","damage_taken":0,"max_hp_gain":0,"max_hp_loss":0,"event_name":"Living Wall","floor":11,"gold_loss":0,"cards_upgraded":["Fission"]},{"damage_healed":0,"gold_gain":0,"player_choice":"Success","damage_taken":18,"relics_obtained":["Pantograph"],"max_hp_gain":0,"max_hp_loss":0,"event_name":"Scrap Ooze","floor":12,"gold_loss":0},{"damage_healed":0,"gold_gain":0,"player_choice":"Lose Max HP","damage_taken":0,"relics_obtained":["Golden Idol"],"max_hp_gain":0,"max_hp_loss":5,"event_name":"Golden Idol","floor":14,"gold_loss":0},{"damage_healed":0,"gold_gain":0,"player_choice":"Opened","damage_taken":0,"relics_obtained":["Regal Pillow"],"max_hp_gain":0,"max_hp_loss":0,"event_name":"The Mausoleum","floor":19,"gold_loss":0,"cards_obtained":["Writhe"]},{"damage_healed":0,"gold_gain":0,"cards_transformed":["Genetic Algorithm","Biased Cognition"],"player_choice":"Became Test Subject","damage_taken":0,"max_hp_gain":0,"max_hp_loss":0,"event_name":"Drug Dealer","floor":21,"gold_loss":0,"cards_obtained":["Buffer","Streamline"]},{"damage_healed":0,"gold_gain":0,"player_choice":"Ignored","damage_taken":0,"max_hp_gain":0,"max_hp_loss":0,"event_name":"Beggar","floor":27,"gold_loss":0},{"damage_healed":17,"gold_gain":0,"player_choice":"Writhe","damage_taken":0,"max_hp_gain":0,"max_hp_loss":0,"event_name":"Winding Halls","floor":36,"gold_loss":0,"cards_obtained":["Writhe"]},{"cards_removed":["Rebound"],"damage_healed":0,"gold_gain":0,"player_choice":"Removed Attack","damage_taken":0,"max_hp_gain":0,"max_hp_loss":0,"event_name":"Falling","floor":37,"gold_loss":0},{"damage_healed":0,"gold_gain":333,"player_choice":"Gave Idol","damage_taken":0,"max_hp_gain":0,"max_hp_loss":0,"event_name":"The Moai Head","floor":38,"relics_lost":["Golden Idol"],"gold_loss":0},{"damage_healed":0,"gold_gain":0,"player_choice":"Ignored","damage_taken":0,"max_hp_gain":0,"max_hp_loss":0,"event_name":"Mysterious Sphere","floor":44,"gold_loss":0}],"is_beta":false,"boss_relics":[{"not_picked":["FrozenCore","White Beast Statue"],"picked":"Snecko Eye"},{"not_picked":["Runic Pyramid","Philosopher\u0027s Stone"],"picked":"Orrery"}],"items_purged_floors":[13,47],"is_endless":false,"potions_floor_spawned":[2,16,28,31,33,46],"killed_by":"Donu and Deca","ascension_level":14}