{"gold_per_floor":[110,124,124,104,114,114,114,143,169,169,6,38,49,65,65,139,139,155,155,155,5,0,0,11,11,36,55,55,69,81,81,81,81],"floor_reached":33,"playtime":1606,"items_purged":["Writhe"],"score":497,"play_id":"6e0b65a9-6419-48cf-923c-ea288f01cb35","local_time":"20190608004635","is_ascension_mode":true,"campfire_choices":[{"data":"A Thousand Cuts","floor":6,"key":"SMITH"},{"floor":15,"key":"REST"},{"data":"A Thousand Cuts","floor":23,"key":"SMITH"},{"floor":25,"key":"REST"},{"data":"Dash","floor":28,"key":"SMITH"},{"floor":32,"key":"REST"}],"neow_cost":"NONE","seed_source_timestamp":551240778144482,"circlet_count":0,"master_deck":["AscendersBane","Defend_G","Defend_G","Defend_G","Defend_G","Defend_G","Survivor","Neutralize","A Thousand Cuts+1","Backflip","Dash","Corpse Explosion","A Thousand Cuts+1","Bite","Bite","Bite","Bite","Bite","Dash+1","Deflect","Blur"],"relics":["Ring of the Snake","Bronze Scales","Orichalcum","Oddly Smooth Stone","Singing Bowl","Philosopher\u0027s Stone","Blue Candle","PreservedInsect"],"potions_floor_usage":[8,16,18,24,29,30,33],"damage_taken":[{"damage":2,"enemies":"Jaw Worm","floor":1,"turns":7},{"damage":7,"enemies":"Small Slimes","floor":2,"turns":6},{"damage":1,"enemies":"Cultist","floor":5,"turns":5},{"damage":16,"enemies":"Lagavulin","floor":8,"turns":9},{"damage":35,"enemies":"Gremlin Nob","floor":12,"turns":6},{"damage":2,"enemies":"Looter","floor":13,"turns":4},{"damage":2,"enemies":"Blue Slaver","floor":14,"turns":5},{"damage":22,"enemies":"The Guardian","floor":16,"turns":16},{"damage":26,"enemies":"Spheric Guardian","floor":18,"turns":8},{"damage":9,"enemies":"2 Thieves","floor":22,"turns":5},{"damage":12,"enemies":"Cultist and Chosen","floor":24,"turns":6},{"damage":13,"enemies":"Centurion and Healer","floor":27,"turns":8},{"damage":16,"enemies":"Chosen and Byrds","floor":29,"turns":5},{"damage":33,"enemies":"Sentry and Sphere","floor":30,"turns":6},{"damage":86,"enemies":"Automaton","floor":33,"turns":12}],"seed_played":"-5852882525046183798","potions_obtained":[{"floor":1,"key":"Poison Potion"},{"floor":4,"key":"Ancient Potion"},{"floor":12,"key":"GamblersBrew"},{"floor":16,"key":"Weak Potion"},{"floor":24,"key":"Poison Potion"},{"floor":27,"key":"Strength Potion"},{"floor":29,"key":"Swift Potion"}],"is_trial":false,"path_per_floor":["M","M","?","?","M","R","?","E","T","?","$","E","M","M","R","B",null,"M","?","?","$","M","R","M","R","T","M","R","M","M","?","R","B"],"character_chosen":"THE_SILENT","items_purchased":["Oddly Smooth Stone","Dash"],"campfire_rested":3,"item_purchase_floors":[11,21],"current_hp_per_floor":[57,50,43,43,42,42,64,48,48,48,48,15,15,15,36,14,58,34,34,34,34,33,33,31,46,46,54,54,46,27,27,44,0],"gold":81,"neow_bonus":"ONE_RANDOM_RARE_CARD","is_prod":false,"is_daily":false,"chose_seed":false,"campfire_upgraded":3,"win_rate":0,"timestamp":1559979995,"path_taken":["M","M","?","?","?","R","?","E","T","?","$","E","M","M","R","BOSS","M","?","?","?","?","R","M","R","T","M","R","M","?","?","R","BOSS"],"build_version":"2019-01-23","purchased_purges":1,"victory":false,"max_hp_per_floor":[66,66,66,66,66,66,66,66,66,66,66,68,70,72,72,72,72,74,51,51,51,51,51,53,53,53,55,55,55,57,57,57,57],"card_choices":[{"not_picked":["Expertise","Bouncing Flask"],"picked":"Flechettes","floor":1},{"not_picked":["Dodge and Roll","Catalyst"],"picked":"Backflip","floor":2},{"not_picked":["Dodge and Roll","All Out Attack"],"picked":"Dash","floor":5},{"not_picked":["Setup","Slice"],"picked":"Corpse Explosion","floor":8},{"not_picked":["Terror","Concentrate","Masterful Stab"],"picked":"Singing Bowl","floor":12},{"not_picked":["Blade Dance","Dodge and Roll","Endless Agony"],"picked":"Singing Bowl","floor":13},{"not_picked":["Prepared","Underhanded Strike","Poisoned Stab"],"picked":"Singing Bowl","floor":14},{"not_picked":["Storm of Steel","Adrenaline"],"picked":"A Thousand Cuts","floor":16},{"not_picked":["Quick Slash","Blade Dance","Riddle With Holes"],"picked":"Singing Bowl","floor":18},{"not_picked":["Dagger Throw","Slice"],"picked":"Deflect","floor":22},{"not_picked":["Catalyst","Poisoned Stab","Crippling Poison"],"picked":"Singing Bowl","floor":24},{"not_picked":["Prepared","Flying Knee","Setup"],"picked":"Singing Bowl","floor":27},{"not_picked":["Dagger Throw","Concentrate"],"picked":"Blur","floor":29},{"not_picked":["Masterful Stab","Night Terror","Poisoned Stab"],"picked":"Singing Bowl","floor":30}],"player_experience":983040,"relics_obtained":[{"floor":8,"key":"Bronze Scales"},{"floor":9,"key":"Orichalcum"},{"floor":12,"key":"Singing Bowl"},{"floor":26,"key":"PreservedInsect"}],"event_choices":[{"cards_removed":["Strike_G"],"damage_healed":0,"gold_gain":0,"player_choice":"Card Removal","damage_taken":7,"max_hp_gain":0,"max_hp_loss":0,"event_name":"Golden Wing","floor":3,"gold_loss":0},{"damage_healed":0,"gold_gain":0,"player_choice":"Bought 1 Potion","damage_taken":0,"max_hp_gain":0,"max_hp_loss":0,"event_name":"The Woman in Blue","floor":4,"gold_loss":0},{"damage_healed":22,"gold_gain":0,"player_choice":"Banana","damage_taken":0,"max_hp_gain":0,"max_hp_loss":0,"event_name":"Big Fish","floor":7,"gold_loss":0},{"cards_removed":["Strike_G"],"damage_healed":0,"gold_gain":0,"player_choice":"Purged","damage_taken":0,"max_hp_gain":0,"max_hp_loss":0,"event_name":"Purifier","floor":10,"gold_loss":0},{"damage_healed":0,"gold_gain":0,"player_choice":"Became a vampire","damage_taken":0,"max_hp_gain":0,"max_hp_loss":23,"event_name":"Vampires","floor":19,"gold_loss":0,"cards_obtained":["Bite","Bite","Bite","Bite","Bite"]},{"damage_healed":0,"gold_gain":0,"player_choice":"Opened","damage_taken":0,"relics_obtained":["Blue Candle"],"max_hp_gain":0,"max_hp_loss":0,"event_name":"The Mausoleum","floor":20,"gold_loss":0,"cards_obtained":["Writhe"]},{"cards_removed":["Flechettes"],"damage_healed":0,"gold_gain":0,"player_choice":"Purged","damage_taken":0,"max_hp_gain":0,"max_hp_loss":0,"event_name":"Purifier","floor":31,"gold_loss":0}],"is_beta":false,"boss_relics":[{"not_picked":["Orrery","Black Star"],"picked":"Philosopher\u0027s Stone"}],"items_purged_floors":[21],"is_endless":false,"potions_floor_spawned":[1,12,13,16,24,27,29],"killed_by":"Automaton","ascension_level":17}