{"gold_per_floor":[119,129,54,68,81,81,98,133,133,133,133,146,157,157,157,252,252,242,242,43,55,67,67,96,108,108,108,8,8,24,42,42,137,137,147,163,0,0,0,34,47,60,84,84,32,48,48,11,11,11],"floor_reached":50,"playtime":4576,"items_purged":["Strike_G","Strike_G"],"score":521,"play_id":"61ad0ced-26e7-4ddc-ae38-cafaf6686b79","local_time":"20190610184604","is_ascension_mode":false,"campfire_choices":[{"data":"Neutralize","floor":6,"key":"SMITH"},{"data":"Quick Slash","floor":10,"key":"SMITH"},{"floor":15,"key":"REST"},{"data":"Forethought","floor":23,"key":"SMITH"},{"data":"Tools of the Trade","floor":27,"key":"SMITH"},{"data":"Adrenaline","floor":32,"key":"SMITH"},{"floor":44,"key":"RECALL"},{"data":"Accuracy","floor":47,"key":"SMITH"},{"data":"Reflex","floor":49,"key":"SMITH"}],"neow_cost":"NONE","seed_source_timestamp":237757199348626,"circlet_count":0,"master_deck":["Defend_G+1","Defend_G+1","Defend_G+1","Defend_G+1","Strike_G+1","Strike_G+1","Survivor+1","Neutralize+1","Forethought+1","Footwork+1","Quick Slash+1","Deflect+1","Well Laid Plans+1","Dagger Throw+1","Decay","Tools of the Trade+1","Heel Hook+1","Adrenaline+1","Underhanded Strike+1","Leg Sweep+1","Heel Hook+1","Flying Knee+1","Heel Hook+1","Underhanded Strike+1","A Thousand Cuts+1","Cloak And Dagger+1","Calculated Gamble+1","Blade Dance","Accuracy+1","Reflex+1"],"relics":["Ring of the Snake","PreservedInsect","Mercury Hourglass","Coffee Dripper","Bag of Preparation","Strawberry","Eternal Feather","Red Mask","Mark of the Bloom","Tough Bandages","Bronze Scales"],"potions_floor_usage":[5,5,7,7,7,8,16,16,21,31,41,50,50,50],"damage_taken":[{"damage":4,"enemies":"Cultist","floor":1,"turns":4},{"damage":0,"enemies":"2 Louse","floor":2,"turns":3},{"damage":10,"enemies":"Small Slimes","floor":4,"turns":3},{"damage":0,"enemies":"Exordium Wildlife","floor":5,"turns":6},{"damage":0,"enemies":"Lots of Slimes","floor":7,"turns":6},{"damage":24,"enemies":"3 Sentries","floor":8,"turns":14},{"damage":0,"enemies":"3 Louse","floor":12,"turns":2},{"damage":0,"enemies":"2 Fungi Beasts","floor":13,"turns":4},{"damage":12,"enemies":"The Guardian","floor":16,"turns":13},{"damage":2,"enemies":"2 Thieves","floor":18,"turns":4},{"damage":0,"enemies":"3 Byrds","floor":21,"turns":3},{"damage":11,"enemies":"Snake Plant","floor":22,"turns":5},{"damage":0,"enemies":"Book of Stabbing","floor":24,"turns":5},{"damage":0,"enemies":"Shelled Parasite and Fungi","floor":25,"turns":6},{"damage":0,"enemies":"Sentry and Sphere","floor":30,"turns":7},{"damage":0,"enemies":"3 Cultists","floor":31,"turns":4},{"damage":36,"enemies":"Champ","floor":33,"turns":15},{"damage":28,"enemies":"3 Darklings","floor":35,"turns":5},{"damage":17,"enemies":"3 Shapes","floor":36,"turns":5},{"damage":2,"enemies":"Nemesis","floor":40,"turns":5},{"damage":13,"enemies":"Sphere and 2 Shapes","floor":41,"turns":5},{"damage":2,"enemies":"4 Shapes","floor":42,"turns":3},{"damage":0,"enemies":"Maw","floor":46,"turns":6},{"damage":60,"enemies":"Donu and Deca","floor":50,"turns":9}],"seed_played":"1049213673427285330","potions_obtained":[{"floor":1,"key":"EntropicBrew"},{"floor":5,"key":"LiquidBronze"},{"floor":7,"key":"FearPotion"},{"floor":8,"key":"Poison Potion"},{"floor":13,"key":"LiquidBronze"},{"floor":18,"key":"Explosive Potion"},{"floor":24,"key":"Explosive Potion"},{"floor":31,"key":"Strength Potion"},{"floor":40,"key":"GamblersBrew"},{"floor":41,"key":"Dexterity Potion"},{"floor":46,"key":"GhostInAJar"}],"is_trial":false,"path_per_floor":["M","M","$","M","M","R","M","E","T","R","?","M","M","?","R","B",null,"M","?","$","M","M","R","E","M","T","R","$","?","M","M","R","B",null,"M","M","?","?","?","E","M","M","T","R","$","M","R","$","R","B"],"character_chosen":"THE_SILENT","items_purchased":["Underhanded Strike","Bag of Preparation","Blade Dance","Reflex"],"campfire_rested":1,"item_purchase_floors":[20,20,45,48],"current_hp_per_floor":[66,66,66,56,56,56,56,32,32,32,32,32,32,18,39,27,70,68,68,68,68,57,57,64,64,64,64,64,64,64,64,64,28,77,49,32,32,67,67,65,52,50,50,50,50,50,50,50,50,0],"gold":11,"neow_bonus":"RANDOM_COLORLESS","is_prod":false,"is_daily":false,"chose_seed":false,"campfire_upgraded":7,"win_rate":0,"timestamp":1560217564,"path_taken":["M","?","$","M","M","R","M","E","T","R","?","M","?","?","R","BOSS","M","?","$","M","M","R","E","M","T","R","$","?","M","?","R","BOSS","M","M","?","?","?","E","M","M","T","R","?","M","R","$","R","BOSS"],"build_version":"2019-01-23","purchased_purges":2,"victory":false,"max_hp_per_floor":[70,70,70,70,70,70,70,70,70,70,70,70,70,70,70,70,70,70,70,70,70,70,70,77,77,77,77,77,77,77,77,77,77,77,77,77,77,67,67,67,67,67,67,67,67,67,67,67,67,67],"card_choices":[{"not_picked":["Blade Dance","Noxious Fumes"],"picked":"Footwork","floor":1},{"not_picked":["Bane","Endless Agony"],"picked":"Quick Slash","floor":2},{"not_picked":["Bane","Acrobatics"],"picked":"Deflect","floor":4},{"not_picked":["Distraction","Poisoned Stab"],"picked":"Well Laid Plans","floor":5},{"not_picked":["Eviscerate","Expertise","Bane"],"picked":"SKIP","floor":7},{"not_picked":["Leg Sweep","Deadly Poison"],"picked":"Dagger Throw","floor":8},{"not_picked":["Choke","Reflex","Bane"],"picked":"SKIP","floor":12},{"not_picked":["Flechettes","Deflect","Dodge and Roll"],"picked":"SKIP","floor":13},{"not_picked":["Flechettes","Deflect","Dodge and Roll"],"picked":"SKIP","floor":13},{"not_picked":["Bullet Time","Adrenaline"],"picked":"Tools of the Trade","floor":16},{"not_picked":["Deadly Poison","Sucker Punch","Choke+1"],"picked":"SKIP","floor":18},{"not_picked":["Bouncing Flask","Blade Dance","Backflip"],"picked":"SKIP","floor":21},{"not_picked":["Well Laid Plans+1","Slice"],"picked":"Leg Sweep+1","floor":22},{"not_picked":["Underhanded Strike","Cloak And Dagger+1"],"picked":"Heel Hook+1","floor":24},{"not_picked":["Acrobatics","Dagger Throw"],"picked":"Flying Knee+1","floor":25},{"not_picked":["Reflex","Slice"],"picked":"Heel Hook","floor":30},{"not_picked":["Bane","Tools of the Trade"],"picked":"Underhanded Strike","floor":31},{"not_picked":["Unload","Grand Finale"],"picked":"A Thousand Cuts","floor":33},{"not_picked":["Flechettes+1","Underhanded Strike","Cloak And Dagger"],"picked":"SKIP","floor":35},{"not_picked":["Eviscerate","Blur","Backflip+1"],"picked":"SKIP","floor":36},{"not_picked":["Acrobatics","Setup","Sucker Punch+1"],"picked":"SKIP","floor":40},{"not_picked":["Flechettes+1","Unload"],"picked":"Cloak And Dagger+1","floor":41},{"not_picked":["Prepared","Endless Agony+1"],"picked":"Calculated Gamble+1","floor":42},{"not_picked":["Prepared","Slice"],"picked":"Accuracy","floor":46}],"player_experience":341883,"relics_obtained":[{"floor":8,"key":"PreservedInsect"},{"floor":9,"key":"Mercury Hourglass"},{"floor":24,"key":"Strawberry"},{"floor":40,"key":"Tough Bandages"},{"floor":43,"key":"Bronze Scales"}],"event_choices":[{"damage_healed":0,"gold_gain":0,"player_choice":"Cursed","damage_taken":0,"max_hp_gain":0,"max_hp_loss":0,"event_name":"Wheel of Change","floor":11,"gold_loss":0,"cards_obtained":["Decay"]},{"damage_healed":0,"gold_gain":0,"player_choice":"Entered Light","damage_taken":14,"max_hp_gain":0,"max_hp_loss":0,"event_name":"Shining Light","floor":14,"gold_loss":0,"cards_upgraded":["Defend_G","Strike_G"]},{"damage_healed":0,"gold_gain":0,"cards_transformed":["Defend_G","Strike_G"],"player_choice":"Became Test Subject","damage_taken":0,"max_hp_gain":0,"max_hp_loss":0,"event_name":"Drug Dealer","floor":19,"gold_loss":0,"cards_obtained":["Heel Hook","Adrenaline"]},{"damage_healed":0,"gold_gain":0,"player_choice":"Forge","damage_taken":0,"max_hp_gain":0,"max_hp_loss":0,"event_name":"Accursed Blacksmith","floor":29,"gold_loss":0,"cards_upgraded":["Footwork"]},{"damage_healed":0,"gold_gain":0,"player_choice":"Paid","damage_taken":0,"relics_obtained":["Red Mask"],"max_hp_gain":0,"max_hp_loss":0,"event_name":"Tomb of Lord Red Mask","floor":37,"gold_loss":163},{"damage_healed":67,"gold_gain":0,"player_choice":"Heal","damage_taken":0,"max_hp_gain":0,"max_hp_loss":10,"event_name":"The Moai Head","floor":38,"gold_loss":0},{"damage_healed":0,"gold_gain":0,"player_choice":"Upgrade","damage_taken":0,"relics_obtained":["Mark of the Bloom"],"max_hp_gain":0,"max_hp_loss":0,"event_name":"MindBloom","floor":39,"gold_loss":0,"cards_upgraded":["Defend_G","Defend_G","Defend_G","Strike_G","Survivor","Deflect","Well Laid Plans","Dagger Throw","Heel Hook","Underhanded Strike","Heel Hook","Underhanded Strike","A Thousand Cuts"]}],"is_beta":false,"boss_relics":[{"not_picked":["Runic Dome","Ring of the Serpent"],"picked":"Coffee Dripper"},{"not_picked":["Tiny House","Orrery"],"picked":"Eternal Feather"}],"items_purged_floors":[3,28],"is_endless":false,"potions_floor_spawned":[1,5,7,8,13,18,24,31,40,41,46],"killed_by":"Donu and Deca","ascension_level":0}