{"gold_per_floor":[111,111,61,61,80,111,111,137,161,161,174,191,191,191,191,289,289,307,307,75,89,29,29,60,60,85,104,134,144,144],"floor_reached":30,"playtime":1139,"items_purged":[],"score":442,"play_id":"b6ed16be-1fc5-4af2-8d6b-4af44ce49f38","local_time":"20190318194156","is_ascension_mode":true,"campfire_choices":[{"floor":7,"key":"REST"},{"floor":10,"key":"REST"},{"data":"Noxious Fumes","floor":13,"key":"SMITH"},{"data":"Footwork","floor":15,"key":"SMITH"},{"data":"Storm of Steel","floor":23,"key":"SMITH"},{"data":"Blade Dance","floor":25,"key":"SMITH"}],"neow_cost":"NONE","seed_source_timestamp":2675902899047851,"circlet_count":0,"master_deck":["AscendersBane","Defend_G+1","Defend_G+1","Defend_G","Strike_G","Strike_G","Strike_G","Survivor","Neutralize","Deadly Poison","Neutralize","Dramatic Entrance","Sucker Punch","Dagger Throw","Backflip","Footwork+1","Noxious Fumes+1","Adrenaline","Blade Dance+1","Bandage Up","Storm of Steel+1","Wraith Form v2","Slice","Finisher","Cloak And Dagger","Dodge and Roll"],"relics":["Lizard Tail","War Paint","Torii","Orichalcum","Eternal Feather","Bag of Marbles","Kunai","Lantern","PreservedInsect"],"potions_floor_usage":[6,8,21,28],"damage_taken":[{"damage":0,"enemies":"2 Louse","floor":1,"turns":3},{"damage":10,"enemies":"Jaw Worm","floor":5,"turns":5},{"damage":25,"enemies":"Lagavulin","floor":6,"turns":7},{"damage":24,"enemies":"Gremlin Nob","floor":8,"turns":4},{"damage":0,"enemies":"Cultist","floor":11,"turns":4},{"damage":1,"enemies":"2 Fungi Beasts","floor":12,"turns":3},{"damage":15,"enemies":"The Guardian","floor":16,"turns":10},{"damage":7,"enemies":"3 Byrds","floor":18,"turns":6},{"damage":6,"enemies":"2 Thieves","floor":21,"turns":4},{"damage":27,"enemies":"Slavers","floor":24,"turns":6},{"damage":18,"enemies":"3 Cultists","floor":27,"turns":6},{"damage":35,"enemies":"Book of Stabbing","floor":28,"turns":8},{"damage":15,"enemies":"Snecko","floor":29,"turns":6},{"damage":39,"enemies":"Slavers","floor":30,"turns":2}],"seed_played":"7774891469146804288","potions_obtained":[{"floor":1,"key":"EssenceOfSteel"},{"floor":5,"key":"GamblersBrew"},{"floor":12,"key":"SpeedPotion"},{"floor":18,"key":"Fire Potion"},{"floor":24,"key":"Explosive Potion"},{"floor":28,"key":"SteroidPotion"}],"is_trial":false,"path_per_floor":["M","?","?","?","M","E","R","E","T","R","M","M","R","$","R","B",null,"M","?","$","M","?","R","E","R","T","M","E","M","E"],"character_chosen":"THE_SILENT","items_purchased":["Bag of Marbles","Bandage Up"],"campfire_rested":2,"item_purchase_floors":[20,20],"current_hp_per_floor":[63,56,56,56,46,21,42,18,18,39,39,38,38,38,38,23,58,51,51,51,49,49,61,38,50,50,36,5,31,0],"gold":144,"neow_bonus":"BOSS_RELIC","is_prod":false,"is_daily":false,"chose_seed":false,"campfire_upgraded":4,"win_rate":0,"timestamp":1552952516,"path_taken":["M","?","?","?","M","E","R","E","T","R","M","?","R","$","R","BOSS","M","?","$","M","?","R","E","R","T","M","E","?","E"],"build_version":"2019-01-23","purchased_purges":0,"victory":false,"max_hp_per_floor":[70,70,70,70,70,70,70,70,70,70,70,70,70,70,70,70,70,70,70,70,70,70,70,70,70,70,70,70,70,70],"card_choices":[{"not_picked":["Acrobatics","PiercingWail"],"picked":"Deadly Poison","floor":1},{"not_picked":["Slice","PiercingWail"],"picked":"Sucker Punch","floor":5},{"not_picked":["Wraith Form v2","PiercingWail"],"picked":"Dagger Throw","floor":6},{"not_picked":["Concentrate","Calculated Gamble"],"picked":"Backflip","floor":8},{"not_picked":["Poisoned Stab","Dash"],"picked":"Footwork","floor":11},{"not_picked":["Cloak And Dagger","Reflex"],"picked":"Noxious Fumes","floor":12},{"not_picked":["Phantasmal Killer","Storm of Steel"],"picked":"Adrenaline","floor":16},{"not_picked":["Flechettes","Prepared"],"picked":"Blade Dance","floor":18},{"not_picked":["Eviscerate","Setup","Prepared"],"picked":"SKIP","floor":21},{"not_picked":["Terror","Poisoned Stab"],"picked":"Slice","floor":24},{"not_picked":["Poisoned Stab","Sucker Punch"],"picked":"Finisher","floor":27},{"not_picked":["Terror","PiercingWail"],"picked":"Cloak And Dagger","floor":28},{"not_picked":["Sucker Punch+1","Flying Knee"],"picked":"Dodge and Roll","floor":29}],"player_experience":416746,"relics_obtained":[{"floor":6,"key":"War Paint"},{"floor":8,"key":"Torii"},{"floor":9,"key":"Orichalcum"},{"floor":24,"key":"Kunai"},{"floor":26,"key":"Lantern"},{"floor":28,"key":"PreservedInsect"}],"event_choices":[{"cards_removed":["Strike_G"],"damage_healed":0,"gold_gain":0,"player_choice":"Card Removal","damage_taken":7,"max_hp_gain":0,"max_hp_loss":0,"event_name":"Golden Wing","floor":2,"gold_loss":0},{"cards_removed":["Defend_G"],"damage_healed":0,"gold_gain":0,"player_choice":"Card Removal","damage_taken":0,"max_hp_gain":0,"max_hp_loss":0,"event_name":"The Cleric","floor":3,"gold_loss":50},{"damage_healed":0,"gold_gain":0,"player_choice":"2 cards matched","damage_taken":0,"max_hp_gain":0,"max_hp_loss":0,"event_name":"Match and Keep!","floor":4,"gold_loss":0,"cards_obtained":["Neutralize","Dramatic Entrance"]},{"damage_healed":0,"gold_gain":0,"player_choice":"Ignored","damage_taken":0,"max_hp_gain":0,"max_hp_loss":0,"event_name":"Vampires","floor":19,"gold_loss":0},{"damage_healed":0,"gold_gain":0,"cards_transformed":["Defend_G","Strike_G"],"player_choice":"Transformed Cards","damage_taken":0,"max_hp_gain":0,"max_hp_loss":0,"event_name":"Designer","floor":22,"gold_loss":60,"cards_obtained":["Storm of Steel","Wraith Form v2"]}],"is_beta":false,"boss_relics":[{"not_picked":["Runic Pyramid","Runic Dome"],"picked":"Eternal Feather"}],"items_purged_floors":[],"is_endless":false,"potions_floor_spawned":[1,5,12,18,24,28],"killed_by":"Slavers","ascension_level":12}