{"gold_per_floor":[14,30,41,60,60,60,94,113,188,188,188,205,205,232,232,232],"floor_reached":16,"playtime":811,"items_purged":[],"score":148,"play_id":"973686fb-bbd3-4d50-b1c5-3962c69b0ffd","local_time":"20190603230757","is_ascension_mode":true,"campfire_choices":[{"data":"Bloodletting","floor":6,"key":"SMITH"},{"data":"Dropkick","floor":10,"key":"SMITH"},{"data":"Hemokinesis","floor":13,"key":"SMITH"},{"data":"Blood for Blood","floor":15,"key":"SMITH"}],"neow_cost":"NO_GOLD","seed_source_timestamp":702091105525111,"circlet_count":0,"master_deck":["Strike_R","Strike_R","Strike_R","Strike_R","Strike_R","Defend_R","Defend_R","Defend_R","Defend_R","Bash","Bloodletting+1","Cleave","Pummel","Blood for Blood+1","Carnage","Dropkick+1","Parasite","Hemokinesis+1","Power Through"],"relics":["Burning Blood","Letter Opener","Dodecahedron","Calipers"],"potions_floor_usage":[7,7,16],"damage_taken":[{"damage":4,"enemies":"2 Louse","floor":1,"turns":3},{"damage":13,"enemies":"Jaw Worm","floor":2,"turns":4},{"damage":0,"enemies":"Small Slimes","floor":3,"turns":3},{"damage":10,"enemies":"2 Fungi Beasts","floor":4,"turns":3},{"damage":26,"enemies":"Lagavulin","floor":7,"turns":5},{"damage":16,"enemies":"Blue Slaver","floor":8,"turns":3},{"damage":6,"enemies":"Looter","floor":12,"turns":2},{"damage":33,"enemies":"3 Sentries","floor":14,"turns":4},{"damage":70,"enemies":"Hexaghost","floor":16,"turns":9}],"seed_played":"1706870551760852664","potions_obtained":[{"floor":1,"key":"Regen Potion"},{"floor":4,"key":"AttackPotion"},{"floor":14,"key":"EssenceOfSteel"}],"is_trial":false,"path_per_floor":["M","M","M","M","?","R","E","M","T","R","?","M","R","E","R","B"],"character_chosen":"IRONCLAD","items_purchased":[],"campfire_rested":0,"item_purchase_floors":[],"current_hp_per_floor":[96,89,95,91,91,91,83,73,73,73,96,96,96,69,69,0],"gold":232,"neow_bonus":"TWENTY_PERCENT_HP_BONUS","is_prod":false,"is_daily":false,"chose_seed":false,"campfire_upgraded":4,"win_rate":0,"timestamp":1559628477,"path_taken":["M","M","M","M","?","R","E","M","T","R","?","M","R","E","R","BOSS"],"build_version":"2019-01-23","purchased_purges":0,"victory":false,"max_hp_per_floor":[96,96,96,96,96,96,96,96,96,96,96,96,96,96,96,96],"card_choices":[{"not_picked":["Entrench","Warcry"],"picked":"Bloodletting","floor":1},{"not_picked":["Perfected Strike","Havoc"],"picked":"Cleave","floor":2},{"not_picked":["Feel No Pain","Perfected Strike"],"picked":"Pummel","floor":3},{"not_picked":["Wild Strike","Pummel"],"picked":"Blood for Blood","floor":4},{"not_picked":["Iron Wave","Twin Strike"],"picked":"Carnage","floor":7},{"not_picked":["Pommel Strike","Sword Boomerang"],"picked":"Dropkick","floor":8},{"not_picked":["Anger","Headbutt"],"picked":"Hemokinesis","floor":12},{"not_picked":["Sword Boomerang","Armaments"],"picked":"Power Through","floor":14}],"player_experience":294469,"relics_obtained":[{"floor":7,"key":"Letter Opener"},{"floor":9,"key":"Dodecahedron"},{"floor":14,"key":"Calipers"}],"event_choices":[{"damage_healed":0,"gold_gain":0,"player_choice":"Ignored","damage_taken":0,"max_hp_gain":0,"max_hp_loss":0,"event_name":"Liars Game","floor":5,"gold_loss":0},{"damage_healed":24,"gold_gain":0,"player_choice":"Healed and dodged fight","damage_taken":0,"max_hp_gain":0,"max_hp_loss":0,"event_name":"Mushrooms","floor":11,"gold_loss":0,"cards_obtained":["Parasite"]}],"is_beta":false,"boss_relics":[],"items_purged_floors":[],"is_endless":false,"potions_floor_spawned":[1,4,14],"killed_by":"Hexaghost","ascension_level":2}