{"gold_per_floor":[112,112,112,122,136,166,166,6,6,6,34,53,53,31,31,102,102,120,134,154,168,83,83,133,133,133,133,40,55,55,26,26,100,100,119,32,32,307,317,317,331,331,358,358,23,33,44,59,59,59],"floor_reached":51,"playtime":3124,"items_purged":["Strike_G","Strike_G","Strike_G","Regret"],"score":1175,"play_id":"248731fe-f877-4382-a860-11afdd185532","local_time":"20190524212238","is_ascension_mode":true,"campfire_choices":[{"data":"Footwork","floor":7,"key":"SMITH"},{"floor":13,"key":"REST"},{"data":"Backflip","floor":15,"key":"SMITH"},{"floor":23,"key":"REST"},{"data":"Infinite Blades","floor":25,"key":"SMITH"},{"data":"A Thousand Cuts","floor":27,"key":"SMITH"},{"floor":32,"key":"REST"},{"data":"Adrenaline","floor":40,"key":"SMITH"},{"data":"Infinite Blades","floor":42,"key":"SMITH"},{"floor":44,"key":"DIG"},{"floor":49,"key":"REST"}],"neow_cost":"NONE","seed_source_timestamp":617206996533192,"circlet_count":0,"master_deck":["AscendersBane","Defend_G","Defend_G","Defend_G","Defend_G","Defend_G","Strike_G","Strike_G","Survivor","Neutralize","Dash","Poisoned Stab","Footwork+1","Backflip+1","Backstab","Terror","Adrenaline+1","A Thousand Cuts+1","Infinite Blades+1","Caltrops","Blur","Infinite Blades+1","Backflip","Bullet Time","Well Laid Plans","Prepared"],"relics":["Ring of the Snake","NeowsBlessing","Shovel","Turnip","Dead Branch","Vajra","Tiny Chest","Busted Crown","Smiling Mask","Art of War","MutagenicStrength","WristBlade","Regal Pillow","Mercury Hourglass","Frozen Egg 2"],"potions_floor_usage":[6,6,11,16,16,21,33,50,50],"damage_taken":[{"damage":0,"enemies":"2 Louse","floor":1,"turns":1},{"damage":0,"enemies":"Jaw Worm","floor":4,"turns":1},{"damage":0,"enemies":"Cultist","floor":5,"turns":1},{"damage":16,"enemies":"3 Sentries","floor":6,"turns":11},{"damage":21,"enemies":"Gremlin Nob","floor":11,"turns":5},{"damage":1,"enemies":"3 Louse","floor":12,"turns":3},{"damage":5,"enemies":"The Guardian","floor":16,"turns":11},{"damage":9,"enemies":"2 Thieves","floor":18,"turns":4},{"damage":2,"enemies":"3 Byrds","floor":19,"turns":5},{"damage":21,"enemies":"Cultist and Chosen","floor":20,"turns":8},{"damage":9,"enemies":"Snake Plant","floor":21,"turns":3},{"damage":3,"enemies":"Centurion and Healer","floor":29,"turns":6},{"damage":12,"enemies":"Champ","floor":33,"turns":9},{"damage":3,"enemies":"3 Darklings","floor":35,"turns":4},{"damage":8,"enemies":"3 Shapes","floor":39,"turns":4},{"damage":9,"enemies":"Transient","floor":41,"turns":6},{"damage":2,"enemies":"Writhing Mass","floor":46,"turns":4},{"damage":5,"enemies":"3 Darklings","floor":47,"turns":4},{"damage":0,"enemies":"Sphere and 2 Shapes","floor":48,"turns":3},{"damage":21,"enemies":"Time Eater","floor":50,"turns":14}],"seed_played":"-307886582977390725","potions_obtained":[{"floor":1,"key":"EntropicBrew"},{"floor":11,"key":"Strength Potion"},{"floor":12,"key":"AttackPotion"},{"floor":20,"key":"FearPotion"},{"floor":21,"key":"GhostInAJar"},{"floor":29,"key":"Dexterity Potion"},{"floor":35,"key":"Energy Potion"},{"floor":47,"key":"Dexterity Potion"}],"is_trial":false,"path_per_floor":["M","?","?","M","M","E","R","$","T","$","E","M","R","?","R","B",null,"M","M","M","M","?","R","?","R","T","R","$","M","?","$","R","B",null,"M","$","?","?","M","R","M","R","T","R","$","M","M","M","R","B",null],"character_chosen":"THE_SILENT","items_purchased":["Backstab","Blur","Backflip","Well Laid Plans","Frozen Egg 2"],"campfire_rested":4,"item_purchase_floors":[8,28,31,36,45],"current_hp_per_floor":[59,54,59,59,59,43,43,43,43,43,22,21,42,42,42,37,63,54,52,31,22,22,43,43,43,43,43,43,40,40,40,61,49,66,63,63,63,63,55,55,46,46,46,46,46,44,39,39,67,46],"gold":59,"neow_bonus":"THREE_ENEMY_KILL","is_prod":false,"is_daily":false,"chose_seed":false,"campfire_upgraded":6,"win_rate":0,"timestamp":1558747358,"path_taken":["M","?","?","M","M","E","R","$","T","?","E","M","R","?","R","BOSS","M","?","M","M","?","R","?","R","T","R","?","?","?","$","R","BOSS","M","$","?","?","M","R","M","R","T","R","$","M","?","?","R","BOSS"],"build_version":"2019-01-23","purchased_purges":4,"victory":true,"max_hp_per_floor":[66,66,71,71,71,71,71,71,71,71,71,71,71,71,71,71,71,71,71,71,71,71,71,71,71,71,71,71,71,71,71,71,71,71,71,71,67,67,67,67,67,67,67,67,67,67,67,67,67,67],"card_choices":[{"not_picked":["Masterful Stab","Sucker Punch"],"picked":"Dash","floor":1},{"not_picked":["Riddle With Holes","Cloak And Dagger"],"picked":"Poisoned Stab","floor":4},{"not_picked":["PiercingWail","Masterful Stab"],"picked":"Footwork","floor":5},{"not_picked":["Slice","Flying Knee"],"picked":"Backflip","floor":6},{"not_picked":["Choke","Prepared"],"picked":"Terror","floor":11},{"not_picked":["Acrobatics","Dagger Spray"],"picked":"Adrenaline","floor":12},{"not_picked":["Phantasmal Killer","Adrenaline"],"picked":"A Thousand Cuts","floor":16},{"not_picked":["Bane"],"picked":"SKIP","floor":18},{"not_picked":["PiercingWail"],"picked":"SKIP","floor":19},{"not_picked":[],"picked":"Infinite Blades","floor":20},{"not_picked":[],"picked":"Caltrops","floor":21},{"not_picked":[],"picked":"Infinite Blades","floor":29},{"not_picked":[],"picked":"Bullet Time","floor":33},{"not_picked":["Blade Dance"],"picked":"SKIP","floor":35},{"not_picked":[],"picked":"Prepared","floor":39},{"not_picked":["Predator"],"picked":"SKIP","floor":41},{"not_picked":["Dagger Spray"],"picked":"SKIP","floor":46},{"not_picked":["Slice+1"],"picked":"SKIP","floor":47},{"not_picked":["Acrobatics+1"],"picked":"SKIP","floor":48}],"player_experience":758212,"relics_obtained":[{"floor":6,"key":"Turnip"},{"floor":9,"key":"Dead Branch"},{"floor":11,"key":"Vajra"},{"floor":26,"key":"Art of War"},{"floor":43,"key":"Regal Pillow"},{"floor":44,"key":"Mercury Hourglass"}],"event_choices":[{"damage_healed":0,"gold_gain":0,"player_choice":"Success","damage_taken":5,"relics_obtained":["Shovel"],"max_hp_gain":0,"max_hp_loss":0,"event_name":"Scrap Ooze","floor":2,"gold_loss":0},{"damage_healed":0,"gold_gain":0,"player_choice":"Donut","damage_taken":0,"max_hp_gain":5,"max_hp_loss":0,"event_name":"Big Fish","floor":3,"gold_loss":0},{"damage_healed":0,"gold_gain":0,"player_choice":"Paid Gold","damage_taken":0,"relics_obtained":["Tiny Chest"],"max_hp_gain":0,"max_hp_loss":0,"event_name":"WeMeetAgain","floor":14,"gold_loss":52},{"damage_healed":0,"gold_gain":0,"player_choice":"Obtained Relic","damage_taken":0,"relics_obtained":["Smiling Mask"],"max_hp_gain":0,"max_hp_loss":0,"event_name":"Addict","floor":22,"gold_loss":85},{"damage_healed":0,"gold_gain":50,"player_choice":"Stole From Cult","damage_taken":0,"max_hp_gain":0,"max_hp_loss":0,"event_name":"Nest","floor":24,"gold_loss":0},{"damage_healed":0,"gold_gain":0,"player_choice":"Inject Mutagens","damage_taken":0,"relics_obtained":["MutagenicStrength"],"max_hp_gain":0,"max_hp_loss":0,"event_name":"Drug Dealer","floor":30,"gold_loss":0},{"damage_healed":0,"gold_gain":0,"player_choice":"Max HP","damage_taken":0,"max_hp_gain":0,"max_hp_loss":4,"event_name":"Winding Halls","floor":37,"gold_loss":0},{"damage_healed":0,"gold_gain":275,"player_choice":"Desecrate","damage_taken":0,"max_hp_gain":0,"max_hp_loss":0,"event_name":"Golden Shrine","floor":38,"gold_loss":0,"cards_obtained":["Regret"]}],"is_beta":false,"boss_relics":[{"not_picked":["Calling Bell","Fusion Hammer"],"picked":"Busted Crown"},{"not_picked":["Ring of the Serpent","Eternal Feather"],"picked":"WristBlade"}],"items_purged_floors":[8,28,36,45],"is_endless":false,"potions_floor_spawned":[1,11,12,20,21,29,35,46,47],"ascension_level":18}