{"gold_per_floor":[113,38,38,54,9,9,42,61,84,96,140,169,210,222,234,246],"floor_reached":16,"playtime":642,"items_purged":["Shame"],"score":195,"play_id":"eb347562-cf3d-409a-8bc0-c8eb9e6eafc7","local_time":"20190316143650","is_ascension_mode":true,"campfire_choices":[{"data":"Armaments","floor":6,"key":"SMITH"},{"floor":10,"key":"REST"},{"floor":15,"key":"REST"}],"neow_cost":"CURSE","seed_source_timestamp":2485291202884493,"circlet_count":0,"master_deck":["AscendersBane","Strike_R","Strike_R","Strike_R","Strike_R","Defend_R","Defend_R","Defend_R","Defend_R","Bash","Cleave","Armaments+1","Inflame","Clothesline","True Grit","Double Tap+1"],"relics":["Burning Blood","Unceasing Top","Orichalcum","MawBank","Frozen Egg 2","Self Forming Clay"],"potions_floor_usage":[11,13,16],"damage_taken":[{"damage":5,"enemies":"Small Slimes","floor":1,"turns":4},{"damage":3,"enemies":"Jaw Worm","floor":4,"turns":4},{"damage":37,"enemies":"3 Sentries","floor":7,"turns":10},{"damage":2,"enemies":"2 Louse","floor":8,"turns":3},{"damage":23,"enemies":"Lagavulin","floor":11,"turns":6},{"damage":22,"enemies":"Large Slime","floor":12,"turns":8},{"damage":23,"enemies":"Gremlin Nob","floor":13,"turns":6},{"damage":45,"enemies":"Slime Boss","floor":16,"turns":10}],"seed_played":"2218135430841402203","potions_obtained":[{"floor":8,"key":"Poison Potion"},{"floor":12,"key":"SkillPotion"},{"floor":13,"key":"Weak Potion"}],"is_trial":false,"path_per_floor":["M","$","?","M","$","R","E","M","T","R","E","M","E","?","R","B"],"character_chosen":"IRONCLAD","items_purchased":["Armaments"],"campfire_rested":2,"item_purchase_floors":[5],"current_hp_per_floor":[73,73,66,69,69,69,38,42,42,66,49,33,16,16,40,0],"gold":246,"neow_bonus":"ONE_RARE_RELIC","is_prod":false,"is_daily":false,"chose_seed":false,"campfire_upgraded":1,"win_rate":0,"timestamp":1552761410,"path_taken":["M","$","?","M","$","R","E","M","T","R","E","M","E","?","R","BOSS"],"build_version":"2019-01-23","purchased_purges":1,"victory":false,"max_hp_per_floor":[80,80,80,80,80,80,80,80,80,80,80,80,80,80,80,80],"card_choices":[{"not_picked":["Carnage","Dual Wield"],"picked":"Cleave","floor":1},{"not_picked":["Hemokinesis","Havoc","Sword Boomerang"],"picked":"SKIP","floor":4},{"not_picked":["Hemokinesis","Impervious"],"picked":"Inflame","floor":7},{"not_picked":["Havoc","Wild Strike"],"picked":"Clothesline","floor":8},{"not_picked":["Searing Blow","Blood for Blood"],"picked":"True Grit","floor":11},{"not_picked":["Headbutt","True Grit","Pummel"],"picked":"SKIP","floor":12},{"not_picked":["Battle Trance","Pommel Strike"],"picked":"Double Tap","floor":13}],"player_experience":400671,"relics_obtained":[{"floor":7,"key":"Orichalcum"},{"floor":9,"key":"MawBank"},{"floor":11,"key":"Frozen Egg 2"},{"floor":13,"key":"Self Forming Clay"}],"event_choices":[{"cards_removed":["Strike_R"],"damage_healed":0,"gold_gain":0,"player_choice":"Card Removal","damage_taken":7,"max_hp_gain":0,"max_hp_loss":0,"event_name":"Golden Wing","floor":3,"gold_loss":0},{"damage_healed":0,"gold_gain":0,"player_choice":"Grow","damage_taken":0,"max_hp_gain":0,"max_hp_loss":0,"event_name":"Living Wall","floor":14,"gold_loss":0,"cards_upgraded":["Double Tap"]}],"is_beta":false,"boss_relics":[],"items_purged_floors":[2],"is_endless":false,"potions_floor_spawned":[8,12,13],"killed_by":"Slime Boss","ascension_level":13}