{"gold_per_floor":[114,114,134,8,21,47,57,57,133,168,180,236,236,266,266,364,364,374,402,187,97,107,135,153,168,168,168,182,216,232,38,38,141,141,153,153,153,103,114,144,144,144,169,184,184,64,64,80,80,80],"floor_reached":51,"playtime":2716,"items_purged":["Regret","Expertise","Dagger Throw","Calculated Gamble","Doubt"],"score":1228,"play_id":"4067cf9a-ac95-42b2-b14e-3b4d6a551258","local_time":"20190317185748","is_ascension_mode":true,"campfire_choices":[{"data":"Leg Sweep","floor":8,"key":"SMITH"},{"data":"Backstab","floor":13,"key":"SMITH"},{"floor":15,"key":"REST"},{"floor":27,"key":"REST"},{"floor":32,"key":"REST"},{"floor":41,"key":"REST"},{"data":"Accuracy","floor":49,"key":"SMITH"}],"neow_cost":"NONE","seed_source_timestamp":2585268149134179,"circlet_count":0,"master_deck":["AscendersBane","Survivor","Neutralize+1","Backflip","Blade Dance","Blade Dance","Backstab+1","Leg Sweep+1","Dash","Noxious Fumes","Tools of the Trade","PiercingWail","Noxious Fumes","Acrobatics","Distraction","Poisoned Stab","Deadly Poison","Glass Knife","Blur","Blade Dance","Footwork","Blur","Dodge and Roll","Deflect+1","Cloak And Dagger+1","Bane+1","Poisoned Stab","Well Laid Plans","Adrenaline","Calculated Gamble+1","Blur","Terror","Endless Agony+1","Accuracy+1","Heel Hook+1","Choke","Acrobatics"],"relics":["WristBlade","Ice Cream","Bag of Marbles","Mercury Hourglass","Happy Flower","Mummified Hand","Pandora\u0027s Box","Red Mask","The Specimen","Darkstone Periapt","Smiling Mask","Orrery","Snake Skull","FaceOfCleric","Oddly Smooth Stone"],"potions_floor_usage":[6,10,16,16,33,33,40,50,50],"damage_taken":[{"damage":6,"enemies":"Cultist","floor":1,"turns":5},{"damage":0,"enemies":"2 Louse","floor":3,"turns":4},{"damage":0,"enemies":"Small Slimes","floor":5,"turns":4},{"damage":7,"enemies":"3 Sentries","floor":6,"turns":9},{"damage":0,"enemies":"2 Fungi Beasts","floor":7,"turns":1},{"damage":8,"enemies":"Lagavulin","floor":10,"turns":4},{"damage":1,"enemies":"Looter","floor":11,"turns":3},{"damage":11,"enemies":"Gremlin Nob","floor":14,"turns":3},{"damage":0,"enemies":"Slime Boss","floor":16,"turns":5},{"damage":0,"enemies":"Shell Parasite","floor":18,"turns":1},{"damage":14,"enemies":"Masked Bandits","floor":19,"turns":4},{"damage":2,"enemies":"Spheric Guardian","floor":22,"turns":4},{"damage":28,"enemies":"Book of Stabbing","floor":23,"turns":6},{"damage":0,"enemies":"3 Cultists","floor":24,"turns":4},{"damage":9,"enemies":"Snake Plant","floor":25,"turns":3},{"damage":10,"enemies":"Sentry and Sphere","floor":28,"turns":4},{"damage":0,"enemies":"Gremlin Leader","floor":29,"turns":5},{"damage":0,"enemies":"Centurion and Healer","floor":30,"turns":5},{"damage":21,"enemies":"Automaton","floor":33,"turns":9},{"damage":3,"enemies":"3 Darklings","floor":35,"turns":5},{"damage":0,"enemies":"3 Shapes","floor":39,"turns":4},{"damage":26,"enemies":"Giant Head","floor":40,"turns":8},{"damage":48,"enemies":"Transient","floor":44,"turns":5},{"damage":1,"enemies":"Spire Growth","floor":48,"turns":4},{"damage":67,"enemies":"Time Eater","floor":50,"turns":12}],"seed_played":"8238485328669108762","potions_obtained":[{"floor":3,"key":"SpeedPotion"},{"floor":5,"key":"Dexterity Potion"},{"floor":7,"key":"AttackPotion"},{"floor":11,"key":"SkillPotion"},{"floor":18,"key":"Weak Potion"},{"floor":24,"key":"Dexterity Potion"},{"floor":33,"key":"SkillPotion"},{"floor":44,"key":"Swift Potion"},{"floor":48,"key":"EssenceOfSteel"}],"is_trial":false,"path_per_floor":["M","?","M","$","M","E","M","R","T","E","M","?","R","E","R","B",null,"M","?","$","?","M","E","M","M","T","R","M","E","M","$","R","B",null,"M","?","?","$","M","E","R","?","T","M","?","$","?","M","R","B",null],"character_chosen":"THE_SILENT","items_purchased":["Blade Dance","Footwork","Blur","Adrenaline","Choke"],"campfire_rested":4,"item_purchase_floors":[4,20,20,31,46],"current_hp_per_floor":[57,57,57,57,57,50,50,50,50,42,41,41,41,30,51,51,65,65,51,51,51,49,21,21,12,12,33,23,23,23,23,44,23,58,55,55,55,55,55,29,50,50,50,3,77,77,77,77,77,11],"gold":80,"neow_bonus":"BOSS_RELIC","is_prod":false,"is_daily":false,"chose_seed":false,"campfire_upgraded":3,"win_rate":0,"timestamp":1552863468,"path_taken":["M","?","M","$","M","E","M","R","T","E","M","?","R","E","R","BOSS","M","?","$","?","M","E","M","?","T","R","M","E","M","$","R","BOSS","M","?","?","$","M","E","R","?","T","?","?","$","?","M","R","BOSS"],"build_version":"2019-01-23","purchased_purges":5,"victory":true,"max_hp_per_floor":[70,70,70,70,70,70,70,70,70,70,70,70,70,70,70,70,70,70,70,70,70,70,70,70,70,70,70,70,70,70,70,70,70,70,70,70,70,70,70,70,70,70,70,71,77,77,77,78,78,79],"card_choices":[{"not_picked":["Outmaneuver","Prepared"],"picked":"Calculated Gamble","floor":1},{"not_picked":["Crippling Poison","Prepared"],"picked":"Backflip","floor":3},{"not_picked":["Prepared","Dagger Throw"],"picked":"Blade Dance","floor":5},{"not_picked":["Adrenaline","Glass Knife"],"picked":"Backstab","floor":6},{"not_picked":["Well Laid Plans","Bane"],"picked":"Leg Sweep","floor":7},{"not_picked":["Eviscerate","Reflex","Dagger Throw"],"picked":"SKIP","floor":10},{"not_picked":["Quick Slash","Deflect"],"picked":"Dash","floor":11},{"not_picked":["Blade Dance","Dagger Spray"],"picked":"Noxious Fumes","floor":14},{"not_picked":["Die Die Die","Adrenaline"],"picked":"Tools of the Trade","floor":16},{"not_picked":["Dagger Throw","Eviscerate"],"picked":"Blur","floor":18},{"not_picked":["Bane+1","Poisoned Stab"],"picked":"Blade Dance","floor":19},{"not_picked":["Poisoned Stab","Noxious Fumes"],"picked":"Dodge and Roll","floor":22},{"not_picked":["Sucker Punch+1","Bane+1"],"picked":"Deflect+1","floor":23},{"not_picked":["PiercingWail","Heel Hook"],"picked":"Cloak And Dagger+1","floor":24},{"not_picked":["PiercingWail","Distraction"],"picked":"Heel Hook","floor":25},{"not_picked":["Tactician","Dagger Throw+1"],"picked":"Bane+1","floor":28},{"not_picked":["Quick Slash","Heel Hook"],"picked":"Poisoned Stab","floor":29},{"not_picked":["Bane","Deadly Poison"],"picked":"Well Laid Plans","floor":30},{"not_picked":["Deflect","Skewer+1"],"picked":"Slice","floor":34},{"not_picked":["Outmaneuver+1","Eviscerate"],"picked":"Calculated Gamble+1","floor":34},{"not_picked":["Backflip","Outmaneuver"],"picked":"Blur","floor":34},{"not_picked":["Underhanded Strike","Cloak And Dagger"],"picked":"Terror","floor":34},{"not_picked":["Cloak And Dagger","Distraction"],"picked":"Endless Agony+1","floor":34},{"not_picked":["Slice","Bane","Deflect"],"picked":"SKIP","floor":35},{"not_picked":["Poisoned Stab","All Out Attack"],"picked":"Accuracy","floor":39},{"not_picked":["Flechettes","Dodge and Roll"],"picked":"Heel Hook+1","floor":40},{"not_picked":["Sucker Punch","Poisoned Stab+1","Underhanded Strike"],"picked":"SKIP","floor":44},{"not_picked":["Poisoned Stab+1","Setup","Expertise"],"picked":"SKIP","floor":48}],"player_experience":406369,"relics_obtained":[{"floor":6,"key":"Bag of Marbles"},{"floor":9,"key":"Mercury Hourglass"},{"floor":10,"key":"Happy Flower"},{"floor":14,"key":"Mummified Hand"},{"floor":19,"key":"Red Mask"},{"floor":23,"key":"The Specimen"},{"floor":26,"key":"Darkstone Periapt"},{"floor":29,"key":"Smiling Mask"},{"floor":40,"key":"Snake Skull"},{"floor":43,"key":"Oddly Smooth Stone"}],"event_choices":[{"damage_healed":0,"gold_gain":0,"player_choice":"Box","damage_taken":0,"relics_obtained":["Ice Cream"],"max_hp_gain":0,"max_hp_loss":0,"event_name":"Big Fish","floor":2,"gold_loss":0,"cards_obtained":["Regret"]},{"damage_healed":0,"gold_gain":56,"player_choice":"Gained Gold","damage_taken":0,"max_hp_gain":0,"max_hp_loss":0,"event_name":"Golden Wing","floor":12,"gold_loss":0},{"damage_healed":0,"gold_gain":0,"player_choice":"Fought Bandits","damage_taken":0,"max_hp_gain":0,"max_hp_loss":0,"event_name":"Masked Bandits","floor":19,"gold_loss":0},{"cards_removed":["Bouncing Flask"],"damage_healed":0,"gold_gain":0,"player_choice":"Upgrade and Remove","damage_taken":0,"max_hp_gain":0,"max_hp_loss":0,"event_name":"Designer","floor":21,"gold_loss":90,"cards_upgraded":["Neutralize"]},{"damage_healed":0,"gold_gain":0,"player_choice":"Memory 1","damage_taken":0,"max_hp_gain":0,"max_hp_loss":0,"event_name":"SensoryStone","floor":36,"gold_loss":0},{"cards_removed":["Heel Hook"],"damage_healed":0,"gold_gain":0,"player_choice":"Removed Attack","damage_taken":0,"max_hp_gain":0,"max_hp_loss":0,"event_name":"Falling","floor":37,"gold_loss":0},{"damage_healed":0,"gold_gain":0,"player_choice":"Trade","damage_taken":0,"relics_obtained":["FaceOfCleric"],"max_hp_gain":0,"max_hp_loss":0,"event_name":"FaceTrader","floor":42,"gold_loss":0},{"damage_healed":68,"gold_gain":0,"player_choice":"Heal","damage_taken":0,"max_hp_gain":0,"max_hp_loss":0,"event_name":"MindBloom","floor":45,"gold_loss":0,"cards_obtained":["Doubt"]},{"damage_healed":0,"gold_gain":0,"cards_transformed":["Slice"],"player_choice":"Transformed","damage_taken":0,"max_hp_gain":0,"max_hp_loss":0,"event_name":"Transmorgrifier","floor":47,"gold_loss":0,"cards_obtained":["Acrobatics"]}],"is_beta":false,"boss_relics":[{"not_picked":["Snecko Eye","Velvet Choker"],"picked":"Pandora\u0027s Box"},{"not_picked":["White Beast Statue","Runic Dome"],"picked":"Orrery"}],"items_purged_floors":[4,20,31,38,46],"is_endless":false,"potions_floor_spawned":[3,5,7,11,18,24,28,33,44,48],"ascension_level":11}