{"gold_per_floor":[109,109,109,59,8,36,36,62,62,90,90,106,76,87,87,186,186,205,205,130,140,151,151,151,151,151,56,66,82,92,105,105,207,207,217,217,45,62,162,162,162,162,162,179,179,179,198,217,217,217],"floor_reached":51,"playtime":3620,"items_purged":["Skim","Conserve Battery"],"score":781,"play_id":"c7b4df64-cb3c-4dea-81bc-b4b0f614ab76","local_time":"20190211172311","is_ascension_mode":true,"campfire_choices":[{"floor":7,"key":"REST"},{"floor":11,"key":"REST"},{"data":"Biased Cognition","floor":15,"key":"SMITH"},{"data":"Hologram","floor":23,"key":"SMITH"},{"floor":25,"key":"REST"},{"floor":32,"key":"REST"},{"data":"Storm","floor":40,"key":"SMITH"},{"data":"Panacea","floor":42,"key":"SMITH"},{"data":"Creative AI","floor":46,"key":"SMITH"},{"data":"Seek","floor":49,"key":"SMITH"}],"neow_cost":"TEN_PERCENT_HP_LOSS","seed_source_timestamp":0,"circlet_count":0,"master_deck":["Zap+1","Dualcast","Hologram+1","Conserve Battery","Biased Cognition+1","Gash","Hologram+1","Creative AI+1","Reinforced Body","Loop","Darkness","Ball Lightning","Skim","Storm+1","FTL","BootSequence","Conserve Battery","Melter","Gash","Gash","Stack+1","Cold Snap","Seek+1","Go for the Eyes","Thunder Strike","Conserve Battery+1","Glacier","Panacea+1","Coolheaded","Conserve Battery+1"],"special_seed":0,"relics":["Cracked Core","Turnip","StoneCalendar","Potion Belt","Meat on the Bone","Bottled Tornado","Pandora\u0027s Box","Mummified Hand","Sozu","Gambling Chip","Cables"],"potions_floor_usage":[18,29,38,44,50,50,50],"damage_taken":[{"damage":12.0,"enemies":"Jaw Worm","floor":1.0,"turns":3.0},{"damage":19.0,"enemies":"3 Sentries","floor":6.0,"turns":9.0},{"damage":18,"enemies":"Gremlin Nob","floor":10,"turns":3},{"damage":0,"enemies":"2 Louse","floor":12,"turns":1},{"damage":6,"enemies":"Small Slimes","floor":14,"turns":2},{"damage":28,"enemies":"The Guardian","floor":16,"turns":12},{"damage":17,"enemies":"3 Byrds","floor":18,"turns":3},{"damage":20,"enemies":"Spheric Guardian","floor":21,"turns":5},{"damage":12,"enemies":"Chosen and Byrds","floor":22,"turns":4},{"damage":9,"enemies":"Snake Plant","floor":28,"turns":3},{"damage":12,"enemies":"Centurion and Healer","floor":29,"turns":4},{"damage":11,"enemies":"3 Cultists","floor":30,"turns":3},{"damage":12,"enemies":"Snake Plant","floor":31,"turns":4},{"damage":17,"enemies":"Automaton","floor":33,"turns":10},{"damage":8,"enemies":"Orb Walker","floor":35,"turns":3},{"damage":12,"enemies":"3 Darklings","floor":38,"turns":3},{"damage":0,"enemies":"Mind Bloom Boss Battle","floor":39,"turns":7},{"damage":27,"enemies":"4 Shapes","floor":44,"turns":5},{"damage":1,"enemies":"Jaw Worm Horde","floor":47,"turns":5},{"damage":6,"enemies":"3 Darklings","floor":48,"turns":4},{"damage":28,"enemies":"Time Eater","floor":50,"turns":10}],"seed_played":"3805258344788771240","potions_obtained":[{"floor":10,"key":"Poison Potion"},{"floor":14,"key":"SkillPotion"},{"floor":18,"key":"Poison Potion"},{"floor":28,"key":"Ancient Potion"},{"floor":30,"key":"Swift Potion"},{"floor":31,"key":"Fire Potion"},{"floor":33,"key":"AttackPotion"}],"is_trial":false,"path_per_floor":["M","?","?","?","$","E","R","T","T","E","R","M","?","M","R","B",null,"M","?","$","M","M","R","?","R","T","$","M","M","M","M","R","B",null,"M","?","$","M","?","R","?","R","T","M","?","R","M","M","R","B",null],"character_chosen":"DEFECT","items_purchased":["Conserve Battery","Conserve Battery","Melter","Thunder Strike"],"campfire_rested":4,"item_purchase_floors":[5,27,27,37],"current_hp_per_floor":[56,56,42,42,42,23,43,43,43,37,57,57,57,51,51,35,60,43,43,43,35,35,35,35,55,55,55,46,46,35,35,55,38,61,53,53,53,41,41,41,41,41,41,26,59,59,58,52,52,36],"gold":217,"neow_bonus":"ONE_RARE_RELIC","is_prod":false,"is_daily":false,"chose_seed":false,"campfire_upgraded":6,"win_rate":0,"timestamp":1549923791,"path_taken":["M","?","?","?","$","E","R","?","T","E","R","M","?","M","R","BOSS","M","?","$","M","M","R","?","R","T","?","M","?","M","M","R","BOSS","M","?","$","?","?","R","?","R","T","M","?","R","M","M","R","BOSS"],"build_version":"2019-01-23","purchased_purges":2,"victory":true,"max_hp_per_floor":[68,68,68,68,68,68,68,68,68,68,68,68,68,68,68,68,68,68,68,68,68,68,68,68,68,68,68,68,68,68,68,68,68,68,68,68,68,68,68,68,68,68,68,68,59,59,59,59,59,59],"card_choices":[{"not_picked":["Skim","Fusion"],"picked":"Hologram","floor":1.0},{"not_picked":["Ball Lightning","Consume"],"picked":"Biased Cognition","floor":6},{"not_picked":["Static Discharge","Streamline"],"picked":"Gash","floor":10},{"not_picked":["Blizzard","Steam"],"picked":"Hologram","floor":12},{"not_picked":["Chill","Heatsinks"],"picked":"Conserve Battery","floor":14},{"not_picked":["Seek","All For One"],"picked":"Creative AI","floor":16},{"not_picked":["Conserve Battery","Compile Driver"],"picked":"Storm","floor":18},{"not_picked":["Streamline+1","Turbo"],"picked":"FTL","floor":21},{"not_picked":["Sunder","Genetic Algorithm"],"picked":"BootSequence","floor":22},{"not_picked":["Recycle","Streamline"],"picked":"Gash","floor":28},{"not_picked":["Ball Lightning","Capacitor"],"picked":"Gash","floor":29},{"not_picked":["Beam Cell","Aggregate+1"],"picked":"Stack+1","floor":30},{"not_picked":["Redo","Turbo"],"picked":"Cold Snap","floor":31},{"not_picked":["Reboot","Rainbow"],"picked":"Seek","floor":33},{"not_picked":["Beam Cell","Ball Lightning"],"picked":"Go for the Eyes","floor":35},{"not_picked":["Go for the Eyes","Turbo"],"picked":"Conserve Battery+1","floor":38},{"not_picked":["Skim","Streamline+1"],"picked":"Glacier","floor":39},{"not_picked":["Dramatic Entrance","Magnetism"],"picked":"Panacea","floor":41},{"not_picked":["Turbo","Go for the Eyes+1","Barrage+1"],"picked":"SKIP","floor":44},{"not_picked":["Sunder","Rebound"],"picked":"Coolheaded","floor":47},{"not_picked":["Doom and Gloom","Gash"],"picked":"Conserve Battery+1","floor":48}],"player_experience":224963,"relics_obtained":[{"floor":6,"key":"StoneCalendar"},{"floor":8,"key":"Potion Belt"},{"floor":9,"key":"Meat on the Bone"},{"floor":10,"key":"Bottled Tornado"},{"floor":26,"key":"Mummified Hand"},{"floor":39,"key":"Gambling Chip"},{"floor":43,"key":"Cables"}],"event_choices":[{"damage_healed":0.0,"max_hp_gain":0.0,"max_hp_loss":0.0,"gold_gain":0.0,"event_name":"Living Wall","player_choice":"Grow","floor":2.0,"gold_loss":0.0,"damage_taken":0.0,"cards_upgraded":["Zap"]},{"damage_healed":0.0,"max_hp_gain":0.0,"max_hp_loss":0.0,"gold_gain":0.0,"event_name":"Shining Light","player_choice":"Entered Light","floor":3.0,"gold_loss":0.0,"damage_taken":14.0,"cards_upgraded":["Strike_B","Defend_B"]},{"cards_removed":["Strike_B"],"damage_healed":0.0,"max_hp_gain":0.0,"max_hp_loss":0.0,"gold_gain":0.0,"event_name":"The Cleric","player_choice":"Card Removal","floor":4.0,"gold_loss":50.0,"damage_taken":0.0},{"damage_healed":0,"gold_gain":0,"player_choice":"Left Gold","damage_taken":0,"max_hp_gain":0,"max_hp_loss":0,"event_name":"World of Goop","floor":13,"gold_loss":30},{"cards_removed":["Meteor Strike"],"damage_healed":0,"gold_gain":0,"player_choice":"Elegance","damage_taken":0,"max_hp_gain":0,"max_hp_loss":0,"event_name":"Back to Basics","floor":19,"gold_loss":0},{"damage_healed":0,"gold_gain":0,"player_choice":"Ignored","damage_taken":0,"max_hp_gain":0,"max_hp_loss":0,"event_name":"Vampires","floor":24,"gold_loss":0},{"damage_healed":0,"gold_gain":0,"player_choice":"Upgraded","damage_taken":0,"max_hp_gain":0,"max_hp_loss":0,"event_name":"Upgrade Shrine","floor":36,"gold_loss":0,"cards_upgraded":["Hologram"]},{"damage_healed":0,"gold_gain":0,"player_choice":"Fight","damage_taken":0,"max_hp_gain":0,"max_hp_loss":0,"event_name":"MindBloom","floor":39,"gold_loss":0},{"damage_healed":0,"gold_gain":0,"player_choice":"Memory 1","damage_taken":0,"max_hp_gain":0,"max_hp_loss":0,"event_name":"SensoryStone","floor":41,"gold_loss":0},{"damage_healed":59,"gold_gain":0,"player_choice":"Heal","damage_taken":0,"max_hp_gain":0,"max_hp_loss":9,"event_name":"The Moai Head","floor":45,"gold_loss":0}],"is_beta":false,"boss_relics":[{"not_picked":["Black Star","Snecko Eye"],"picked":"Pandora\u0027s Box"},{"not_picked":["Cursed Key","White Beast Statue"],"picked":"Sozu"}],"items_purged_floors":[20,37],"is_endless":false,"potions_floor_spawned":[10,14,18,28,30,31,33,48],"ascension_level":5}