{"gold_per_floor":[112,132,63,76,76,8,8,8,8,26,60,60,78,94,94,189,189,204,224,69,69,104,104,104,134,134,134,151,162,174,2,2,98,98,118,118,218,230,162,162,37,37,61,75,75,75,88,104,104,104,104,104,34,65,65],"floor_reached":56,"playtime":2519,"items_purged":["Strike_G","Strike_G+1","Strike_G+1"],"score":1217,"play_id":"84a1f173-f625-4260-ba0a-7d3fc33244d7","local_time":"20190428235839","is_ascension_mode":false,"campfire_choices":[{"data":"Catalyst","floor":7,"key":"SMITH"},{"data":"Caltrops","floor":12,"key":"SMITH"},{"data":"Caltrops","floor":15,"key":"SMITH"},{"floor":23,"key":"RECALL"},{"floor":27,"key":"REST"},{"floor":32,"key":"REST"},{"floor":40,"key":"REST"},{"floor":42,"key":"REST"},{"floor":49,"key":"REST"},{"floor":52,"key":"REST"}],"neow_cost":"NONE","seed_source_timestamp":12662216970945,"circlet_count":0,"master_deck":["Defend_G+1","Defend_G+1","Defend_G+1","Defend_G+1","Defend_G+1","Strike_G+1","Survivor","Neutralize+1","Catalyst+1","Poisoned Stab+1","Caltrops+1","Cloak And Dagger","Caltrops","Dash","Adrenaline","Well Laid Plans","Caltrops+1","Burst","Deflect","Backflip+1","Footwork+1","Dodge and Roll","Deflect","Dodge and Roll","Caltrops","Malaise","Deadly Poison+1","Panache","Footwork","Footwork","Leg Sweep","Footwork"],"relics":["Ring of the Serpent","Snake Skull","Pantograph","Mercury Hourglass","Fusion Hammer","Red Mask","Happy Flower","Whetstone","Mango","Lantern"],"potions_floor_usage":[11,11,18,22,55,55,55],"damage_taken":[{"damage":10,"enemies":"Small Slimes","floor":1,"turns":4},{"damage":1,"enemies":"Cultist","floor":2,"turns":4},{"damage":0,"enemies":"Jaw Worm","floor":4,"turns":4},{"damage":16,"enemies":"Lots of Slimes","floor":10,"turns":4},{"damage":20,"enemies":"3 Sentries","floor":11,"turns":9},{"damage":0,"enemies":"Red Slaver","floor":13,"turns":3},{"damage":1,"enemies":"Exordium Wildlife","floor":14,"turns":3},{"damage":20,"enemies":"Hexaghost","floor":16,"turns":6},{"damage":10,"enemies":"Chosen","floor":18,"turns":4},{"damage":0,"enemies":"3 Byrds","floor":19,"turns":2},{"damage":0,"enemies":"Masked Bandits","floor":22,"turns":4},{"damage":8,"enemies":"Gremlin Leader","floor":25,"turns":6},{"damage":3,"enemies":"Snecko","floor":28,"turns":6},{"damage":0,"enemies":"Centurion and Healer","floor":29,"turns":6},{"damage":1,"enemies":"Snake Plant","floor":30,"turns":4},{"damage":5,"enemies":"Collector","floor":33,"turns":9},{"damage":0,"enemies":"Orb Walker","floor":35,"turns":5},{"damage":0,"enemies":"Mind Bloom Boss Battle","floor":37,"turns":6},{"damage":0,"enemies":"3 Darklings","floor":38,"turns":4},{"damage":2,"enemies":"Writhing Mass","floor":44,"turns":5},{"damage":0,"enemies":"Transient","floor":47,"turns":5},{"damage":5,"enemies":"Spire Growth","floor":48,"turns":5},{"damage":6,"enemies":"Donu and Deca","floor":50,"turns":10},{"damage":10,"enemies":"Shield and Spear","floor":54,"turns":9},{"damage":45,"enemies":"The Heart","floor":55,"turns":9}],"seed_played":"-5615030101939039808","potions_obtained":[{"floor":1,"key":"FearPotion"},{"floor":2,"key":"GamblersBrew"},{"floor":4,"key":"Block Potion"},{"floor":13,"key":"AttackPotion"},{"floor":18,"key":"AttackPotion"},{"floor":22,"key":"Swift Potion"},{"floor":28,"key":"PowerPotion"},{"floor":30,"key":"Block Potion"},{"floor":35,"key":"LiquidBronze"}],"is_trial":false,"path_per_floor":["M","M","$","M","?","$","R","$","T","M","E","R","M","M","R","B",null,"M","M","$","?","?","R","?","E","T","R","M","M","M","$","R","B",null,"M","?","?","M","$","R","$","R","T","M","?","?","M","M","R","B",null,"R","$","E","B",null],"character_chosen":"THE_SILENT","items_purchased":["Caltrops","Caltrops","Footwork","Caltrops","Footwork","Footwork"],"campfire_rested":6,"item_purchase_floors":[3,6,20,31,39,53],"current_hp_per_floor":[60,59,59,59,59,59,59,59,59,43,23,23,23,22,22,27,70,60,60,60,60,60,60,60,52,52,70,67,67,66,66,70,65,70,70,70,84,84,84,84,84,84,84,82,82,82,82,77,84,78,84,84,84,74,39],"gold":65,"neow_bonus":"RANDOM_COMMON_RELIC","is_prod":false,"is_daily":false,"chose_seed":false,"campfire_upgraded":3,"win_rate":0,"timestamp":1556510319,"path_taken":["M","M","$","M","?","$","R","?","T","M","E","R","?","M","R","BOSS","M","?","?","?","?","R","?","E","T","R","M","?","M","$","R","BOSS","M","?","?","M","$","R","$","R","T","?","?","?","M","?","R","BOSS","R","$","E","BOSS"],"build_version":"2019-01-23","purchased_purges":3,"victory":true,"max_hp_per_floor":[70,70,70,70,70,70,70,70,70,70,70,70,70,70,70,70,70,70,70,70,70,70,70,70,70,70,70,70,70,70,70,70,70,70,70,70,84,84,84,84,84,84,84,84,84,84,84,84,84,84,84,84,84,84,84],"card_choices":[{"not_picked":["Eviscerate","Poisoned Stab"],"picked":"Catalyst","floor":1},{"not_picked":["Eviscerate","Flying Knee"],"picked":"Poisoned Stab","floor":2},{"not_picked":["Prepared","PiercingWail"],"picked":"Cloak And Dagger","floor":4},{"not_picked":["Tactician","Dagger Spray"],"picked":"Dash","floor":10},{"not_picked":["Masterful Stab","Escape Plan"],"picked":"Adrenaline","floor":11},{"not_picked":["Outmaneuver","Predator"],"picked":"Well Laid Plans","floor":13},{"not_picked":["Escape Plan","Sucker Punch"],"picked":"Caltrops","floor":14},{"not_picked":["Phantasmal Killer","Tools of the Trade"],"picked":"Burst","floor":16},{"not_picked":["Cloak And Dagger","Bane"],"picked":"Deflect","floor":18},{"not_picked":["Deadly Poison","Quick Slash"],"picked":"Backflip+1","floor":19},{"not_picked":["Deflect+1","Outmaneuver"],"picked":"Dodge and Roll","floor":22},{"not_picked":["All Out Attack","Outmaneuver"],"picked":"Deflect","floor":25},{"not_picked":["Reflex","Prepared+1","Doppelganger"],"picked":"SKIP","floor":28},{"not_picked":["Prepared","Choke+1","Eviscerate"],"picked":"SKIP","floor":29},{"not_picked":["Accuracy","PiercingWail"],"picked":"Dodge and Roll","floor":30},{"not_picked":["Wraith Form v2","A Thousand Cuts"],"picked":"Malaise","floor":33},{"not_picked":["Poisoned Stab+1","Prepared+1"],"picked":"Deadly Poison+1","floor":35},{"not_picked":["Dark Shackles","Impatience"],"picked":"Panache","floor":36},{"not_picked":["Slice+1","Flying Knee","Underhanded Strike+1"],"picked":"SKIP","floor":38},{"not_picked":["PiercingWail","Quick Slash"],"picked":"Footwork","floor":44},{"not_picked":["Distraction+1","Prepared","Blade Dance+1"],"picked":"SKIP","floor":47},{"not_picked":["Prepared+1","Footwork"],"picked":"Leg Sweep","floor":48},{"not_picked":["Escape Plan","Cloak And Dagger","Bane"],"picked":"SKIP","floor":54}],"player_experience":630141,"relics_obtained":[{"floor":9,"key":"Pantograph"},{"floor":11,"key":"Mercury Hourglass"},{"floor":22,"key":"Red Mask"},{"floor":25,"key":"Happy Flower"},{"floor":26,"key":"Whetstone"},{"floor":37,"key":"Mango"},{"floor":54,"key":"Lantern"}],"event_choices":[{"damage_healed":0,"gold_gain":0,"player_choice":"Ignored","damage_taken":0,"max_hp_gain":0,"max_hp_loss":0,"event_name":"NoteForYourself","floor":5,"gold_loss":0},{"damage_healed":0,"gold_gain":0,"player_choice":"Simplicity","damage_taken":0,"max_hp_gain":0,"max_hp_loss":0,"event_name":"Back to Basics","floor":21,"gold_loss":0,"cards_upgraded":["Defend_G","Defend_G","Defend_G","Defend_G","Defend_G","Strike_G","Strike_G","Strike_G","Strike_G"]},{"damage_healed":0,"gold_gain":0,"player_choice":"Fought Bandits","damage_taken":0,"max_hp_gain":0,"max_hp_loss":0,"event_name":"Masked Bandits","floor":22,"gold_loss":0},{"damage_healed":0,"gold_gain":0,"player_choice":"Upgraded","damage_taken":0,"max_hp_gain":0,"max_hp_loss":0,"event_name":"Upgrade Shrine","floor":24,"gold_loss":0,"cards_upgraded":["Footwork"]},{"damage_healed":0,"gold_gain":0,"player_choice":"Memory 1","damage_taken":0,"max_hp_gain":0,"max_hp_loss":0,"event_name":"SensoryStone","floor":36,"gold_loss":0},{"damage_healed":0,"gold_gain":0,"player_choice":"Fight","damage_taken":0,"max_hp_gain":0,"max_hp_loss":0,"event_name":"MindBloom","floor":37,"gold_loss":0},{"damage_healed":0,"gold_gain":0,"player_choice":"Ignored","damage_taken":0,"max_hp_gain":0,"max_hp_loss":0,"event_name":"Mysterious Sphere","floor":45,"gold_loss":0},{"cards_removed":["Strike_G"],"damage_healed":0,"gold_gain":0,"player_choice":"Removed Attack","damage_taken":0,"max_hp_gain":0,"max_hp_loss":0,"event_name":"Falling","floor":46,"gold_loss":0}],"is_beta":false,"boss_relics":[{"not_picked":["Eternal Feather","Velvet Choker"],"picked":"Fusion Hammer"},{"not_picked":["Orrery","Philosopher\u0027s Stone"],"picked":"Ring of the Serpent"}],"items_purged_floors":[20,31,41],"is_endless":false,"potions_floor_spawned":[1,2,4,13,18,22,28,30,35,47],"ascension_level":0}