{"gold_per_floor":[367,386,336,7,7,41,41,70,70,80,6,23,41,41],"floor_reached":14,"playtime":617,"items_purged":["Injury"],"score":135,"play_id":"c2c10113-682d-4c1c-b543-9fdca169e0de","local_time":"20190215191936","is_ascension_mode":true,"campfire_choices":[{"floor":7,"key":"REST"}],"neow_cost":"CURSE","seed_source_timestamp":235205437097,"circlet_count":0,"master_deck":["Strike_B","Strike_B","Strike_B","Defend_B","Defend_B","Defend_B","Defend_B","Zap","Dualcast","Coolheaded","Consume+1","BootSequence","Biased Cognition+1","Ball Lightning","Capacitor+1","Static Discharge+1"],"relics":["Cracked Core","Frozen Egg 2","Unceasing Top","Happy Flower","Du-Vu Doll"],"potions_floor_usage":[14],"damage_taken":[{"damage":0,"enemies":"Small Slimes","floor":1,"turns":3},{"damage":3,"enemies":"2 Louse","floor":2,"turns":4},{"damage":40,"enemies":"Lagavulin","floor":6,"turns":7},{"damage":30,"enemies":"3 Sentries","floor":8,"turns":10},{"damage":0,"enemies":"Cultist","floor":10,"turns":3},{"damage":0,"enemies":"Red Slaver","floor":12,"turns":4},{"damage":12,"enemies":"Exordium Wildlife","floor":13,"turns":3},{"damage":7,"enemies":"Exordium Thugs","floor":14,"turns":2}],"seed_played":"2712272612886395197","potions_obtained":[{"floor":12,"key":"Energy Potion"},{"floor":13,"key":"SpeedPotion"}],"is_trial":false,"path_per_floor":["M","M","?","$","?","E","R","E","T","M","$","M","M","M"],"character_chosen":"DEFECT","items_purchased":["Frozen Egg 2","Capacitor+1"],"campfire_rested":1,"item_purchase_floors":[4,11],"current_hp_per_floor":[68,65,65,65,65,25,47,17,17,17,17,17,5,0],"gold":41,"neow_bonus":"TWO_FIFTY_GOLD","is_prod":false,"is_daily":false,"chose_seed":false,"campfire_upgraded":0,"win_rate":0,"timestamp":1550276376,"path_taken":["M","M","?","$","?","E","R","E","T","?","?","M","M","M"],"build_version":"2019-01-23","purchased_purges":1,"victory":false,"max_hp_per_floor":[75,75,75,75,75,75,75,75,75,75,75,75,75,75],"card_choices":[{"not_picked":["Turbo","Barrage"],"picked":"Coolheaded","floor":1},{"not_picked":["Sweeping Beam","Chill"],"picked":"Consume","floor":2},{"not_picked":["Redo","Leap"],"picked":"BootSequence","floor":6},{"not_picked":["Auto Shields","Coolheaded"],"picked":"Biased Cognition+1","floor":8},{"not_picked":["Compile Driver","Go for the Eyes"],"picked":"Ball Lightning","floor":10},{"not_picked":["Gash","Turbo"],"picked":"Static Discharge+1","floor":12},{"not_picked":["Turbo","Beam Cell","Aggregate"],"picked":"SKIP","floor":13}],"player_experience":252754,"relics_obtained":[{"floor":6,"key":"Unceasing Top"},{"floor":8,"key":"Happy Flower"},{"floor":9,"key":"Du-Vu Doll"}],"event_choices":[{"cards_removed":["Strike_B"],"damage_healed":0,"gold_gain":0,"player_choice":"Card Removal","damage_taken":0,"max_hp_gain":0,"max_hp_loss":0,"event_name":"The Cleric","floor":3,"gold_loss":50},{"damage_healed":0,"gold_gain":0,"player_choice":"Upgraded","damage_taken":0,"max_hp_gain":0,"max_hp_loss":0,"event_name":"Upgrade Shrine","floor":5,"gold_loss":0,"cards_upgraded":["Consume"]}],"is_beta":false,"boss_relics":[],"items_purged_floors":[4],"is_endless":false,"potions_floor_spawned":[12,13],"killed_by":"Exordium Thugs","ascension_level":7}