{"gold_per_floor":[110,189,207,183,201,201,18,18,18,18,49,64,64],"floor_reached":13,"playtime":336,"items_purged":[],"score":158,"play_id":"5483dd07-c673-4c8a-bc98-34029c9a62a2","local_time":"20190615222140","is_ascension_mode":true,"campfire_choices":[{"data":"Corruption","floor":6,"key":"SMITH"},{"data":"Apotheosis","floor":8,"key":"SMITH"},{"data":"Anger","floor":10,"key":"SMITH"}],"neow_cost":"NONE","seed_source_timestamp":257498281867234,"circlet_count":0,"master_deck":["AscendersBane","Strike_R","Strike_R","Strike_R","Strike_R","Strike_R","Defend_R","Defend_R","Defend_R","Defend_R","Bash","Corruption+1","Wild Strike","Perfected Strike","Anger+1","Apotheosis+1","Body Slam","Cleave"],"relics":["Burning Blood","Strawberry","Blue Candle","Lantern","Oddly Smooth Stone"],"potions_floor_usage":[12],"damage_taken":[{"damage":6,"enemies":"Cultist","floor":1,"turns":3},{"damage":14,"enemies":"Jaw Worm","floor":3,"turns":4},{"damage":9,"enemies":"Small Slimes","floor":5,"turns":3},{"damage":36,"enemies":"Gremlin Nob","floor":11,"turns":4},{"damage":15,"enemies":"3 Louse","floor":12,"turns":3},{"damage":25,"enemies":"Gremlin Gang","floor":13,"turns":2}],"seed_played":"-6913013935261126628","potions_obtained":[{"floor":11,"key":"Ancient Potion"}],"is_trial":false,"path_per_floor":["M","T","M","$","M","R","$","R","T","R","E","M","M"],"character_chosen":"IRONCLAD","items_purchased":["Perfected Strike","Apotheosis"],"campfire_rested":0,"item_purchase_floors":[4,7],"current_hp_per_floor":[75,75,67,67,64,64,64,64,64,64,34,25,0],"gold":64,"neow_bonus":"RANDOM_COMMON_RELIC","is_prod":false,"is_daily":false,"chose_seed":false,"campfire_upgraded":3,"win_rate":0,"timestamp":1560662500,"path_taken":["M","?","M","$","M","R","$","R","T","R","E","M","M"],"build_version":"2019-01-23","purchased_purges":0,"victory":false,"max_hp_per_floor":[82,82,82,82,82,82,82,82,82,82,82,82,82],"card_choices":[{"not_picked":["True Grit","Body Slam"],"picked":"Corruption","floor":1},{"not_picked":["Searing Blow","Thunderclap"],"picked":"Wild Strike","floor":3},{"not_picked":["Combust","Carnage"],"picked":"Anger","floor":5},{"not_picked":["Corruption","Clash"],"picked":"Body Slam","floor":11},{"not_picked":["Pummel","Dual Wield"],"picked":"Cleave","floor":12}],"player_experience":1018474,"relics_obtained":[{"floor":2,"key":"Blue Candle"},{"floor":9,"key":"Lantern"},{"floor":11,"key":"Oddly Smooth Stone"}],"event_choices":[],"is_beta":false,"boss_relics":[],"items_purged_floors":[],"is_endless":false,"potions_floor_spawned":[11],"killed_by":"Gremlin Gang","ascension_level":18}