{"gold_per_floor":[118,94,111,186,361,394,408,408,463,526,526,543,554,117,117,117],"floor_reached":16,"playtime":986,"items_purged":["Strike_R"],"score":230,"play_id":"08b801c5-3d68-4035-b033-a4fdb841082b","local_time":"20181119182331","is_ascension_mode":true,"campfire_choices":[{"data":"Body Slam","floor":8,"key":"SMITH"},{"data":"Ghostly Armor","floor":11,"key":"SMITH"},{"data":"Spot Weakness","floor":15,"key":"SMITH"}],"neow_cost":"NONE","seed_source_timestamp":2677649088277,"circlet_count":0,"master_deck":["AscendersBane","Strike_R","Strike_R","Strike_R+1","Strike_R","Defend_R","Defend_R","Defend_R","Defend_R","Bash","Shrug It Off","Body Slam+1","Searing Blow","Doubt","Body Slam+1","Ghostly Armor+1","Armaments","Bludgeon","Spot Weakness+1"],"relics":["Burning Blood","NeowsBlessing","Centennial Puzzle","Whetstone","Tiny Chest","Ice Cream"],"potions_floor_usage":[10,10],"damage_taken":[{"damage":0,"enemies":"Cultist","floor":1,"turns":1},{"damage":0,"enemies":"Jaw Worm","floor":3,"turns":1},{"damage":0,"enemies":"Gremlin Nob","floor":6,"turns":1},{"damage":10,"enemies":"Small Slimes","floor":7,"turns":4},{"damage":33,"enemies":"Lagavulin","floor":10,"turns":8},{"damage":3,"enemies":"Exordium Wildlife","floor":12,"turns":4},{"damage":13,"enemies":"Blue Slaver","floor":13,"turns":3},{"damage":37,"enemies":"Hexaghost","floor":16,"turns":9}],"seed_played":"3600882801010233030","potions_obtained":[{"floor":3,"key":"FearPotion"},{"floor":7,"key":"Explosive Potion"}],"is_trial":false,"path_per_floor":["M","$","M","?","?","E","M","R","T","E","R","M","M","$","R","B"],"character_chosen":"IRONCLAD","items_purchased":["Body Slam","Ice Cream","Spot Weakness"],"campfire_rested":0,"item_purchase_floors":[2,14,14],"current_hp_per_floor":[74,74,75,64,64,70,66,66,66,39,39,42,35,35,35,0],"gold":117,"neow_bonus":"THREE_ENEMY_KILL","is_prod":false,"is_daily":false,"chose_seed":false,"campfire_upgraded":3,"win_rate":0,"timestamp":1542680611,"path_taken":["M","?","M","?","?","E","M","R","T","E","R","?","M","$","R","BOSS"],"build_version":"2018-11-15","purchased_purges":1,"victory":false,"max_hp_per_floor":[75,75,75,75,75,75,75,75,75,75,75,75,75,75,75,75],"card_choices":[{"not_picked":["Clash","Thunderclap"],"picked":"Shrug It Off","floor":1},{"not_picked":["Dual Wield","Perfected Strike"],"picked":"Searing Blow","floor":3},{"not_picked":["Cleave","Clash"],"picked":"Body Slam","floor":6},{"not_picked":["Body Slam","Sever Soul"],"picked":"Ghostly Armor","floor":7},{"not_picked":["Clothesline","Corruption"],"picked":"Armaments","floor":10},{"not_picked":["Clothesline","Warcry"],"picked":"Bludgeon","floor":12},{"not_picked":["Clothesline","Searing Blow","Body Slam"],"picked":"SKIP","floor":13}],"player_experience":784582,"relics_obtained":[{"floor":6,"key":"Centennial Puzzle"},{"floor":9,"key":"Whetstone"},{"floor":10,"key":"Tiny Chest"}],"event_choices":[{"damage_healed":0,"gold_gain":75,"player_choice":"Gather Gold","damage_taken":11,"max_hp_gain":0,"max_hp_loss":0,"event_name":"World of Goop","floor":4,"gold_loss":0},{"damage_healed":0,"gold_gain":175,"player_choice":"AGREE","damage_taken":0,"max_hp_gain":0,"max_hp_loss":0,"event_name":"Liars Game","floor":5,"gold_loss":0,"cards_obtained":["Doubt"]}],"is_beta":false,"boss_relics":[],"items_purged_floors":[14],"is_endless":false,"potions_floor_spawned":[3,7],"killed_by":"Hexaghost","ascension_level":14}