{"gold_per_floor":[112,76,76,90,102,132,132,132,132,158,158,173,173,193,193,291,291,302,3,19,19,31,31,58,70,70,80,110,110,110,35,35,130,130,144,154,170,8,108,108,141,141,165,200,0,0,0,14,14,14],"floor_reached":51,"playtime":5815,"items_purged":["Slice"],"score":803,"play_id":"19222e2e-bcce-41db-8f96-ac1a70392981","local_time":"20190130144412","is_ascension_mode":false,"campfire_choices":[{"floor":8.0,"key":"REST"},{"data":"Crippling Poison","floor":11.0,"key":"SMITH"},{"data":"Tools of the Trade","floor":13.0,"key":"SMITH"},{"floor":15.0,"key":"REST"},{"floor":32.0,"key":"REST"},{"floor":40.0,"key":"REST"},{"floor":46,"key":"REST"},{"floor":49,"key":"REST"}],"neow_cost":"NONE","seed_source_timestamp":0,"circlet_count":0,"master_deck":["Defend_G+1","Defend_G+1","Defend_G+1","Defend_G+1","Defend_G+1","Strike_G+1","Strike_G+1","Strike_G+1","Strike_G+1","Survivor","Neutralize","Crippling Poison+1","Infinite Blades+1","Sucker Punch","Tools of the Trade+1","PiercingWail","Leg Sweep","Dagger Throw","After Image","Bouncing Flask+1","Eviscerate+1","Dagger Spray","Backflip+1","Catalyst","Bullet Time","Riddle With Holes","RitualDagger","Envenom","Underhanded Strike","PiercingWail","Blur+1","Apotheosis","Finisher","Backflip+1","Dagger Throw+1"],"special_seed":0,"relics":["Ring of the Snake","Sundial","Pocketwatch","Mango","Snecko Eye","Ginger","Dead Branch","Strawberry","Art of War","Lantern","Fusion Hammer","Thread and Needle","Anchor","Smiling Mask","Ornamental Fan","Red Mask","Juzu Bracelet"],"potions_floor_usage":[50,50,50],"damage_taken":[{"damage":0.0,"enemies":"Small Slimes","floor":1.0,"turns":3.0},{"damage":3.0,"enemies":"Jaw Worm","floor":4.0,"turns":3.0},{"damage":0.0,"enemies":"Cultist","floor":5.0,"turns":3.0},{"damage":21.0,"enemies":"3 Sentries","floor":6.0,"turns":8.0},{"damage":6.0,"enemies":"Lagavulin","floor":10.0,"turns":7.0},{"damage":7.0,"enemies":"Exordium Thugs","floor":12.0,"turns":5.0},{"damage":12.0,"enemies":"Exordium Wildlife","floor":14.0,"turns":5.0},{"damage":19.0,"enemies":"The Guardian","floor":16.0,"turns":13.0},{"damage":2.0,"enemies":"Chosen","floor":18.0,"turns":5.0},{"damage":0.0,"enemies":"3 Byrds","floor":20.0,"turns":4.0},{"damage":7.0,"enemies":"Centurion and Healer","floor":22.0,"turns":6.0},{"damage":33.0,"enemies":"Slavers","floor":24.0,"turns":6.0},{"damage":6.0,"enemies":"Snecko","floor":25.0,"turns":4.0},{"damage":0.0,"enemies":"3 Cultists","floor":27.0,"turns":4.0},{"damage":0.0,"enemies":"Gremlin Leader","floor":28.0,"turns":3.0},{"damage":17.0,"enemies":"Collector","floor":33.0,"turns":6.0},{"damage":8.0,"enemies":"3 Darklings","floor":35.0,"turns":3.0},{"damage":0.0,"enemies":"3 Shapes","floor":36.0,"turns":5.0},{"damage":0.0,"enemies":"Maw","floor":37.0,"turns":5.0},{"damage":5.0,"enemies":"Mind Bloom Boss Battle","floor":39.0,"turns":5.0},{"damage":2.0,"enemies":"Nemesis","floor":41.0,"turns":5.0},{"damage":27.0,"enemies":"Reptomancer","floor":44.0,"turns":5.0},{"damage":0,"enemies":"3 Darklings","floor":48,"turns":4},{"damage":31,"enemies":"Time Eater","floor":50,"turns":13}],"seed_played":"3736219428493758491","potions_obtained":[{"floor":1.0,"key":"LiquidBronze"},{"floor":14.0,"key":"SpeedPotion"},{"floor":16.0,"key":"Weak Potion"},{"floor":18.0,"key":"Poison Potion"},{"floor":25.0,"key":"LiquidBronze"},{"floor":27.0,"key":"Dexterity Potion"},{"floor":37.0,"key":"Dexterity Potion"},{"floor":41.0,"key":"Explosive Potion"},{"floor":48,"key":"Dexterity Potion"}],"is_trial":false,"path_per_floor":["M","$","?","M","M","E","?","R","T","E","R","M","R","M","R","B",null,"M","$","M","$","M","T","E","M","T","M","E","?","?","$","R","B",null,"M","M","M","$","?","R","E","?","T","E","?","R","T","M","R","B",null],"character_chosen":"THE_SILENT","items_purchased":["Infinite Blades","Ginger","Apotheosis"],"campfire_rested":6,"item_purchase_floors":[2,19,38],"current_hp_per_floor":[70,70,63,60,60,39,39,60,60,68,68,61,61,49,74,55,84,82,82,82,82,75,75,49,43,43,43,43,37,37,37,64,47,91,83,83,83,83,78,91,89,89,89,62,62,89,89,89,91,60],"gold":14,"neow_bonus":"ONE_RANDOM_RARE_CARD","is_prod":false,"is_daily":false,"chose_seed":false,"campfire_upgraded":2,"win_rate":0.0,"timestamp":1548877452,"path_taken":["M","$","?","M","M","E","?","R","T","E","R","M","R","M","R","BOSS","M","?","M","?","M","?","E","M","T","?","E","?","?","$","R","BOSS","M","M","M","$","?","R","E","?","T","E","?","R","?","M","R","BOSS"],"build_version":"2019-01-23","purchased_purges":1,"victory":true,"max_hp_per_floor":[70,70,70,70,70,70,70,70,70,84,84,84,84,84,84,84,84,84,84,84,84,84,84,91,91,91,91,91,91,91,91,91,91,91,91,91,91,91,91,91,91,91,91,91,91,91,91,91,91,91],"card_choices":[{"not_picked":["Blur","Slice"],"picked":"Crippling Poison","floor":1.0},{"not_picked":["Flechettes","Reflex"],"picked":"Slice","floor":4.0},{"not_picked":["Caltrops","Quick Slash"],"picked":"Sucker Punch","floor":5.0},{"not_picked":["Underhanded Strike","Deflect"],"picked":"Tools of the Trade","floor":6.0},{"not_picked":["Backstab","Bane"],"picked":"PiercingWail","floor":10.0},{"not_picked":["Acrobatics","Bane"],"picked":"Leg Sweep","floor":12.0},{"not_picked":["Blade Dance","Expertise"],"picked":"Dagger Throw","floor":14.0},{"not_picked":["Unload","Malaise"],"picked":"After Image","floor":16.0},{"not_picked":["Acrobatics+1","Backstab"],"picked":"Bouncing Flask+1","floor":18.0},{"not_picked":["Poisoned Stab","Calculated Gamble+1"],"picked":"Eviscerate+1","floor":20.0},{"not_picked":["Distraction","Deflect"],"picked":"Dagger Spray","floor":22.0},{"not_picked":["PiercingWail","Dagger Spray"],"picked":"Backflip+1","floor":24.0},{"not_picked":["Blade Dance","Flying Knee"],"picked":"Catalyst","floor":25.0},{"not_picked":["Sucker Punch","Caltrops"],"picked":"Bullet Time","floor":27.0},{"not_picked":["Dagger Spray","Burst"],"picked":"Riddle With Holes","floor":28.0},{"not_picked":["Wraith Form v2","After Image"],"picked":"Envenom","floor":33.0},{"not_picked":["Accuracy","Heel Hook+1"],"picked":"Underhanded Strike","floor":35.0},{"not_picked":["Dodge and Roll","Deflect"],"picked":"PiercingWail","floor":36.0},{"not_picked":["Accuracy","Underhanded Strike+1"],"picked":"Blur+1","floor":37.0},{"not_picked":["After Image","Backflip+1"],"picked":"Finisher","floor":41.0},{"not_picked":["Quick Slash","Leg Sweep+1"],"picked":"Backflip+1","floor":44},{"not_picked":["Dagger Spray+1","Blade Dance+1"],"picked":"Dagger Throw+1","floor":48}],"player_experience":75167,"relics_obtained":[{"floor":6.0,"key":"Sundial"},{"floor":9.0,"key":"Pocketwatch"},{"floor":10.0,"key":"Mango"},{"floor":23.0,"key":"Dead Branch"},{"floor":24.0,"key":"Strawberry"},{"floor":26.0,"key":"Art of War"},{"floor":28.0,"key":"Lantern"},{"floor":39.0,"key":"Thread and Needle"},{"floor":41.0,"key":"Anchor"},{"floor":43.0,"key":"Smiling Mask"},{"floor":44,"key":"Ornamental Fan"},{"floor":47,"key":"Juzu Bracelet"}],"event_choices":[{"cards_removed":["Strike_G"],"damage_healed":0.0,"max_hp_gain":0.0,"max_hp_loss":0.0,"gold_gain":0.0,"event_name":"Golden Wing","player_choice":"Card Removal","floor":3.0,"gold_loss":0.0,"damage_taken":7.0},{"damage_healed":0.0,"max_hp_gain":0.0,"max_hp_loss":0.0,"gold_gain":0.0,"event_name":"Upgrade Shrine","player_choice":"Upgraded","floor":7.0,"gold_loss":0.0,"damage_taken":0.0,"cards_upgraded":["Infinite Blades"]},{"damage_healed":0.0,"max_hp_gain":0.0,"max_hp_loss":0.0,"gold_gain":0.0,"event_name":"Nest","player_choice":"Joined the Cult","floor":29.0,"gold_loss":0.0,"damage_taken":6.0,"cards_obtained":["RitualDagger"]},{"damage_healed":0.0,"max_hp_gain":0.0,"max_hp_loss":0.0,"gold_gain":0.0,"event_name":"Back to Basics","player_choice":"Simplicity","floor":30.0,"gold_loss":0.0,"damage_taken":0.0,"cards_upgraded":["Defend_G","Defend_G","Defend_G","Defend_G","Defend_G","Strike_G","Strike_G","Strike_G","Strike_G"]},{"damage_healed":0.0,"max_hp_gain":0.0,"max_hp_loss":0.0,"gold_gain":0.0,"event_name":"MindBloom","player_choice":"Fight","floor":39.0,"gold_loss":0.0,"damage_taken":0.0},{"cards_removed":["Unload"],"damage_healed":0.0,"max_hp_gain":0.0,"max_hp_loss":0.0,"gold_gain":0.0,"event_name":"Falling","player_choice":"Removed Attack","floor":42.0,"gold_loss":0.0,"damage_taken":0.0},{"damage_healed":0,"gold_gain":0,"player_choice":"Paid","damage_taken":0,"relics_obtained":["Red Mask"],"max_hp_gain":0,"max_hp_loss":0,"event_name":"Tomb of Lord Red Mask","floor":45,"gold_loss":200}],"is_beta":false,"boss_relics":[{"not_picked":["White Beast Statue","Calling Bell"],"picked":"Snecko Eye"},{"not_picked":["Ring of the Serpent","Tiny House"],"picked":"Fusion Hammer"}],"items_purged_floors":[31],"is_endless":false,"potions_floor_spawned":[1,14,16,18,25,27,37,41,48],"ascension_level":0}