{"gold_per_floor":[17,32,32,32,32,32,67,84,111,111,124,141,174,193,193,290,290,303,303,303,336,346,346,359,374,397,496,202,212,212,42,42,143,143,162,384,395,413,413,413,413,431,431,45,45,61,61,80,80,80,80,80,80,109,109],"floor_reached":55,"playtime":2858,"items_purged":["Defend_B","Strike_B","Defend_B"],"score":729,"play_id":"49fa4ecc-5848-4907-8dae-7d3d3a5c1f3b","local_time":"20190415152531","is_ascension_mode":false,"campfire_choices":[{"data":"Sweeping Beam","floor":6,"key":"SMITH"},{"data":"Glacier","floor":15,"key":"SMITH"},{"floor":23,"key":"RECALL"},{"data":"Capacitor","floor":30,"key":"SMITH"},{"data":"Reboot","floor":32,"key":"SMITH"},{"data":"Machine Learning","floor":40,"key":"SMITH"},{"data":"Glacier","floor":45,"key":"SMITH"},{"data":"Dualcast","floor":47,"key":"SMITH"},{"data":"Leap","floor":49,"key":"SMITH"},{"data":"White Noise","floor":52,"key":"SMITH"}],"neow_cost":"NO_GOLD","seed_source_timestamp":480596836894296,"circlet_count":0,"master_deck":["Strike_B+1","Defend_B+1","Zap+1","Dualcast+1","Ball Lightning+1","Core Surge","Glacier+1","White Noise+1","Leap+1","Electrodynamics","Sunder+1","Reboot+1","Core Surge","Ball Lightning+1","BootSequence+1","Core Surge","Glacier+1","Capacitor+1","Core Surge","Machine Learning+1"],"relics":["Cracked Core","Incense Burner","Bag of Preparation","DataDisk","Matryoshka","Sozu","Pantograph","Red Mask","Whetstone","Busted Crown","Blue Candle","The Courier","Medical Kit","Bronze Scales","Pear"],"potions_floor_usage":[55,55],"damage_taken":[{"damage":1,"enemies":"Jaw Worm","floor":1,"turns":3},{"damage":0,"enemies":"Small Slimes","floor":2,"turns":2},{"damage":25,"enemies":"Gremlin Nob","floor":7,"turns":4},{"damage":0,"enemies":"Cultist","floor":8,"turns":3},{"damage":0,"enemies":"3 Louse","floor":11,"turns":2},{"damage":0,"enemies":"Large Slime","floor":12,"turns":2},{"damage":0,"enemies":"Lagavulin","floor":13,"turns":6},{"damage":0,"enemies":"2 Fungi Beasts","floor":14,"turns":2},{"damage":0,"enemies":"Slime Boss","floor":16,"turns":5},{"damage":0,"enemies":"3 Byrds","floor":18,"turns":1},{"damage":0,"enemies":"Masked Bandits","floor":21,"turns":2},{"damage":0,"enemies":"Spheric Guardian","floor":22,"turns":2},{"damage":0,"enemies":"Shelled Parasite and Fungi","floor":24,"turns":3},{"damage":2,"enemies":"Snake Plant","floor":25,"turns":3},{"damage":0,"enemies":"Snecko","floor":29,"turns":4},{"damage":13,"enemies":"Collector","floor":33,"turns":8},{"damage":0,"enemies":"3 Darklings","floor":35,"turns":3},{"damage":5,"enemies":"3 Shapes","floor":37,"turns":4},{"damage":0,"enemies":"Sphere and 2 Shapes","floor":38,"turns":3},{"damage":0,"enemies":"Maw","floor":42,"turns":6},{"damage":0,"enemies":"Transient","floor":46,"turns":5},{"damage":0,"enemies":"Spire Growth","floor":48,"turns":4},{"damage":27,"enemies":"Time Eater","floor":50,"turns":12},{"damage":25,"enemies":"Shield and Spear","floor":54,"turns":8},{"damage":90,"enemies":"The Heart","floor":55,"turns":14}],"seed_played":"254674452266549574","potions_obtained":[{"floor":2,"key":"Energy Potion"},{"floor":11,"key":"Block Potion"},{"floor":12,"key":"SpeedPotion"}],"is_trial":false,"path_per_floor":["M","M","?","$","?","R","E","M","T","?","M","M","E","M","R","B",null,"M","?","?","?","M","R","M","M","T","?","$","M","R","$","R","B",null,"M","?","M","M","?","R","?","M","T","$","R","M","R","M","R","B",null,"R","$","E","B"],"character_chosen":"DEFECT","items_purchased":["Core Surge","Glacier","Capacitor","Core Surge","Medical Kit","Bronze Scales"],"campfire_rested":0,"item_purchase_floors":[28,28,28,31,44,44],"current_hp_per_floor":[74,74,59,59,59,59,34,34,34,34,34,34,34,34,34,34,75,75,75,75,75,75,75,75,73,73,73,73,73,73,73,73,62,75,75,75,70,70,70,70,70,70,70,70,70,70,70,70,70,48,75,75,75,60,0],"gold":109,"neow_bonus":"ONE_RARE_RELIC","is_prod":false,"is_daily":false,"chose_seed":false,"campfire_upgraded":9,"win_rate":0,"timestamp":1555356331,"path_taken":["M","M","?","$","?","R","E","?","T","?","M","M","E","M","R","BOSS","M","?","?","?","M","R","M","M","T","?","$","?","R","$","R","BOSS","M","?","M","M","?","R","?","M","T","$","R","M","R","M","R","BOSS","R","$","E","BOSS"],"build_version":"2019-01-23","purchased_purges":3,"victory":false,"max_hp_per_floor":[75,75,75,75,75,75,75,75,75,75,75,75,75,75,75,75,75,75,75,75,75,75,75,75,75,75,75,75,75,75,75,75,75,75,75,75,75,75,75,75,75,75,75,75,75,75,75,75,75,75,75,75,75,85,85],"card_choices":[{"not_picked":["Streamline","Redo"],"picked":"Ball Lightning","floor":1},{"not_picked":["Compile Driver","Chill"],"picked":"Sweeping Beam","floor":2},{"not_picked":["Recycle","Compile Driver"],"picked":"Core Surge","floor":7},{"not_picked":["Ball Lightning","Turbo"],"picked":"Glacier","floor":8},{"not_picked":["Recycle","Hologram"],"picked":"White Noise","floor":11},{"not_picked":["Rebound","Blizzard","Streamline"],"picked":"SKIP","floor":12},{"not_picked":["Hologram","Cold Snap","Consume"],"picked":"SKIP","floor":13},{"not_picked":["Reinforced Body","Sweeping Beam"],"picked":"Leap","floor":14},{"not_picked":["Reboot","Core Surge"],"picked":"Electrodynamics","floor":16},{"not_picked":["Barrage","Streamline"],"picked":"Sunder","floor":18},{"not_picked":["Barrage+1","Static Discharge"],"picked":"Ball Lightning+1","floor":21},{"not_picked":["Storm","Doom and Gloom"],"picked":"BootSequence+1","floor":22},{"not_picked":["Darkness","Streamline+1","Compile Driver"],"picked":"SKIP","floor":24},{"not_picked":["Beam Cell","Fusion+1","Gash+1"],"picked":"SKIP","floor":25},{"not_picked":["Leap","Steam","Sweeping Beam"],"picked":"SKIP","floor":29},{"not_picked":["Multi-Cast","Core Surge"],"picked":"Machine Learning","floor":33},{"not_picked":["Beam Cell+1"],"picked":"SKIP","floor":35},{"not_picked":["Stack+1"],"picked":"SKIP","floor":37},{"not_picked":["Gash"],"picked":"SKIP","floor":38},{"not_picked":["Recycle+1"],"picked":"SKIP","floor":42},{"not_picked":["Rebound+1"],"picked":"SKIP","floor":46},{"not_picked":["Gash"],"picked":"SKIP","floor":48},{"not_picked":["Doom and Gloom"],"picked":"SKIP","floor":54}],"player_experience":594467,"relics_obtained":[{"floor":7,"key":"Bag of Preparation"},{"floor":9,"key":"DataDisk"},{"floor":13,"key":"Matryoshka"},{"floor":21,"key":"Red Mask"},{"floor":26,"key":"Whetstone"},{"floor":43,"key":"Blue Candle"},{"floor":43,"key":"The Courier"},{"floor":54,"key":"Pear"}],"event_choices":[{"damage_healed":0,"gold_gain":0,"player_choice":"Entered Light","damage_taken":15,"max_hp_gain":0,"max_hp_loss":0,"event_name":"Shining Light","floor":3,"gold_loss":0,"cards_upgraded":["Defend_B","Ball Lightning"]},{"cards_removed":["Strike_B"],"damage_healed":0,"gold_gain":0,"player_choice":"Offered Basic","damage_taken":0,"max_hp_gain":0,"max_hp_loss":0,"event_name":"Bonfire Elementals","floor":5,"gold_loss":0},{"damage_healed":0,"gold_gain":0,"player_choice":"Grow","damage_taken":0,"max_hp_gain":0,"max_hp_loss":0,"event_name":"Living Wall","floor":10,"gold_loss":0,"cards_upgraded":["Zap"]},{"damage_healed":0,"gold_gain":0,"cards_transformed":["Strike_B","Defend_B"],"player_choice":"Became Test Subject","damage_taken":0,"max_hp_gain":0,"max_hp_loss":0,"event_name":"Drug Dealer","floor":19,"gold_loss":0,"cards_obtained":["Reboot","Core Surge"]},{"damage_healed":0,"gold_gain":0,"player_choice":"Opened","damage_taken":0,"relics_obtained":["Pantograph"],"max_hp_gain":0,"max_hp_loss":0,"event_name":"The Mausoleum","floor":20,"gold_loss":0},{"damage_healed":0,"gold_gain":0,"player_choice":"Fought Bandits","damage_taken":0,"max_hp_gain":0,"max_hp_loss":0,"event_name":"Masked Bandits","floor":21,"gold_loss":0},{"damage_healed":0,"gold_gain":99,"player_choice":"Stole From Cult","damage_taken":0,"max_hp_gain":0,"max_hp_loss":0,"event_name":"Nest","floor":27,"gold_loss":0},{"damage_healed":0,"gold_gain":222,"player_choice":"Wore Mask","damage_taken":0,"max_hp_gain":0,"max_hp_loss":0,"event_name":"Tomb of Lord Red Mask","floor":36,"gold_loss":0},{"cards_removed":["Sweeping Beam"],"damage_healed":0,"gold_gain":0,"player_choice":"Removed Attack","damage_taken":0,"max_hp_gain":0,"max_hp_loss":0,"event_name":"Falling","floor":39,"gold_loss":0},{"damage_healed":0,"gold_gain":0,"player_choice":"Ignored","damage_taken":0,"max_hp_gain":0,"max_hp_loss":0,"event_name":"Mysterious Sphere","floor":41,"gold_loss":0}],"is_beta":false,"boss_relics":[{"not_picked":["Tiny House","Empty Cage"],"picked":"Sozu"},{"not_picked":["FrozenCore","Pandora\u0027s Box"],"picked":"Busted Crown"}],"items_purged_floors":[28,31,44],"is_endless":false,"potions_floor_spawned":[2,11,12,22,29,33,35,46,54],"killed_by":"The Heart","ascension_level":0}