{"gold_per_floor":[212,26,40,51,51,51,51,51,51,76,76,93,134,151,151,151],"floor_reached":16,"playtime":625,"items_purged":[],"score":199,"play_id":"6c2bae16-8c82-428a-839f-3606c1f81679","local_time":"20190629230248","is_ascension_mode":true,"campfire_choices":[{"data":"Transmutation","floor":6,"key":"SMITH"},{"floor":8,"key":"REST"},{"floor":15,"key":"REST"}],"neow_cost":"NONE","seed_source_timestamp":1469264958185119,"circlet_count":0,"master_deck":["AscendersBane","Strike_R","Strike_R","Strike_R","Strike_R","Strike_R","Defend_R","Defend_R","Defend_R","Defend_R","Bash","Sword Boomerang","Transmutation+1","Cleave","Flame Barrier","Clumsy","Disarm","Shrug It Off"],"relics":["Burning Blood","Matryoshka","Centennial Puzzle","Smiling Mask","Incense Burner"],"potions_floor_usage":[12],"damage_taken":[{"damage":7,"enemies":"Cultist","floor":1,"turns":4},{"damage":15,"enemies":"2 Louse","floor":3,"turns":2},{"damage":7,"enemies":"Small Slimes","floor":4,"turns":3},{"damage":40,"enemies":"3 Sentries","floor":10,"turns":8},{"damage":7,"enemies":"Exordium Thugs","floor":12,"turns":5},{"damage":4,"enemies":"Blue Slaver","floor":13,"turns":3},{"damage":25,"enemies":"Exordium Wildlife","floor":14,"turns":8},{"damage":45,"enemies":"Slime Boss","floor":16,"turns":6}],"seed_played":"-9045203163392860312","potions_obtained":[{"floor":4,"key":"LiquidBronze"},{"floor":10,"key":"EssenceOfSteel"}],"is_trial":false,"path_per_floor":["M","$","M","M","?","R","?","R","T","E","$","M","M","M","R","B"],"character_chosen":"IRONCLAD","items_purchased":["Transmutation"],"campfire_rested":2,"item_purchase_floors":[2],"current_hp_per_floor":[67,67,58,57,39,39,39,61,61,27,27,26,28,9,31,0],"gold":151,"neow_bonus":"HUNDRED_GOLD","is_prod":false,"is_daily":false,"chose_seed":false,"campfire_upgraded":1,"win_rate":0,"timestamp":1561874568,"path_taken":["M","?","?","M","?","R","?","R","T","E","$","M","M","?","R","BOSS"],"build_version":"2019-01-23","purchased_purges":0,"victory":false,"max_hp_per_floor":[75,75,75,75,75,75,75,75,75,75,75,75,75,75,75,75],"card_choices":[{"not_picked":["Iron Wave","Anger"],"picked":"Sword Boomerang","floor":1},{"not_picked":["Havoc","Clothesline"],"picked":"Cleave","floor":3},{"not_picked":["Warcry","Wild Strike"],"picked":"Flame Barrier","floor":4},{"not_picked":["Iron Wave","Rampage"],"picked":"Disarm","floor":10},{"not_picked":["Perfected Strike","Rampage"],"picked":"Shrug It Off","floor":12},{"not_picked":["Reckless Charge","Dual Wield","Rupture"],"picked":"SKIP","floor":13},{"not_picked":["Rampage","Sword Boomerang","Shrug It Off"],"picked":"SKIP","floor":14}],"player_experience":1104728,"relics_obtained":[{"floor":9,"key":"Centennial Puzzle"},{"floor":9,"key":"Smiling Mask"},{"floor":10,"key":"Incense Burner"}],"event_choices":[{"damage_healed":0,"gold_gain":0,"player_choice":"Success","damage_taken":18,"relics_obtained":["Matryoshka"],"max_hp_gain":0,"max_hp_loss":0,"event_name":"Scrap Ooze","floor":5,"gold_loss":0},{"damage_healed":0,"gold_gain":0,"player_choice":"1 cards matched","damage_taken":0,"max_hp_gain":0,"max_hp_loss":0,"event_name":"Match and Keep!","floor":7,"gold_loss":0,"cards_obtained":["Clumsy"]}],"is_beta":false,"boss_relics":[],"items_purged_floors":[],"is_endless":false,"potions_floor_spawned":[4,10],"killed_by":"Slime Boss","ascension_level":19}