{"gold_per_floor":[117,136,146,146,97,133,133,133,133,133,133,156,156,174,174,305,305,329,352,25,49,49,49,49],"floor_reached":24,"playtime":868,"items_purged":[],"score":235,"play_id":"ef25cdd4-8663-4ac6-9c7c-ec1e02bb227e","local_time":"20190619230329","is_ascension_mode":true,"campfire_choices":[{"data":"Choke","floor":7,"key":"SMITH"},{"data":"Finisher","floor":10,"key":"SMITH"},{"data":"Dash","floor":13,"key":"SMITH"},{"data":"Noxious Fumes","floor":15,"key":"SMITH"},{"floor":23,"key":"REST"}],"neow_cost":"NONE","seed_source_timestamp":18707510673212,"circlet_count":0,"master_deck":["Defend_G","Defend_G","Defend_G","Defend_G","Strike_G","Strike_G","Strike_G","Strike_G","Survivor","Neutralize","Finisher+1","Sucker Punch","Bouncing Flask","Choke+1","Dash+1","Noxious Fumes+1","Corpse Explosion","Deadly Poison+1","Crippling Poison","Outmaneuver"],"relics":["Snecko Eye","Golden Idol","Incense Burner","Matryoshka","Empty Cage","Molten Egg 2"],"potions_floor_usage":[14,21],"damage_taken":[{"damage":0,"enemies":"Small Slimes","floor":1,"turns":4},{"damage":3,"enemies":"2 Louse","floor":2,"turns":4},{"damage":1,"enemies":"Cultist","floor":3,"turns":3},{"damage":17,"enemies":"Lagavulin","floor":6,"turns":4},{"damage":0,"enemies":"Looter","floor":12,"turns":1},{"damage":7,"enemies":"Red Slaver","floor":14,"turns":2},{"damage":8,"enemies":"Hexaghost","floor":16,"turns":9},{"damage":17,"enemies":"2 Thieves","floor":18,"turns":2},{"damage":11,"enemies":"Spheric Guardian","floor":19,"turns":3},{"damage":29,"enemies":"Centurion and Healer","floor":21,"turns":3},{"damage":45,"enemies":"Gremlin Leader","floor":24,"turns":2}],"seed_played":"5895915636189402655","potions_obtained":[{"floor":2,"key":"LiquidBronze"},{"floor":3,"key":"FairyPotion"},{"floor":6,"key":"Dexterity Potion"},{"floor":19,"key":"SkillPotion"}],"is_trial":false,"path_per_floor":["M","M","M","?","?","E","R","?","T","R","?","M","R","M","R","B",null,"M","M","$","M","?","R","E"],"character_chosen":"THE_SILENT","items_purchased":["Crippling Poison","Molten Egg 2"],"campfire_rested":1,"item_purchase_floors":[20,20],"current_hp_per_floor":[70,67,66,65,65,48,48,48,48,48,48,48,48,41,41,33,65,48,37,37,8,8,27,0],"gold":49,"neow_bonus":"BOSS_RELIC","is_prod":false,"is_daily":false,"chose_seed":false,"campfire_upgraded":4,"win_rate":0,"timestamp":1561010609,"path_taken":["M","M","M","?","?","E","R","?","T","R","?","M","R","M","R","BOSS","M","M","$","?","?","R","E"],"build_version":"2019-01-23","purchased_purges":0,"victory":false,"max_hp_per_floor":[70,70,70,65,65,65,65,65,65,65,65,65,65,65,65,65,65,65,65,65,65,65,65,65],"card_choices":[{"not_picked":["Dagger Throw","Blade Dance"],"picked":"Finisher","floor":1},{"not_picked":["Dodge and Roll","Deflect"],"picked":"Sucker Punch","floor":2},{"not_picked":["Blade Dance","Outmaneuver"],"picked":"Bouncing Flask","floor":3},{"not_picked":["Deadly Poison","Slice"],"picked":"Choke","floor":6},{"not_picked":["Well Laid Plans","Tactician"],"picked":"Dash","floor":12},{"not_picked":["Deadly Poison","Deflect"],"picked":"Noxious Fumes","floor":14},{"not_picked":["Adrenaline","Unload"],"picked":"Corpse Explosion","floor":16},{"not_picked":["Dodge and Roll","Acrobatics"],"picked":"Deadly Poison+1","floor":18},{"not_picked":["Poisoned Stab+1","Blade Dance","Cloak And Dagger"],"picked":"SKIP","floor":19},{"not_picked":["Slice+1","Poisoned Stab+1"],"picked":"Outmaneuver","floor":21}],"player_experience":444989,"relics_obtained":[{"floor":6,"key":"Incense Burner"},{"floor":9,"key":"Matryoshka"}],"event_choices":[{"damage_healed":0,"gold_gain":0,"player_choice":"Lose Max HP","damage_taken":0,"relics_obtained":["Golden Idol"],"max_hp_gain":0,"max_hp_loss":5,"event_name":"Golden Idol","floor":4,"gold_loss":0},{"damage_healed":0,"gold_gain":0,"player_choice":"Left Gold","damage_taken":0,"max_hp_gain":0,"max_hp_loss":0,"event_name":"World of Goop","floor":5,"gold_loss":49},{"damage_healed":0,"gold_gain":0,"player_choice":"Ignored","damage_taken":0,"max_hp_gain":0,"max_hp_loss":0,"event_name":"Liars Game","floor":8,"gold_loss":0},{"damage_healed":0,"gold_gain":0,"cards_transformed":["Strike_G"],"player_choice":"Transformed","damage_taken":0,"max_hp_gain":0,"max_hp_loss":0,"event_name":"Transmorgrifier","floor":11,"gold_loss":0,"cards_obtained":["Backstab"]},{"damage_healed":0,"gold_gain":0,"player_choice":"Leave","damage_taken":0,"max_hp_gain":0,"max_hp_loss":0,"event_name":"FaceTrader","floor":22,"gold_loss":0}],"is_beta":false,"boss_relics":[{"not_picked":["Fusion Hammer","White Beast Statue"],"picked":"Empty Cage"}],"items_purged_floors":[],"is_endless":false,"potions_floor_spawned":[2,3,6,19],"killed_by":"Gremlin Leader","ascension_level":4}