{"gold_per_floor":[361,361,286,70,87,87,122,122,122,147,165,165],"floor_reached":12,"playtime":568,"items_purged":[],"score":148,"play_id":"7e8c9023-9aa4-4c7b-8d79-86be9a65404e","local_time":"20190604001905","is_ascension_mode":true,"campfire_choices":[{"data":"Cloak And Dagger","floor":6,"key":"SMITH"}],"neow_cost":"CURSE","seed_source_timestamp":755516117489,"circlet_count":0,"master_deck":["AscendersBane","Defend_G","Defend_G","Defend_G","Defend_G","Defend_G","Strike_G","Strike_G","Strike_G","Strike_G","Survivor","Neutralize","Backflip","Cloak And Dagger+1","Noxious Fumes+1","Bouncing Flask"],"relics":["Ring of the Snake","ClockworkSouvenir","Bag of Marbles","Paper Crane","Juzu Bracelet"],"potions_floor_usage":[7,12,12],"damage_taken":[{"damage":19,"enemies":"Cultist","floor":1,"turns":6},{"damage":0,"enemies":"2 Louse","floor":5,"turns":4},{"damage":30,"enemies":"Gremlin Nob","floor":7,"turns":5},{"damage":0,"enemies":"Small Slimes","floor":11,"turns":3},{"damage":12,"enemies":"3 Sentries","floor":12,"turns":4}],"seed_played":"-1792896483301568364","potions_obtained":[{"floor":1,"key":"Swift Potion"},{"floor":5,"key":"Fire Potion"},{"floor":11,"key":"GhostInAJar"}],"is_trial":false,"path_per_floor":["M","?","?","$","M","R","E","?","T","T","M","E"],"character_chosen":"THE_SILENT","items_purchased":["ClockworkSouvenir"],"campfire_rested":0,"item_purchase_floors":[4],"current_hp_per_floor":[40,33,33,33,33,33,3,3,3,3,3,0],"gold":165,"neow_bonus":"TWO_FIFTY_GOLD","is_prod":false,"is_daily":false,"chose_seed":false,"campfire_upgraded":1,"win_rate":0,"timestamp":1559621945,"path_taken":["M","?","?","$","M","R","E","?","T","?","M","E"],"build_version":"2019-01-23","purchased_purges":0,"victory":false,"max_hp_per_floor":[66,66,66,66,66,66,66,66,66,66,66,66],"card_choices":[{"not_picked":["Eviscerate","Prepared"],"picked":"Backflip","floor":1},{"not_picked":["Concentrate","Acrobatics"],"picked":"Cloak And Dagger","floor":5},{"not_picked":["Endless Agony","Flechettes"],"picked":"Noxious Fumes","floor":7},{"not_picked":["Flechettes","Eviscerate"],"picked":"Bouncing Flask","floor":11}],"player_experience":823995,"relics_obtained":[{"floor":7,"key":"Bag of Marbles"},{"floor":9,"key":"Paper Crane"},{"floor":10,"key":"Juzu Bracelet"}],"event_choices":[{"cards_removed":["Regret"],"damage_healed":0,"gold_gain":0,"player_choice":"Card Removal","damage_taken":7,"max_hp_gain":0,"max_hp_loss":0,"event_name":"Golden Wing","floor":2,"gold_loss":0},{"cards_removed":["Strike_G"],"damage_healed":0,"gold_gain":0,"player_choice":"Card Removal","damage_taken":0,"max_hp_gain":0,"max_hp_loss":0,"event_name":"The Cleric","floor":3,"gold_loss":75},{"damage_healed":0,"gold_gain":0,"player_choice":"Grow","damage_taken":0,"max_hp_gain":0,"max_hp_loss":0,"event_name":"Living Wall","floor":8,"gold_loss":0,"cards_upgraded":["Noxious Fumes"]}],"is_beta":false,"boss_relics":[],"items_purged_floors":[],"is_endless":false,"potions_floor_spawned":[1,5,11],"killed_by":"3 Sentries","ascension_level":19}