{"gold_per_floor":[115,190,22,35,35,61,61,94,94,113,133,201,217,267,267,344,344,360,410,230,150,67,102,120,120,120,120,134,149,211,226,226,226],"floor_reached":33,"playtime":2373,"items_purged":["Defend_G"],"score":587,"play_id":"2672bb84-8dc2-4016-ae76-b628baf3c829","local_time":"20190608014054","is_ascension_mode":true,"campfire_choices":[{"data":"Footwork","floor":7,"key":"SMITH"},{"floor":15,"key":"REST"},{"data":"Envenom","floor":25,"key":"SMITH"},{"floor":27,"key":"REST"},{"floor":32,"key":"REST"}],"neow_cost":"NONE","seed_source_timestamp":553733450455920,"circlet_count":0,"master_deck":["AscendersBane","Defend_G","Defend_G","Defend_G","Defend_G","Strike_G","Strike_G","Strike_G","Strike_G","Strike_G","Survivor","Neutralize","Footwork+1","Dagger Throw","Dodge and Roll","PiercingWail","Leg Sweep","Escape Plan","Backflip","Dodge and Roll","Burst","Flying Knee","Sadistic Nature","Footwork","Quick Slash","Envenom+1","Dodge and Roll+1","Dodge and Roll+1","Expertise","Dagger Throw+1"],"relics":["Ring of the Snake","NeowsBlessing","Bag of Preparation","SsserpentHead","Ice Cream","Centennial Puzzle","Matryoshka","Paper Crane","Philosopher\u0027s Stone","Question Card","Snake Skull","Shuriken"],"potions_floor_usage":[8,13,16,23,23,28,31,33],"damage_taken":[{"damage":0,"enemies":"Jaw Worm","floor":1,"turns":1},{"damage":0,"enemies":"2 Louse","floor":4,"turns":1},{"damage":0,"enemies":"Lagavulin","floor":6,"turns":1},{"damage":11,"enemies":"3 Sentries","floor":8,"turns":14},{"damage":0,"enemies":"Cultist","floor":10,"turns":4},{"damage":4,"enemies":"3 Louse","floor":11,"turns":7},{"damage":0,"enemies":"Blue Slaver","floor":12,"turns":6},{"damage":2,"enemies":"Exordium Thugs","floor":13,"turns":9},{"damage":15,"enemies":"The Guardian","floor":16,"turns":32},{"damage":1,"enemies":"Chosen","floor":18,"turns":17},{"damage":5,"enemies":"2 Thieves","floor":21,"turns":4},{"damage":18,"enemies":"Slavers","floor":23,"turns":20},{"damage":8,"enemies":"Snake Plant","floor":24,"turns":7},{"damage":16,"enemies":"Cultist and Chosen","floor":28,"turns":11},{"damage":4,"enemies":"Snecko","floor":29,"turns":9},{"damage":0,"enemies":"Centurion and Healer","floor":30,"turns":10},{"damage":4,"enemies":"Snake Plant","floor":31,"turns":6},{"damage":49,"enemies":"Automaton","floor":33,"turns":12}],"seed_played":"-5406054172112318076","potions_obtained":[{"floor":1,"key":"GamblersBrew"},{"floor":11,"key":"AttackPotion"},{"floor":12,"key":"Regen Potion"},{"floor":18,"key":"Ancient Potion"},{"floor":19,"key":"PowerPotion"},{"floor":19,"key":"GhostInAJar"},{"floor":24,"key":"PowerPotion"},{"floor":30,"key":"LiquidBronze"},{"floor":31,"key":"Weak Potion"}],"is_trial":false,"path_per_floor":["M","?","$","M","?","E","R","E","T","M","M","M","M","?","R","B",null,"M","?","$","M","$","E","M","R","T","R","M","M","M","M","R","B"],"character_chosen":"THE_SILENT","items_purchased":["Bag of Preparation","Sadistic Nature","Quick Slash"],"campfire_rested":3,"item_purchase_floors":[3,20,22],"current_hp_per_floor":[59,48,48,48,48,48,48,37,37,37,33,33,31,20,39,39,59,58,58,58,53,53,35,27,27,27,46,30,26,26,22,41,0],"gold":226,"neow_bonus":"THREE_ENEMY_KILL","is_prod":false,"is_daily":false,"chose_seed":false,"campfire_upgraded":2,"win_rate":0,"timestamp":1559983254,"path_taken":["M","?","$","M","?","E","R","E","T","M","M","?","M","?","R","BOSS","M","?","$","M","?","E","M","R","T","R","M","M","?","M","R","BOSS"],"build_version":"2019-01-23","purchased_purges":1,"victory":false,"max_hp_per_floor":[66,66,66,66,66,66,66,66,66,66,66,66,66,66,66,66,66,66,66,66,66,66,66,66,66,66,66,66,66,66,66,66,66],"card_choices":[{"not_picked":["Blade Dance","Sucker Punch"],"picked":"Footwork","floor":1},{"not_picked":["Finisher","Flying Knee"],"picked":"Dagger Throw","floor":4},{"not_picked":["Prepared","Bane"],"picked":"Dodge and Roll","floor":6},{"not_picked":["Accuracy","Prepared"],"picked":"PiercingWail","floor":8},{"not_picked":["Bouncing Flask","Escape Plan"],"picked":"Leg Sweep","floor":10},{"not_picked":["Masterful Stab","Doppelganger"],"picked":"Escape Plan","floor":11},{"not_picked":["Slice","Setup"],"picked":"Backflip","floor":12},{"not_picked":["Bane","Finisher"],"picked":"Dodge and Roll","floor":13},{"not_picked":["Wraith Form v2","Storm of Steel"],"picked":"Burst","floor":16},{"not_picked":["Dodge and Roll","Bane"],"picked":"Flying Knee","floor":18},{"not_picked":["Flechettes","Outmaneuver"],"picked":"Footwork","floor":21},{"not_picked":["Caltrops","Crippling Poison"],"picked":"Envenom","floor":23},{"not_picked":["Blur","Riddle With Holes","Underhanded Strike"],"picked":"Dodge and Roll+1","floor":24},{"not_picked":["Poisoned Stab","Deflect","Endless Agony"],"picked":"Dodge and Roll+1","floor":28},{"not_picked":["Outmaneuver+1","Finisher+1","Blade Dance"],"picked":"Expertise","floor":29},{"not_picked":["Choke","All Out Attack+1","Outmaneuver","Dodge and Roll"],"picked":"SKIP","floor":30},{"not_picked":["Concentrate","Dagger Spray","Poisoned Stab"],"picked":"Dagger Throw+1","floor":31}],"player_experience":985508,"relics_obtained":[{"floor":6,"key":"Ice Cream"},{"floor":8,"key":"Centennial Puzzle"},{"floor":9,"key":"Matryoshka"},{"floor":23,"key":"Question Card"},{"floor":26,"key":"Snake Skull"},{"floor":26,"key":"Shuriken"}],"event_choices":[{"damage_healed":0,"gold_gain":75,"player_choice":"Gather Gold","damage_taken":11,"max_hp_gain":0,"max_hp_loss":0,"event_name":"World of Goop","floor":2,"gold_loss":0},{"damage_healed":0,"gold_gain":0,"player_choice":"Trade","damage_taken":0,"relics_obtained":["SsserpentHead"],"max_hp_gain":0,"max_hp_loss":0,"event_name":"FaceTrader","floor":5,"gold_loss":0},{"damage_healed":0,"gold_gain":0,"player_choice":"Success","damage_taken":11,"relics_obtained":["Paper Crane"],"max_hp_gain":0,"max_hp_loss":0,"event_name":"Scrap Ooze","floor":14,"gold_loss":0},{"damage_healed":0,"gold_gain":0,"player_choice":"Got Potions","damage_taken":0,"max_hp_gain":0,"max_hp_loss":0,"event_name":"Lab","floor":19,"gold_loss":0}],"is_beta":false,"boss_relics":[{"not_picked":["Ectoplasm","Snecko Eye"],"picked":"Philosopher\u0027s Stone"}],"items_purged_floors":[22],"is_endless":false,"potions_floor_spawned":[1,11,12,18,24,30,31],"killed_by":"Automaton","ascension_level":17}