{"gold_per_floor":[115,115,17,192,192,220,232,197,277,297,328,328,348,267,267,370,370,390,390,305,59,78,108,108,137,212,228,228,238,238,256,256,351,351,366,366,379,379],"floor_reached":38,"playtime":1782,"items_purged":["Doubt","Reboot"],"score":528,"play_id":"5bd4b4e6-a0a7-452d-bfc5-6c17a746d0ff","local_time":"20190210220924","is_ascension_mode":true,"campfire_choices":[{"floor":12,"key":"REST"},{"data":"Static Discharge","floor":15,"key":"SMITH"},{"floor":24,"key":"REST"},{"floor":30,"key":"REST"},{"floor":32,"key":"REST"}],"neow_cost":"NONE","seed_source_timestamp":911232929994828,"circlet_count":0,"master_deck":["Zap","Dualcast","Genetic Algorithm","Capacitor","Go for the Eyes","Core Surge","White Noise","Static Discharge+1","Leap","Leap","Core Surge","Coolheaded","Coolheaded","Echo Form","Streamline","Auto Shields","Undo","Chaos","Darkness+1","Necronomicurse","Streamline","Sunder","Sunder","Auto Shields","Echo Form","Reinforced Body+1","Sunder+1","Hyperbeam","Hyperbeam","Conserve Battery","Loop","Defragment+1","Consume"],"relics":["Cracked Core","Anchor","Ginger","Peace Pipe","The Courier","Ancient Tea Set","Pandora\u0027s Box","Necronomicon","Bag of Marbles","Shuriken","Gambling Chip","Bottled Tornado","Orrery"],"potions_floor_usage":[23],"damage_taken":[{"damage":1,"enemies":"Jaw Worm","floor":1,"turns":4},{"damage":34,"enemies":"3 Sentries","floor":6,"turns":8},{"damage":0,"enemies":"Small Slimes","floor":7,"turns":2},{"damage":0,"enemies":"2 Louse","floor":10,"turns":2},{"damage":16,"enemies":"Lagavulin","floor":11,"turns":6},{"damage":2,"enemies":"Exordium Thugs","floor":13,"turns":4},{"damage":16,"enemies":"The Guardian","floor":16,"turns":16},{"damage":5,"enemies":"3 Byrds","floor":18,"turns":3},{"damage":12,"enemies":"2 Thieves","floor":22,"turns":2},{"damage":28,"enemies":"Book of Stabbing","floor":23,"turns":4},{"damage":20,"enemies":"Gremlin Leader","floor":25,"turns":5},{"damage":2,"enemies":"Cultist and Chosen","floor":27,"turns":4},{"damage":0,"enemies":"Chosen and Byrds","floor":29,"turns":4},{"damage":0,"enemies":"3 Cultists","floor":31,"turns":4},{"damage":14,"enemies":"Collector","floor":33,"turns":7},{"damage":15,"enemies":"3 Darklings","floor":35,"turns":2},{"damage":3,"enemies":"Orb Walker","floor":37,"turns":3},{"damage":51,"enemies":"Transient","floor":38,"turns":4}],"seed_played":"-5398690522795915938","potions_obtained":[{"floor":10,"key":"LiquidBronze"},{"floor":13,"key":"Fire Potion"},{"floor":16,"key":"LiquidBronze"},{"floor":27,"key":"Swift Potion"},{"floor":37,"key":"AttackPotion"}],"is_trial":false,"path_per_floor":["M","?","$","?","?","E","M","?","T","M","E","R","M","$","R","B",null,"M","?","?","$","M","E","R","E","T","M","?","M","R","M","R","B",null,"M","?","M","M"],"character_chosen":"DEFECT","items_purchased":["Capacitor","Go for the Eyes","Coolheaded","Streamline","Sunder","Sunder"],"campfire_rested":4,"item_purchase_floors":[3,3,14,21,21,21],"current_hp_per_floor":[74,56,56,56,56,22,22,40,40,40,24,46,44,44,44,28,63,58,42,42,42,30,2,24,4,4,2,2,2,24,24,46,32,64,49,49,46,0],"gold":379,"neow_bonus":"RANDOM_COMMON_RELIC","is_prod":false,"is_daily":false,"chose_seed":false,"campfire_upgraded":1,"win_rate":0,"timestamp":1549854564,"path_taken":["M","?","$","?","?","E","M","?","T","M","E","R","M","$","R","BOSS","M","?","?","$","M","E","R","E","T","M","?","M","R","M","R","BOSS","M","?","M","M"],"build_version":"2019-01-23","purchased_purges":2,"victory":false,"max_hp_per_floor":[75,75,75,75,75,75,75,75,75,75,75,75,75,75,75,75,75,75,75,75,75,75,75,75,75,75,75,75,75,75,75,75,75,75,75,75,75,75],"card_choices":[{"not_picked":["Hologram","Heatsinks"],"picked":"Genetic Algorithm","floor":1},{"not_picked":["Turbo","Sweeping Beam"],"picked":"White Noise","floor":6},{"not_picked":["Chill","Multi-Cast"],"picked":"Static Discharge","floor":7},{"not_picked":["Streamline","Fusion"],"picked":"Leap","floor":10},{"not_picked":["Barrage","Streamline"],"picked":"Leap","floor":11},{"not_picked":["Sunder","Cold Snap"],"picked":"Core Surge","floor":13},{"not_picked":["Conserve Battery","Aggregate"],"picked":"Darkness+1","floor":18},{"not_picked":["Go for the Eyes","Barrage"],"picked":"Auto Shields","floor":22},{"not_picked":["Steam","Gash"],"picked":"Echo Form","floor":23},{"not_picked":["Reprogram","Beam Cell+1"],"picked":"Reinforced Body+1","floor":25},{"not_picked":["Chill","Redo"],"picked":"Sunder","floor":27},{"not_picked":["Chill","Rip and Tear","Beam Cell"],"picked":"SKIP","floor":29},{"not_picked":["Turbo","Sweeping Beam"],"picked":"Hyperbeam","floor":31},{"not_picked":["All For One","Reboot"],"picked":"Hyperbeam","floor":33},{"not_picked":["Barrage","Sweeping Beam"],"picked":"Conserve Battery","floor":34},{"not_picked":["Redo+1","Barrage"],"picked":"Loop","floor":34},{"not_picked":["Static Discharge+1","Gash"],"picked":"Defragment+1","floor":34},{"not_picked":["Steam+1","Recycle+1","Streamline"],"picked":"SKIP","floor":35},{"not_picked":["Coolheaded","Compile Driver+1"],"picked":"Consume","floor":37}],"player_experience":206236,"relics_obtained":[{"floor":6,"key":"Peace Pipe"},{"floor":9,"key":"The Courier"},{"floor":11,"key":"Ancient Tea Set"},{"floor":19,"key":"Necronomicon"},{"floor":23,"key":"Shuriken"},{"floor":25,"key":"Gambling Chip"},{"floor":26,"key":"Bottled Tornado"}],"event_choices":[{"damage_healed":0,"gold_gain":0,"player_choice":"Success","damage_taken":18,"relics_obtained":["Ginger"],"max_hp_gain":0,"max_hp_loss":0,"event_name":"Scrap Ooze","floor":2,"gold_loss":0},{"damage_healed":0,"gold_gain":175,"player_choice":"AGREE","damage_taken":0,"max_hp_gain":0,"max_hp_loss":0,"event_name":"Liars Game","floor":4,"gold_loss":0,"cards_obtained":["Doubt"]},{"damage_healed":0,"gold_gain":0,"cards_transformed":["Strike_B"],"player_choice":"Change","damage_taken":0,"max_hp_gain":0,"max_hp_loss":0,"event_name":"Living Wall","floor":5,"gold_loss":0,"cards_obtained":["Core Surge"]},{"damage_healed":18,"gold_gain":0,"player_choice":"Healed","damage_taken":0,"max_hp_gain":0,"max_hp_loss":0,"event_name":"The Cleric","floor":8,"gold_loss":35},{"damage_healed":0,"gold_gain":0,"player_choice":"Obtained Book","damage_taken":16,"max_hp_gain":0,"max_hp_loss":0,"event_name":"Cursed Tome","floor":19,"gold_loss":0},{"damage_healed":0,"gold_gain":0,"player_choice":"Obtained Relic","damage_taken":0,"relics_obtained":["Bag of Marbles"],"max_hp_gain":0,"max_hp_loss":0,"event_name":"Addict","floor":20,"gold_loss":85},{"damage_healed":0,"gold_gain":0,"player_choice":"Forge","damage_taken":0,"max_hp_gain":0,"max_hp_loss":0,"event_name":"Accursed Blacksmith","floor":28,"gold_loss":0,"cards_upgraded":["Sunder"]},{"damage_healed":0,"gold_gain":0,"player_choice":"Memory 1","damage_taken":0,"max_hp_gain":0,"max_hp_loss":0,"event_name":"SensoryStone","floor":36,"gold_loss":0}],"is_beta":false,"boss_relics":[{"not_picked":["White Beast Statue","Tiny House"],"picked":"Pandora\u0027s Box"},{"not_picked":["Snecko Eye","Runic Dome"],"picked":"Orrery"}],"items_purged_floors":[14,21],"is_endless":false,"potions_floor_spawned":[10,13,16,22,27,29,33,35,37],"killed_by":"Transient","ascension_level":5}