{"gold_per_floor":[112,112,25,37,50,50,78,78,131,143,158,176,191,191,191,316,316,335,57,93,93,83,83,108,108,108,108,121,121,121,140,140,140],"floor_reached":33,"playtime":3457,"items_purged":[],"score":274,"play_id":"afc9e062-617b-4ab6-bad5-db40fbbd87e1","local_time":"20190127011024","is_ascension_mode":false,"campfire_choices":[{"data":"Infinite Blades","floor":6,"key":"SMITH"},{"floor":8,"key":"REST"},{"data":"Terror","floor":15,"key":"SMITH"},{"floor":23,"key":"REST"},{"floor":25,"key":"REST"},{"data":"Bandage Up","floor":29,"key":"SMITH"},{"floor":32,"key":"REST"}],"neow_cost":"NONE","seed_source_timestamp":740459634429259,"circlet_count":0,"master_deck":["Defend_G","Defend_G","Defend_G","Defend_G","Defend_G","Strike_G","Strike_G","Strike_G","Strike_G","Strike_G","Survivor","Neutralize","All Out Attack","Infinite Blades+1","Flying Knee","Quick Slash","Crippling Poison","PiercingWail","Slice","Flechettes","Terror+1","Backstab","Injury","Bullet Time","Poisoned Stab","All Out Attack","Backstab","Backflip","Predator","Footwork","Bandage Up+1","Mayhem","Eviscerate","Writhe","Deflect","PiercingWail+1","Terror+1","Pain","Heel Hook+1"],"relics":["Ring of the Snake","Snake Skull","Centennial Puzzle","Golden Idol","Orrery","Red Mask","Ice Cream","Gremlin Horn","MutagenicStrength","WarpedTongs"],"potions_floor_usage":[11,33,33,33],"damage_taken":[{"damage":5,"enemies":"Small Slimes","floor":1,"turns":5},{"damage":1,"enemies":"Cultist","floor":4,"turns":3},{"damage":1,"enemies":"Jaw Worm","floor":5,"turns":5},{"damage":26,"enemies":"Lagavulin","floor":7,"turns":9},{"damage":4,"enemies":"Exordium Wildlife","floor":10,"turns":3},{"damage":7,"enemies":"3 Louse","floor":11,"turns":4},{"damage":4,"enemies":"2 Fungi Beasts","floor":12,"turns":3},{"damage":7,"enemies":"Red Slaver","floor":13,"turns":4},{"damage":33,"enemies":"Hexaghost","floor":16,"turns":10},{"damage":7,"enemies":"Shell Parasite","floor":18,"turns":5},{"damage":27,"enemies":"Masked Bandits","floor":20,"turns":4},{"damage":10,"enemies":"2 Thieves","floor":22,"turns":4},{"damage":23,"enemies":"Snake Plant","floor":24,"turns":5},{"damage":18,"enemies":"Chosen and Byrds","floor":28,"turns":6},{"damage":14,"enemies":"Snecko","floor":31,"turns":4},{"damage":85,"enemies":"Automaton","floor":33,"turns":10}],"seed_played":"5972071014441538958","potions_obtained":[{"floor":1,"key":"Fire Potion"},{"floor":2,"key":"Weak Potion"},{"floor":5,"key":"Fruit Juice"},{"floor":11,"key":"LiquidBronze"}],"is_trial":false,"path_per_floor":["M","?","$","M","M","R","E","R","T","M","M","M","M","?","R","B",null,"M","$","?","?","M","R","M","R","T","?","M","R","?","M","R","B"],"character_chosen":"THE_SILENT","items_purchased":["Infinite Blades","Flying Knee","Bandage Up","Mayhem"],"campfire_rested":4,"item_purchase_floors":[3,3,19,19],"current_hp_per_floor":[72,72,72,71,70,70,44,67,67,63,61,57,50,50,50,17,82,75,75,52,52,46,70,51,75,75,75,61,61,61,47,71,0],"gold":140,"neow_bonus":"TEN_PERCENT_HP_BONUS","is_prod":false,"is_daily":false,"chose_seed":false,"campfire_upgraded":3,"win_rate":0.0,"timestamp":1548569424,"path_taken":["M","?","$","M","M","R","E","R","T","M","?","M","?","?","R","BOSS","M","$","?","?","M","R","M","R","T","?","M","R","?","M","R","BOSS"],"build_version":"2019-01-23","purchased_purges":0,"victory":false,"max_hp_per_floor":[77,77,77,77,77,77,77,77,77,77,82,82,82,82,82,82,82,82,82,82,82,82,82,82,82,82,82,82,82,82,82,82,82],"card_choices":[{"not_picked":["Predator","Dagger Throw"],"picked":"All Out Attack","floor":1},{"not_picked":["Noxious Fumes","Outmaneuver"],"picked":"Quick Slash","floor":4},{"not_picked":["Flying Knee","Flechettes"],"picked":"Crippling Poison","floor":5},{"not_picked":["Masterful Stab","Outmaneuver"],"picked":"PiercingWail","floor":7},{"not_picked":["Dagger Throw","Crippling Poison"],"picked":"Slice","floor":10},{"not_picked":["Flying Knee","Outmaneuver"],"picked":"Flechettes","floor":11},{"not_picked":["Acrobatics","Deflect"],"picked":"Terror","floor":12},{"not_picked":["Glass Knife","Masterful Stab"],"picked":"Backstab","floor":13},{"not_picked":["Wraith Form v2","Doppelganger"],"picked":"Bullet Time","floor":16},{"not_picked":["Blade Dance","All Out Attack"],"picked":"Poisoned Stab","floor":17},{"not_picked":["Dagger Throw","Quick Slash"],"picked":"All Out Attack","floor":17},{"not_picked":["Outmaneuver","Prepared"],"picked":"Backstab","floor":17},{"not_picked":["Quick Slash","Prepared"],"picked":"Backflip","floor":17},{"not_picked":["Reflex","Choke"],"picked":"Predator","floor":17},{"not_picked":["Reflex","Eviscerate"],"picked":"Footwork","floor":18},{"not_picked":["Slice","Malaise"],"picked":"Eviscerate","floor":20},{"not_picked":["Dodge and Roll","Blade Dance"],"picked":"Deflect","floor":22},{"not_picked":["Outmaneuver","Acrobatics"],"picked":"PiercingWail+1","floor":24},{"not_picked":["Backflip","Deflect"],"picked":"Terror+1","floor":28},{"not_picked":["Bullet Time","Prepared"],"picked":"Heel Hook+1","floor":31}],"player_experience":4241,"relics_obtained":[{"floor":7,"key":"Snake Skull"},{"floor":9,"key":"Centennial Puzzle"},{"floor":20,"key":"Red Mask"},{"floor":26,"key":"Gremlin Horn"}],"event_choices":[{"damage_healed":0,"gold_gain":0,"player_choice":"Got Potions","damage_taken":0,"max_hp_gain":0,"max_hp_loss":0,"event_name":"Lab","floor":2,"gold_loss":0},{"damage_healed":0,"gold_gain":0,"player_choice":"Take Wound","damage_taken":0,"relics_obtained":["Golden Idol"],"max_hp_gain":0,"max_hp_loss":0,"event_name":"Golden Idol","floor":14,"gold_loss":0,"cards_obtained":["Injury"]},{"damage_healed":0,"gold_gain":0,"player_choice":"Fought Bandits","damage_taken":0,"max_hp_gain":0,"max_hp_loss":0,"event_name":"Masked Bandits","floor":20,"gold_loss":0},{"damage_healed":0,"gold_gain":0,"player_choice":"Opened","damage_taken":0,"relics_obtained":["Ice Cream"],"max_hp_gain":0,"max_hp_loss":0,"event_name":"The Mausoleum","floor":21,"gold_loss":0,"cards_obtained":["Writhe"]},{"damage_healed":0,"gold_gain":0,"player_choice":"Inject Mutagens","damage_taken":0,"relics_obtained":["MutagenicStrength"],"max_hp_gain":0,"max_hp_loss":0,"event_name":"Drug Dealer","floor":27,"gold_loss":0},{"damage_healed":0,"gold_gain":0,"player_choice":"Rummage","damage_taken":0,"relics_obtained":["WarpedTongs"],"max_hp_gain":0,"max_hp_loss":0,"event_name":"Accursed Blacksmith","floor":30,"gold_loss":0,"cards_obtained":["Pain"]}],"is_beta":false,"boss_relics":[{"not_picked":["Lizard Tail","Fusion Hammer"],"picked":"Orrery"}],"items_purged_floors":[],"is_endless":false,"potions_floor_spawned":[1,5,11,12,18,24],"killed_by":"Automaton","ascension_level":0}