{"gold_per_floor":[110,110,110,110,129,160,82,82,131,131,164,182,206,250,250,346,346,326,326,326,349,63,63,83,83,83,25,41,56,56,56,56,56],"floor_reached":33,"playtime":1102,"items_purged":["Strike_R"],"score":595,"play_id":"68910afc-844a-470b-8b8c-6ff390200bfc","local_time":"20190615173232","is_ascension_mode":true,"campfire_choices":[{"data":"Corruption","floor":8,"key":"SMITH"},{"data":"Wild Strike","floor":10,"key":"SMITH"},{"data":"Metallicize","floor":15,"key":"SMITH"},{"data":"Impervious","floor":23,"key":"SMITH"},{"floor":25,"key":"REST"},{"data":"Body Slam","floor":32,"key":"SMITH"}],"neow_cost":"NONE","seed_source_timestamp":239383335499981,"circlet_count":0,"master_deck":["AscendersBane","Strike_R","Strike_R","Strike_R","Strike_R","Defend_R","Defend_R","Defend_R","Defend_R","Bash+1","Wild Strike+1","Wild Strike+1","Ghostly Armor","Corruption+1","Cleave","Carnage","Impervious+1","Metallicize+1","Barricade","Pummel","Heavy Blade","Body Slam","Body Slam+1"],"relics":["Burning Blood","NeowsBlessing","Golden Idol","Pen Nib","Mango","Sundial","Snecko Eye","Strange Spoon","Self Forming Clay","Nloth\u0027s Gift"],"potions_floor_usage":[11,11,16,16,28],"damage_taken":[{"damage":0,"enemies":"2 Louse","floor":1,"turns":1},{"damage":0,"enemies":"Jaw Worm","floor":5,"turns":1},{"damage":0,"enemies":"Lagavulin","floor":6,"turns":1},{"damage":24,"enemies":"Gremlin Nob","floor":11,"turns":4},{"damage":13,"enemies":"Small Slimes","floor":12,"turns":3},{"damage":16,"enemies":"Blue Slaver","floor":13,"turns":4},{"damage":0,"enemies":"3 Sentries","floor":14,"turns":3},{"damage":46,"enemies":"The Guardian","floor":16,"turns":11},{"damage":13,"enemies":"2 Thieves","floor":18,"turns":4},{"damage":24,"enemies":"3 Byrds","floor":21,"turns":6},{"damage":15,"enemies":"Shelled Parasite and Fungi","floor":24,"turns":4},{"damage":9,"enemies":"Centurion and Healer","floor":28,"turns":6},{"damage":5,"enemies":"3 Cultists","floor":29,"turns":4},{"damage":85,"enemies":"Automaton","floor":33,"turns":10}],"seed_played":"-1520429017840941212","potions_obtained":[{"floor":1,"key":"Weak Potion"},{"floor":6,"key":"Block Potion"},{"floor":12,"key":"SneckoOil"},{"floor":13,"key":"Poison Potion"},{"floor":21,"key":"Regen Potion"},{"floor":29,"key":"FearPotion"}],"is_trial":false,"path_per_floor":["M","?","?","?","M","E","$","R","T","R","E","M","M","E","R","B",null,"M","?","?","M","$","R","M","R","T","$","M","M","$","?","R","B"],"character_chosen":"IRONCLAD","items_purchased":["Corruption","Strange Spoon","Body Slam"],"campfire_rested":1,"item_purchase_floors":[7,22,27],"current_hp_per_floor":[74,68,73,51,57,63,63,63,63,63,59,52,42,48,48,8,67,60,60,60,42,42,42,33,59,59,59,71,72,72,72,72,0],"gold":56,"neow_bonus":"THREE_ENEMY_KILL","is_prod":false,"is_daily":false,"chose_seed":false,"campfire_upgraded":5,"win_rate":0,"timestamp":1560645152,"path_taken":["M","?","?","?","M","E","?","R","T","R","E","M","?","E","R","BOSS","M","?","?","?","$","R","M","R","T","$","M","M","$","?","R","BOSS"],"build_version":"2019-01-23","purchased_purges":1,"victory":false,"max_hp_per_floor":[75,68,73,73,73,73,73,73,73,73,87,87,87,87,87,87,87,87,87,87,87,87,87,87,87,87,87,87,87,87,87,87,87],"card_choices":[{"not_picked":["Pummel","Dropkick"],"picked":"Wild Strike","floor":1},{"not_picked":["Cleave","Dropkick"],"picked":"Wild Strike","floor":5},{"not_picked":["Clash","Pommel Strike"],"picked":"Ghostly Armor","floor":6},{"not_picked":["Corruption","Bloodletting"],"picked":"Cleave","floor":11},{"not_picked":["Sword Boomerang","True Grit"],"picked":"Carnage","floor":12},{"not_picked":["Warcry","Inflame"],"picked":"Impervious","floor":13},{"not_picked":["Power Through","Clothesline"],"picked":"Metallicize","floor":14},{"not_picked":["Immolate","Fiend Fire"],"picked":"Barricade","floor":16},{"not_picked":["Thunderclap","Twin Strike","Clothesline"],"picked":"SKIP","floor":18},{"not_picked":["Armaments","Sentinel"],"picked":"Heavy Blade","floor":21},{"not_picked":["Heavy Blade","Dropkick"],"picked":"Body Slam","floor":24},{"not_picked":["Dual Wield","Combust","Clothesline"],"picked":"SKIP","floor":28},{"not_picked":["Sword Boomerang","Perfected Strike","Fire Breathing"],"picked":"SKIP","floor":29}],"player_experience":1012637,"relics_obtained":[{"floor":6,"key":"Pen Nib"},{"floor":9,"key":"Red Skull"},{"floor":11,"key":"Mango"},{"floor":14,"key":"Sundial"},{"floor":26,"key":"Self Forming Clay"}],"event_choices":[{"damage_healed":0,"gold_gain":0,"player_choice":"Lose Max HP","damage_taken":0,"relics_obtained":["Golden Idol"],"max_hp_gain":0,"max_hp_loss":7,"event_name":"Golden Idol","floor":2,"gold_loss":0},{"damage_healed":0,"gold_gain":0,"player_choice":"Donut","damage_taken":0,"max_hp_gain":5,"max_hp_loss":0,"event_name":"Big Fish","floor":3,"gold_loss":0},{"damage_healed":0,"gold_gain":0,"player_choice":"Entered Light","damage_taken":22,"max_hp_gain":0,"max_hp_loss":0,"event_name":"Shining Light","floor":4,"gold_loss":0,"cards_upgraded":["Wild Strike","Bash"]},{"damage_healed":0,"gold_gain":0,"player_choice":"Read","damage_taken":0,"max_hp_gain":0,"max_hp_loss":0,"event_name":"The Library","floor":19,"gold_loss":0,"cards_obtained":["Carnage"]},{"damage_healed":0,"gold_gain":0,"cards_transformed":["Carnage"],"player_choice":"Transformed","damage_taken":0,"max_hp_gain":0,"max_hp_loss":0,"event_name":"Transmorgrifier","floor":20,"gold_loss":0,"cards_obtained":["Pummel"]},{"damage_healed":0,"gold_gain":0,"player_choice":"Traded Relic","damage_taken":0,"relics_obtained":["Nloth\u0027s Gift"],"max_hp_gain":0,"max_hp_loss":0,"event_name":"N\u0027loth","floor":31,"relics_lost":["Red Skull"],"gold_loss":0}],"is_beta":false,"boss_relics":[{"not_picked":["Empty Cage","Sozu"],"picked":"Snecko Eye"}],"items_purged_floors":[22],"is_endless":false,"potions_floor_spawned":[1,6,12,13,21,29],"killed_by":"Automaton","ascension_level":18}