{"gold_per_floor":[119,119,134,10,20,55,55,80,80,122,165,188,200,230,242,349,361,387,415,444,456,174,174],"floor_reached":23,"playtime":1620,"items_purged":["Defend_R","Defend_R"],"score":211,"play_id":"db58cc48-35dd-49d8-b252-9a97bc6a8d6d","local_time":"20190429084956","is_ascension_mode":false,"campfire_choices":[{"data":"Armaments","floor":7,"key":"SMITH"},{"data":"Limit Break","floor":13,"key":"SMITH"},{"floor":15,"key":"REST"}],"neow_cost":"NONE","seed_source_timestamp":83542378801960,"circlet_count":0,"master_deck":["Strike_R+1","Strike_R+1","Strike_R+1","Strike_R+1","Defend_R","Bash+1","Inflame","Armaments+1","Armaments","Headbutt","Limit Break+1","Cleave","Cleave","Feed","Ghostly Armor+1","Heavy Blade","Body Slam","Flex"],"relics":["Burning Blood","Whetstone","Sundial","MawBank","Odd Mushroom","Girya","Empty Cage","Blood Vial"],"potions_floor_usage":[6,16,19,20,20,23],"damage_taken":[{"damage":10,"enemies":"Jaw Worm","floor":1,"turns":4},{"damage":0,"enemies":"Small Slimes","floor":3,"turns":2},{"damage":0,"enemies":"2 Louse","floor":5,"turns":3},{"damage":14,"enemies":"Gremlin Nob","floor":6,"turns":3},{"damage":14,"enemies":"Lagavulin","floor":8,"turns":8},{"damage":10,"enemies":"The Mushroom Lair","floor":10,"turns":6},{"damage":14,"enemies":"Gremlin Nob","floor":11,"turns":3},{"damage":5,"enemies":"Exordium Thugs","floor":12,"turns":4},{"damage":10,"enemies":"Large Slime","floor":14,"turns":6},{"damage":34,"enemies":"The Guardian","floor":16,"turns":7},{"damage":0,"enemies":"Chosen","floor":18,"turns":4},{"damage":35,"enemies":"2 Thieves","floor":19,"turns":4},{"damage":46,"enemies":"Shelled Parasite and Fungi","floor":20,"turns":10},{"damage":57,"enemies":"Slavers","floor":23,"turns":5}],"seed_played":"-6160314981593062259","potions_obtained":[{"floor":3,"key":"Explosive Potion"},{"floor":10,"key":"Swift Potion"},{"floor":14,"key":"PowerPotion"},{"floor":16,"key":"LiquidBronze"},{"floor":18,"key":"Strength Potion"},{"floor":19,"key":"SkillPotion"}],"is_trial":false,"path_per_floor":["M","?","M","$","M","E","R","E","T","?","E","M","R","M","R","B",null,"M","M","M","?","$","E"],"character_chosen":"IRONCLAD","items_purchased":["Armaments","Flex","Blood Vial"],"campfire_rested":1,"item_purchase_floors":[4,22,22],"current_hp_per_floor":[76,60,66,66,72,64,64,56,56,52,44,45,45,41,65,37,80,83,58,21,51,51,0],"gold":174,"neow_bonus":"UPGRADE_CARD","is_prod":false,"is_daily":false,"chose_seed":false,"campfire_upgraded":2,"win_rate":0.0,"timestamp":1556552996,"path_taken":["M","?","M","$","M","E","R","E","T","?","E","M","R","M","R","BOSS","M","M","M","?","$","E"],"build_version":"2019-01-23","purchased_purges":2,"victory":false,"max_hp_per_floor":[80,80,80,80,80,80,80,80,80,80,80,80,80,80,80,80,80,83,87,90,90,90,93],"card_choices":[{"not_picked":["Iron Wave","Perfected Strike","Warcry"],"picked":"SKIP","floor":1},{"not_picked":["Havoc","Perfected Strike"],"picked":"Inflame","floor":3},{"not_picked":["Hemokinesis","Warcry","Seeing Red"],"picked":"SKIP","floor":5},{"not_picked":["Flame Barrier","Heavy Blade"],"picked":"Armaments","floor":6},{"not_picked":["Perfected Strike","Sword Boomerang","Combust"],"picked":"SKIP","floor":8},{"not_picked":["Anger","Perfected Strike"],"picked":"Headbutt","floor":10},{"not_picked":["Shrug It Off","Body Slam"],"picked":"Limit Break","floor":11},{"not_picked":["Havoc","Seeing Red"],"picked":"Cleave","floor":12},{"not_picked":["Feel No Pain","Sword Boomerang"],"picked":"Cleave","floor":14},{"not_picked":["Impervious","Offering"],"picked":"Feed","floor":16},{"not_picked":["Armaments","Sword Boomerang"],"picked":"Ghostly Armor+1","floor":18},{"not_picked":["Rage","Second Wind+1"],"picked":"Heavy Blade","floor":19},{"not_picked":["Thunderclap","Armaments"],"picked":"Body Slam","floor":20}],"player_experience":55475,"relics_obtained":[{"floor":6,"key":"Whetstone"},{"floor":8,"key":"Sundial"},{"floor":9,"key":"MawBank"},{"floor":10,"key":"Odd Mushroom"},{"floor":11,"key":"Girya"}],"event_choices":[{"damage_healed":0,"gold_gain":0,"player_choice":"Entered Light","damage_taken":16,"max_hp_gain":0,"max_hp_loss":0,"event_name":"Shining Light","floor":2,"gold_loss":0,"cards_upgraded":["Strike_R","Strike_R"]},{"damage_healed":0,"gold_gain":0,"player_choice":"Fought Mushrooms","damage_taken":0,"max_hp_gain":0,"max_hp_loss":0,"event_name":"Mushrooms","floor":10,"gold_loss":0},{"damage_healed":30,"gold_gain":0,"player_choice":"Heal","damage_taken":0,"max_hp_gain":0,"max_hp_loss":0,"event_name":"The Library","floor":21,"gold_loss":0}],"is_beta":false,"boss_relics":[{"not_picked":["Sozu","Ectoplasm"],"picked":"Empty Cage"}],"items_purged_floors":[4,22],"is_endless":false,"potions_floor_spawned":[3,10,14,16,18,19],"killed_by":"Slavers","ascension_level":0}