{"gold_per_floor":[117,130,130,145,48,77,77,108,108,135,149,149,169,195,195,296,296,296,57,57,57,27,27,27,27,27,27,27,27,27,27,27,27,27,27,27,27,27,27,27,27,27,27,27,27,27,27,27,27,27],"floor_reached":51,"playtime":2274,"items_purged":["Normality","Strike_G"],"score":923,"play_id":"0f349120-6703-44b8-8fef-680ce6e9c679","local_time":"20190203174504","is_ascension_mode":true,"campfire_choices":[{"floor":7,"key":"REST"},{"floor":12,"key":"REST"},{"floor":15,"key":"REST"},{"floor":23,"key":"REST"},{"floor":27,"key":"REST"},{"floor":29,"key":"REST"},{"floor":32,"key":"REST"},{"data":"Poisoned Stab","floor":40,"key":"SMITH"},{"data":"Catalyst","floor":42,"key":"SMITH"},{"data":"Burst","floor":44,"key":"SMITH"},{"floor":49,"key":"REST"}],"neow_cost":"CURSE","seed_source_timestamp":290047081517772,"circlet_count":0,"master_deck":["Defend_G","Defend_G","Defend_G","Defend_G","Defend_G","Strike_G","Strike_G","Strike_G","Survivor","Neutralize","Corpse Explosion","Dagger Spray","Crippling Poison","Catalyst+1","Bane","Poisoned Stab+1","Leg Sweep","Deadly Poison","Flying Knee","Masterful Stab","Dagger Throw","Backstab","Venomology","Footwork+1","Noxious Fumes","Dash","Catalyst+1","Deflect+1","Deflect","Well Laid Plans","Deadly Poison","Burst+1","Slice","Deflect+1","Catalyst+1","Poisoned Stab+1","Violence","Flash of Steel","Prepared+1","Dash+1"],"relics":["Ring of the Snake","Lantern","Darkstone Periapt","Juzu Bracelet","Bottled Flame","Matryoshka","Ectoplasm","MutagenicStrength","Sundial","Strawberry","Mango","Anchor","Philosopher\u0027s Stone","PreservedInsect","Letter Opener","Shovel","Tough Bandages"],"potions_floor_usage":[8,14,16,16,25,28,33,50,50,50],"damage_taken":[{"damage":1,"enemies":"Cultist","floor":1,"turns":5},{"damage":6,"enemies":"2 Louse","floor":2,"turns":2},{"damage":0,"enemies":"Small Slimes","floor":4,"turns":3},{"damage":35,"enemies":"Gremlin Nob","floor":6,"turns":5},{"damage":16,"enemies":"3 Sentries","floor":8,"turns":8},{"damage":20,"enemies":"Gremlin Nob","floor":10,"turns":4},{"damage":0,"enemies":"Gremlin Gang","floor":11,"turns":1},{"damage":1,"enemies":"Exordium Wildlife","floor":13,"turns":3},{"damage":5,"enemies":"3 Sentries","floor":14,"turns":7},{"damage":14,"enemies":"The Guardian","floor":16,"turns":7},{"damage":28,"enemies":"Spheric Guardian","floor":18,"turns":4},{"damage":6,"enemies":"2 Thieves","floor":22,"turns":3},{"damage":18,"enemies":"Centurion and Healer","floor":25,"turns":6},{"damage":48,"enemies":"Slavers","floor":28,"turns":5},{"damage":21,"enemies":"Gremlin Leader","floor":30,"turns":3},{"damage":0,"enemies":"Cultist and Chosen","floor":31,"turns":4},{"damage":44,"enemies":"Automaton","floor":33,"turns":8},{"damage":5,"enemies":"Orb Walker","floor":35,"turns":3},{"damage":1,"enemies":"3 Shapes","floor":38,"turns":4},{"damage":5,"enemies":"Jaw Worm Horde","floor":39,"turns":3},{"damage":0,"enemies":"Spire Growth","floor":45,"turns":3},{"damage":14,"enemies":"Nemesis","floor":47,"turns":3},{"damage":0,"enemies":"Mind Bloom Boss Battle","floor":48,"turns":3},{"damage":32,"enemies":"Donu and Deca","floor":50,"turns":7}],"seed_played":"-5616498892999682660","potions_obtained":[{"floor":1,"key":"AttackPotion"},{"floor":4,"key":"SpeedPotion"},{"floor":6,"key":"Fire Potion"},{"floor":10,"key":"Fire Potion"},{"floor":14,"key":"LiquidBronze"},{"floor":18,"key":"EssenceOfSteel"},{"floor":28,"key":"PowerPotion"},{"floor":31,"key":"FairyPotion"},{"floor":38,"key":"Dexterity Potion"},{"floor":45,"key":"Dexterity Potion"}],"is_trial":false,"path_per_floor":["M","M","?","M","$","E","R","E","T","E","M","R","M","E","R","B",null,"M","$","?","?","M","R","?","M","T","R","E","R","E","M","R","B",null,"M","?","?","M","M","R","?","R","T","R","M","?","E","?","R","B",null],"character_chosen":"THE_SILENT","items_purchased":["Poisoned Stab","Noxious Fumes","Dash"],"campfire_rested":8,"item_purchase_floors":[5,19,19],"current_hp_per_floor":[69,63,63,63,63,28,49,33,33,13,13,34,33,28,49,35,70,42,42,42,42,36,57,57,39,46,69,35,62,41,41,68,24,91,86,86,86,85,80,80,80,80,80,80,80,75,61,61,88,56],"gold":27,"neow_bonus":"THREE_RARE_CARDS","is_prod":false,"is_daily":false,"chose_seed":false,"campfire_upgraded":3,"win_rate":0,"timestamp":1549233904,"path_taken":["M","?","?","?","$","E","R","E","T","E","M","R","M","E","R","BOSS","M","$","?","?","M","R","?","M","T","R","E","R","E","M","R","BOSS","M","?","?","M","M","R","?","R","T","R","M","?","E","?","R","BOSS"],"build_version":"2019-01-23","purchased_purges":2,"victory":true,"max_hp_per_floor":[70,70,70,70,70,70,70,70,70,70,70,70,70,70,70,70,70,70,70,70,70,70,70,70,70,77,77,91,91,91,91,91,91,91,91,91,91,91,91,91,91,91,91,91,91,91,91,91,91,91],"card_choices":[{"not_picked":["Tools of the Trade","Adrenaline"],"picked":"Corpse Explosion","floor":0},{"not_picked":["Choke","Poisoned Stab"],"picked":"Dagger Spray","floor":1},{"not_picked":["Dodge and Roll","Concentrate"],"picked":"Crippling Poison","floor":2},{"not_picked":["Prepared","Blade Dance"],"picked":"Bane","floor":4},{"not_picked":["Setup","Predator"],"picked":"Leg Sweep","floor":6},{"not_picked":["Dagger Spray","Bullet Time"],"picked":"Deadly Poison","floor":8},{"not_picked":["Slice","Deflect"],"picked":"Flying Knee","floor":10},{"not_picked":["Distraction","Prepared"],"picked":"Masterful Stab","floor":11},{"not_picked":["Dodge and Roll","Blade Dance"],"picked":"Dagger Throw","floor":13},{"not_picked":["After Image","Flechettes"],"picked":"Backstab","floor":14},{"not_picked":["Night Terror","A Thousand Cuts"],"picked":"Venomology","floor":16},{"not_picked":["Accuracy","Outmaneuver"],"picked":"Footwork+1","floor":18},{"not_picked":["Outmaneuver+1","Flechettes+1"],"picked":"Deflect+1","floor":22},{"not_picked":["Flying Knee","Distraction+1"],"picked":"Deflect","floor":25},{"not_picked":["Flying Knee+1","Quick Slash+1"],"picked":"Well Laid Plans","floor":28},{"not_picked":["Storm of Steel","Caltrops"],"picked":"Deadly Poison","floor":30},{"not_picked":["Quick Slash","Sucker Punch"],"picked":"Finisher","floor":31},{"not_picked":["Grand Finale","Tools of the Trade"],"picked":"Burst","floor":33},{"not_picked":["Heel Hook","Finisher"],"picked":"Slice","floor":35},{"not_picked":["Crippling Poison","Prepared+1"],"picked":"Deflect+1","floor":38},{"not_picked":["Prepared+1","Finisher"],"picked":"Catalyst+1","floor":39},{"not_picked":["PiercingWail+1","Prepared"],"picked":"Poisoned Stab+1","floor":45},{"not_picked":["Swift Strike","PanicButton"],"picked":"Violence","floor":46},{"not_picked":["Thinking Ahead","HandOfGreed"],"picked":"Flash of Steel","floor":46},{"not_picked":["Noxious Fumes","Dagger Throw+1"],"picked":"Prepared+1","floor":47},{"not_picked":["Prepared","Skewer+1"],"picked":"Dash+1","floor":48}],"player_experience":144243,"relics_obtained":[{"floor":6,"key":"Lantern"},{"floor":8,"key":"Darkstone Periapt"},{"floor":9,"key":"Juzu Bracelet"},{"floor":10,"key":"Bottled Flame"},{"floor":14,"key":"Matryoshka"},{"floor":26,"key":"Sundial"},{"floor":26,"key":"Strawberry"},{"floor":28,"key":"Mango"},{"floor":30,"key":"Anchor"},{"floor":43,"key":"PreservedInsect"},{"floor":43,"key":"Letter Opener"},{"floor":47,"key":"Shovel"},{"floor":48,"key":"Tough Bandages"}],"event_choices":[{"damage_healed":0,"gold_gain":0,"cards_transformed":["Strike_G"],"player_choice":"Transformed","damage_taken":0,"max_hp_gain":0,"max_hp_loss":0,"event_name":"Transmorgrifier","floor":3,"gold_loss":0,"cards_obtained":["Catalyst"]},{"damage_healed":0,"gold_gain":0,"player_choice":"Copied","damage_taken":0,"max_hp_gain":0,"max_hp_loss":0,"event_name":"Duplicator","floor":20,"gold_loss":0,"cards_obtained":["Catalyst"]},{"damage_healed":0,"gold_gain":0,"player_choice":"Ignored","damage_taken":0,"max_hp_gain":0,"max_hp_loss":0,"event_name":"Beggar","floor":21,"gold_loss":0},{"damage_healed":0,"gold_gain":0,"player_choice":"Inject Mutagens","damage_taken":0,"relics_obtained":["MutagenicStrength"],"max_hp_gain":0,"max_hp_loss":0,"event_name":"Drug Dealer","floor":24,"gold_loss":0},{"damage_healed":0,"gold_gain":0,"player_choice":"Ignored","damage_taken":0,"max_hp_gain":0,"max_hp_loss":0,"event_name":"Mysterious Sphere","floor":36,"gold_loss":0},{"damage_healed":0,"gold_gain":0,"player_choice":"Upgraded","damage_taken":0,"max_hp_gain":0,"max_hp_loss":0,"event_name":"Upgrade Shrine","floor":37,"gold_loss":0,"cards_upgraded":["Catalyst"]},{"cards_removed":["Finisher"],"damage_healed":0,"gold_gain":0,"player_choice":"Removed Attack","damage_taken":0,"max_hp_gain":0,"max_hp_loss":0,"event_name":"Falling","floor":41,"gold_loss":0},{"damage_healed":0,"gold_gain":0,"player_choice":"Memory 2","damage_taken":5,"max_hp_gain":0,"max_hp_loss":0,"event_name":"SensoryStone","floor":46,"gold_loss":0},{"damage_healed":0,"gold_gain":0,"player_choice":"Fight","damage_taken":0,"max_hp_gain":0,"max_hp_loss":0,"event_name":"MindBloom","floor":48,"gold_loss":0}],"is_beta":false,"boss_relics":[{"not_picked":["Busted Crown","White Beast Statue"],"picked":"Ectoplasm"},{"not_picked":["HoveringKite","Snecko Eye"],"picked":"Philosopher\u0027s Stone"}],"items_purged_floors":[5,19],"is_endless":false,"potions_floor_spawned":[1,4,6,10,14,18,28,31,38,39,45],"ascension_level":3}