{"gold_per_floor":[118,138,313,328,345,345,357,357,382,415,415,415,415,430,430,507,507,527,527,626,639,178,178,191,191,191,209,209,223,234,234],"floor_reached":31,"playtime":1581,"items_purged":["Doubt"],"score":394,"play_id":"766aa36a-72e2-4f8a-936a-3b02438008d8","local_time":"20190501173810","is_ascension_mode":true,"campfire_choices":[{"data":"Conserve Battery","floor":6,"key":"SMITH"},{"data":"Machine Learning","floor":8,"key":"SMITH"},{"floor":13,"key":"REST"},{"data":"Seek","floor":15,"key":"SMITH"},{"floor":23,"key":"REST"},{"floor":25,"key":"REST"},{"data":"Defragment","floor":28,"key":"SMITH"}],"neow_cost":"NONE","seed_source_timestamp":421935273479148,"circlet_count":0,"master_deck":["AscendersBane","Strike_B","Strike_B","Strike_B","Defend_B","Defend_B","Defend_B","Zap","Dualcast","Machine Learning+1","Rebound","Conserve Battery+1","Conserve Battery","Sweeping Beam","Melter","Seek+1","Parasite","Leap","Reinforced Body+1","Defragment+1","Electrodynamics+1","Leap","Defragment+1","Glacier","Barrage+1"],"relics":["Cracked Core","Potion Belt","Oddly Smooth Stone","Astrolabe","Juzu Bracelet","Molten Egg 2","Centennial Puzzle"],"potions_floor_usage":[4,7,16,19,27,31],"damage_taken":[{"damage":12,"enemies":"Jaw Worm","floor":1,"turns":3},{"damage":1,"enemies":"2 Louse","floor":2,"turns":3},{"damage":0,"enemies":"Small Slimes","floor":4,"turns":1},{"damage":6,"enemies":"Looter","floor":5,"turns":5},{"damage":7,"enemies":"2 Fungi Beasts","floor":7,"turns":4},{"damage":38,"enemies":"3 Sentries","floor":10,"turns":7},{"damage":0,"enemies":"3 Louse","floor":14,"turns":3},{"damage":30,"enemies":"The Guardian","floor":16,"turns":14},{"damage":19,"enemies":"3 Byrds","floor":18,"turns":6},{"damage":43,"enemies":"Colosseum Slavers","floor":19,"turns":3},{"damage":3,"enemies":"Shell Parasite","floor":21,"turns":9},{"damage":14,"enemies":"Shelled Parasite and Fungi","floor":24,"turns":14},{"damage":2,"enemies":"Cultist and Chosen","floor":27,"turns":5},{"damage":9,"enemies":"Centurion and Healer","floor":29,"turns":9},{"damage":5,"enemies":"Snecko","floor":30,"turns":8},{"damage":24,"enemies":"Snake Plant","floor":31,"turns":2}],"seed_played":"4377526791099254684","potions_obtained":[{"floor":2,"key":"Explosive Potion"},{"floor":4,"key":"Swift Potion"},{"floor":5,"key":"Weak Potion"},{"floor":14,"key":"FearPotion"},{"floor":18,"key":"Regen Potion"},{"floor":24,"key":"Fire Potion"},{"floor":27,"key":"Fire Potion"}],"is_trial":false,"path_per_floor":["M","M","?","M","M","R","M","R","T","E","?","?","R","M","R","B",null,"M","?","?","M","$","R","M","R","T","M","R","M","M","M"],"character_chosen":"DEFECT","items_purchased":["Juzu Bracelet","Molten Egg 2"],"campfire_rested":3,"item_purchase_floors":[22,22],"current_hp_per_floor":[56,55,55,55,49,49,42,42,42,4,4,22,44,44,44,14,60,41,7,7,4,4,26,12,34,34,32,32,23,18,0],"gold":234,"neow_bonus":"ONE_RANDOM_RARE_CARD","is_prod":false,"is_daily":false,"chose_seed":false,"campfire_upgraded":4,"win_rate":0,"timestamp":1556757490,"path_taken":["M","M","?","M","M","R","M","R","T","E","?","?","R","M","R","BOSS","M","?","?","M","$","R","M","R","T","M","R","M","M","M"],"build_version":"2019-01-23","purchased_purges":1,"victory":false,"max_hp_per_floor":[75,75,75,75,75,75,75,75,75,75,75,75,75,75,75,75,75,75,75,75,75,75,75,75,75,75,75,75,75,75,75],"card_choices":[{"not_picked":["Stack","Heatsinks"],"picked":"Rebound","floor":1},{"not_picked":["Loop","Chill"],"picked":"Conserve Battery","floor":2},{"not_picked":["Rebound","Compile Driver"],"picked":"Conserve Battery","floor":4},{"not_picked":["Recycle","Beam Cell"],"picked":"Sweeping Beam","floor":5},{"not_picked":["Turbo","Scrape"],"picked":"Melter","floor":7},{"not_picked":["Capacitor","Melter"],"picked":"Seek","floor":10},{"not_picked":["Self Repair","Hologram"],"picked":"Leap","floor":14},{"not_picked":["Reboot","Seek"],"picked":"Core Surge","floor":16},{"not_picked":["Stack","Streamline"],"picked":"Leap","floor":18},{"not_picked":["Coolheaded","Scrape","Stack"],"picked":"SKIP","floor":21},{"not_picked":["Streamline+1","Barrage+1"],"picked":"Defragment","floor":24},{"not_picked":["Seek","Stack"],"picked":"Glacier","floor":27},{"not_picked":["Beam Cell+1","Rebound+1"],"picked":"Barrage+1","floor":29},{"not_picked":["Blizzard+1","Cold Snap+1","Rebound+1"],"picked":"SKIP","floor":30}],"player_experience":848689,"relics_obtained":[{"floor":9,"key":"Potion Belt"},{"floor":10,"key":"Oddly Smooth Stone"},{"floor":26,"key":"Centennial Puzzle"}],"event_choices":[{"damage_healed":0,"gold_gain":175,"player_choice":"AGREE","damage_taken":0,"max_hp_gain":0,"max_hp_loss":0,"event_name":"Liars Game","floor":3,"gold_loss":0,"cards_obtained":["Doubt"]},{"damage_healed":0,"gold_gain":0,"player_choice":"Searched \u00270\u0027 times","damage_taken":0,"max_hp_gain":0,"max_hp_loss":0,"event_name":"Dead Adventurer","floor":11,"gold_loss":0},{"damage_healed":18,"gold_gain":0,"player_choice":"Healed and dodged fight","damage_taken":0,"max_hp_gain":0,"max_hp_loss":0,"event_name":"Mushrooms","floor":12,"gold_loss":0,"cards_obtained":["Parasite"]},{"damage_healed":0,"gold_gain":0,"player_choice":"Fight","damage_taken":0,"max_hp_gain":0,"max_hp_loss":0,"event_name":"Colosseum","floor":19,"gold_loss":0},{"damage_healed":0,"gold_gain":0,"player_choice":"Fled From Nobs","damage_taken":0,"max_hp_gain":0,"max_hp_loss":0,"event_name":"Colosseum","floor":19,"gold_loss":0},{"damage_healed":0,"gold_gain":99,"player_choice":"Stole From Cult","damage_taken":0,"max_hp_gain":0,"max_hp_loss":0,"event_name":"Nest","floor":20,"gold_loss":0}],"is_beta":false,"boss_relics":[{"not_picked":["Runic Dome","Tiny House"],"picked":"Astrolabe"}],"items_purged_floors":[22],"is_endless":false,"potions_floor_spawned":[2,4,5,14,18,24,27],"killed_by":"Snake Plant","ascension_level":13}