{"gold_per_floor":[117,117,129,144,154,154,167,167,191,102,102,113,113,130,130,205,205,225,225,239,257,277,277,287,287,287,287,287,45,45,45,45,45],"floor_reached":33,"playtime":1157,"items_purged":[],"score":466,"play_id":"be3b38cd-d242-4616-a4b1-9f8a6eb0fef7","local_time":"20190628215725","is_ascension_mode":true,"campfire_choices":[{"data":"Enlightenment","floor":6,"key":"SMITH"},{"data":"Uppercut","floor":8,"key":"SMITH"},{"data":"Shrug It Off","floor":13,"key":"SMITH"},{"data":"Flame Barrier","floor":15,"key":"SMITH"},{"floor":23,"key":"REST"},{"floor":28,"key":"REST"},{"data":"Panacea","floor":30,"key":"SMITH"},{"floor":32,"key":"REST"}],"neow_cost":"PERCENT_DAMAGE","seed_source_timestamp":1378408458667884,"circlet_count":0,"master_deck":["AscendersBane","Strike_R","Strike_R","Strike_R","Defend_R","Defend_R","Defend_R","Defend_R","Bash","Panacea+1","Enlightenment+1","Uppercut+1","Flame Barrier+1","Shrug It Off+1","Feed","Ghostly Armor","Headbutt","Inflame","Double Tap+1","Heavy Blade","Ghostly Armor","Clothesline","Shrug It Off+1","Bludgeon","Double Tap"],"relics":["Burning Blood","Bronze Scales","Lizard Tail","Blue Candle","Enchiridion"],"potions_floor_usage":[7,16,16,21,22,22,33],"damage_taken":[{"damage":14,"enemies":"2 Louse","floor":1,"turns":3},{"damage":6,"enemies":"Cultist","floor":3,"turns":3},{"damage":4,"enemies":"Small Slimes","floor":4,"turns":4},{"damage":0,"enemies":"Red Slaver","floor":5,"turns":3},{"damage":0,"enemies":"3 Louse","floor":7,"turns":4},{"damage":0,"enemies":"Exordium Wildlife","floor":12,"turns":4},{"damage":1,"enemies":"Looter","floor":14,"turns":4},{"damage":44,"enemies":"Hexaghost","floor":16,"turns":9},{"damage":7,"enemies":"3 Byrds","floor":18,"turns":3},{"damage":5,"enemies":"Chosen","floor":20,"turns":5},{"damage":19,"enemies":"Centurion and Healer","floor":21,"turns":6},{"damage":38,"enemies":"3 Cultists","floor":22,"turns":5},{"damage":16,"enemies":"Snake Plant","floor":24,"turns":5},{"damage":137,"enemies":"Collector","floor":33,"turns":13}],"seed_played":"-3557749152005880499","potions_obtained":[{"floor":4,"key":"SkillPotion"},{"floor":5,"key":"FearPotion"},{"floor":12,"key":"PowerPotion"},{"floor":16,"key":"Fruit Juice"},{"floor":18,"key":"Weak Potion"},{"floor":20,"key":"Energy Potion"},{"floor":21,"key":"Block Potion"}],"is_trial":false,"path_per_floor":["M","?","M","M","M","R","M","R","T","$","?","M","R","M","R","B",null,"M","?","M","M","M","R","M","?","T","?","R","$","R","$","R","B"],"character_chosen":"IRONCLAD","items_purchased":["Ghostly Armor","Regen Potion","Double Tap"],"campfire_rested":3,"item_purchase_floors":[10,29,29],"current_hp_per_floor":[42,42,42,44,50,50,56,56,56,56,56,62,62,67,67,34,69,68,68,72,59,30,55,45,45,45,24,49,49,49,49,74,0],"gold":45,"neow_bonus":"RANDOM_COLORLESS_2","is_prod":false,"is_daily":false,"chose_seed":false,"campfire_upgraded":5,"win_rate":0,"timestamp":1561784245,"path_taken":["M","?","M","M","M","R","?","R","T","$","?","M","R","M","R","BOSS","M","?","M","?","M","R","M","?","T","?","R","?","R","$","R","BOSS"],"build_version":"2019-01-23","purchased_purges":0,"victory":false,"max_hp_per_floor":[75,75,75,75,75,75,75,75,75,75,75,75,75,75,75,80,80,80,80,83,83,86,86,86,86,86,86,86,86,86,86,86,86],"card_choices":[{"not_picked":["Warcry","Armaments"],"picked":"Uppercut","floor":1},{"not_picked":["Armaments","Sword Boomerang","Anger"],"picked":"SKIP","floor":3},{"not_picked":["Headbutt","Thunderclap"],"picked":"Flame Barrier","floor":4},{"not_picked":["Havoc","Cleave"],"picked":"Shrug It Off","floor":5},{"not_picked":["True Grit","Cleave"],"picked":"Feed","floor":7},{"not_picked":["Warcry","Cleave"],"picked":"Headbutt","floor":12},{"not_picked":["Wild Strike","Cleave"],"picked":"Inflame","floor":14},{"not_picked":["Immolate","Limit Break"],"picked":"Double Tap","floor":16},{"not_picked":["Cleave","Headbutt"],"picked":"Heavy Blade","floor":18},{"not_picked":["Cleave+1","Wild Strike"],"picked":"Ghostly Armor","floor":20},{"not_picked":["Hemokinesis","Anger","Combust"],"picked":"SKIP","floor":21},{"not_picked":["Cleave","Twin Strike"],"picked":"Clothesline","floor":22},{"not_picked":["Anger","Armaments"],"picked":"Shrug It Off+1","floor":24}],"player_experience":1103571,"relics_obtained":[{"floor":9,"key":"Bronze Scales"},{"floor":26,"key":"Blue Candle"},{"floor":27,"key":"Enchiridion"}],"event_choices":[{"cards_removed":["Strike_R"],"damage_healed":0,"gold_gain":0,"player_choice":"Offered Basic","damage_taken":0,"max_hp_gain":0,"max_hp_loss":0,"event_name":"Bonfire Elementals","floor":2,"gold_loss":0},{"cards_removed":["Strike_R"],"damage_healed":0,"gold_gain":0,"player_choice":"Purged","damage_taken":0,"max_hp_gain":0,"max_hp_loss":0,"event_name":"Purifier","floor":11,"gold_loss":0},{"damage_healed":0,"gold_gain":0,"player_choice":"Forge","damage_taken":0,"max_hp_gain":0,"max_hp_loss":0,"event_name":"Accursed Blacksmith","floor":19,"gold_loss":0,"cards_upgraded":["Double Tap"]},{"damage_healed":0,"gold_gain":0,"player_choice":"Read","damage_taken":0,"max_hp_gain":0,"max_hp_loss":0,"event_name":"The Library","floor":25,"gold_loss":0,"cards_obtained":["Bludgeon"]},{"damage_healed":0,"gold_gain":0,"player_choice":"Obtained Book","damage_taken":21,"max_hp_gain":0,"max_hp_loss":0,"event_name":"Cursed Tome","floor":27,"gold_loss":0}],"is_beta":false,"boss_relics":[{"not_picked":["Eternal Feather","Philosopher\u0027s Stone"],"picked":"Lizard Tail"}],"items_purged_floors":[],"is_endless":false,"potions_floor_spawned":[4,5,12,16,18,20,21],"killed_by":"Collector","ascension_level":19}