{"gold_per_floor":[366,366,331,349,73,98,98,160,210,210,223,235,235,251,251,354,354,367,367,379,405,109,134,134,165,212,235,260,299,311,146,146,243,243,262,279,279,154,254,29,44,59,59,59,94,110,110,141,141,141],"floor_reached":50,"playtime":2573,"items_purged":["Offering","Strike_R","Strike_R","Defend_R"],"score":677,"play_id":"392a7e27-1c50-4438-a7cc-43a56f8df89e","local_time":"20190203000209","is_ascension_mode":true,"campfire_choices":[{"data":"Armaments","floor":7,"key":"SMITH"},{"data":"Perfected Strike","floor":10,"key":"SMITH"},{"data":"Inflame","floor":13,"key":"SMITH"},{"data":"Uppercut","floor":15,"key":"SMITH"},{"floor":24,"key":"REST"},{"floor":30,"key":"REST"},{"data":"Armaments","floor":32,"key":"SMITH"},{"floor":44,"key":"REST"},{"floor":47,"key":"REST"},{"floor":49,"key":"REST"}],"neow_cost":"PERCENT_DAMAGE","seed_source_timestamp":225980623254578,"circlet_count":0,"master_deck":["Strike_R+1","Strike_R","Strike_R+1","Defend_R","Defend_R","Defend_R","Bash","Thunderclap+1","Inflame+1","Bludgeon","Armaments+1","Perfected Strike+1","Uppercut+1","Clash","Clash","Impervious","Armaments+1","Pommel Strike+1","Double Tap","True Grit+1","Ghostly Armor","Ghostly Armor+1","Flex+1","Inflame","Feed","Thunderclap+1","Inflame","Pommel Strike+1","Heavy Blade+1"],"relics":["Black Blood","MealTicket","Vajra","Tiny Chest","Ancient Tea Set","Velvet Choker","Bag of Preparation","Centennial Puzzle","Whetstone","Regal Pillow","MawBank","Art of War","Unceasing Top","Gremlin Horn","Ornamental Fan","Orichalcum"],"potions_floor_usage":[6,25,33,33,42,46,46,46,48],"damage_taken":[{"damage":2,"enemies":"Jaw Worm","floor":1,"turns":3},{"damage":1,"enemies":"Cultist","floor":4,"turns":3},{"damage":16,"enemies":"Lagavulin","floor":6,"turns":6},{"damage":6,"enemies":"Gremlin Nob","floor":8,"turns":3},{"damage":0,"enemies":"2 Louse","floor":11,"turns":2},{"damage":6,"enemies":"Looter","floor":12,"turns":2},{"damage":5,"enemies":"Gremlin Gang","floor":14,"turns":2},{"damage":32,"enemies":"Hexaghost","floor":16,"turns":7},{"damage":25,"enemies":"3 Byrds","floor":18,"turns":4},{"damage":15,"enemies":"Shell Parasite","floor":20,"turns":3},{"damage":27,"enemies":"Slavers","floor":23,"turns":4},{"damage":22,"enemies":"Book of Stabbing","floor":25,"turns":5},{"damage":24,"enemies":"Snake Plant","floor":27,"turns":2},{"damage":8,"enemies":"Snecko","floor":28,"turns":3},{"damage":0,"enemies":"Gremlin Leader","floor":29,"turns":3},{"damage":53,"enemies":"Automaton","floor":33,"turns":9},{"damage":10,"enemies":"3 Darklings","floor":35,"turns":5},{"damage":30,"enemies":"Orb Walker","floor":36,"turns":4},{"damage":1,"enemies":"Mind Bloom Boss Battle","floor":39,"turns":7},{"damage":17,"enemies":"Jaw Worm Horde","floor":41,"turns":4},{"damage":42,"enemies":"Maw","floor":42,"turns":6},{"damage":80,"enemies":"Nemesis","floor":45,"turns":9},{"damage":10,"enemies":"3 Darklings","floor":46,"turns":6},{"damage":26,"enemies":"Reptomancer","floor":48,"turns":4},{"damage":96,"enemies":"Time Eater","floor":50,"turns":10}],"seed_played":"-7664015942374334313","potions_obtained":[{"floor":4,"key":"Weak Potion"},{"floor":8,"key":"Swift Potion"},{"floor":12,"key":"Strength Potion"},{"floor":14,"key":"Poison Potion"},{"floor":25,"key":"SpeedPotion"},{"floor":33,"key":"EssenceOfSteel"},{"floor":36,"key":"FearPotion"},{"floor":42,"key":"Block Potion"},{"floor":46,"key":"Regen Potion"}],"is_trial":false,"path_per_floor":["M","?","?","M","$","E","R","E","T","R","M","M","R","M","R","B",null,"M","?","M","T","$","E","R","E","T","M","M","E","R","$","R","B",null,"M","M","?","$","?","$","M","M","T","R","E","M","R","E","R","B"],"character_chosen":"IRONCLAD","items_purchased":["Bludgeon","MealTicket","Double Tap","Centennial Puzzle","Inflame","Inflame"],"campfire_rested":5,"item_purchase_floors":[5,5,22,22,31,40],"current_hp_per_floor":[60,44,64,69,69,59,59,59,59,59,65,65,65,66,66,40,80,61,61,52,52,67,46,70,54,54,36,34,40,79,80,80,33,80,80,60,60,75,80,80,76,44,44,83,17,17,58,54,87,0],"gold":141,"neow_bonus":"TWO_FIFTY_GOLD","is_prod":false,"is_daily":false,"chose_seed":false,"campfire_upgraded":5,"win_rate":0,"timestamp":1549170129,"path_taken":["M","?","?","M","$","E","R","E","T","R","M","M","R","M","R","BOSS","M","?","?","?","$","E","R","E","T","M","?","E","R","$","R","BOSS","M","M","?","$","?","$","M","M","T","R","E","M","R","E","R","BOSS"],"build_version":"2019-01-23","purchased_purges":4,"victory":false,"max_hp_per_floor":[80,80,80,80,80,80,80,80,80,80,80,80,80,80,80,80,80,80,80,80,80,80,80,80,80,80,80,80,80,80,80,80,80,80,80,80,80,80,80,80,83,83,83,83,87,87,87,87,87,87],"card_choices":[{"not_picked":["Battle Trance","Sword Boomerang"],"picked":"Thunderclap","floor":1},{"not_picked":["Warcry","Bloodletting"],"picked":"Inflame","floor":4},{"not_picked":["Feel No Pain","Body Slam"],"picked":"Armaments","floor":6},{"not_picked":["Ghostly Armor","Combust"],"picked":"Perfected Strike","floor":8},{"not_picked":["Body Slam","Iron Wave"],"picked":"Uppercut","floor":11},{"not_picked":["Pommel Strike","Armaments"],"picked":"Clash","floor":12},{"not_picked":["Flame Barrier","Thunderclap"],"picked":"Clash","floor":14},{"not_picked":["Offering","Barricade"],"picked":"Impervious","floor":16},{"not_picked":["Body Slam","Evolve"],"picked":"Armaments","floor":18},{"not_picked":["Clothesline","Bloodletting"],"picked":"Pommel Strike","floor":20},{"not_picked":["Whirlwind+1","Berserk"],"picked":"True Grit+1","floor":23},{"not_picked":["Pommel Strike","Heavy Blade"],"picked":"Ghostly Armor","floor":25},{"not_picked":["Iron Wave","Burning Pact"],"picked":"Ghostly Armor+1","floor":27},{"not_picked":["Anger","Hemokinesis+1","Sword Boomerang"],"picked":"SKIP","floor":28},{"not_picked":["Headbutt+1","Thunderclap"],"picked":"Flex+1","floor":29},{"not_picked":["Berserk","Immolate"],"picked":"Feed","floor":33},{"not_picked":["Shrug It Off+1","Intimidate"],"picked":"Thunderclap+1","floor":35},{"not_picked":["Body Slam","Thunderclap","Clothesline"],"picked":"SKIP","floor":36},{"not_picked":["Rampage","Body Slam+1","Thunderclap"],"picked":"SKIP","floor":41},{"not_picked":["Fire Breathing+1","Evolve","Warcry+1"],"picked":"SKIP","floor":42},{"not_picked":["Sword Boomerang","Double Tap","Headbutt"],"picked":"SKIP","floor":45},{"not_picked":["Clothesline","Sword Boomerang+1"],"picked":"Pommel Strike+1","floor":46},{"not_picked":["Iron Wave","Twin Strike"],"picked":"Heavy Blade+1","floor":48}],"player_experience":140774,"relics_obtained":[{"floor":6,"key":"Vajra"},{"floor":8,"key":"Tiny Chest"},{"floor":9,"key":"Ancient Tea Set"},{"floor":21,"key":"Bag of Preparation"},{"floor":23,"key":"Whetstone"},{"floor":25,"key":"Regal Pillow"},{"floor":26,"key":"MawBank"},{"floor":29,"key":"Art of War"},{"floor":39,"key":"Unceasing Top"},{"floor":43,"key":"Gremlin Horn"},{"floor":45,"key":"Ornamental Fan"},{"floor":48,"key":"Orichalcum"}],"event_choices":[{"damage_healed":0,"gold_gain":0,"player_choice":"Entered Light","damage_taken":16,"max_hp_gain":0,"max_hp_loss":0,"event_name":"Shining Light","floor":2,"gold_loss":0,"cards_upgraded":["Strike_R","Thunderclap"]},{"damage_healed":20,"gold_gain":0,"player_choice":"Healed","damage_taken":0,"max_hp_gain":0,"max_hp_loss":0,"event_name":"The Cleric","floor":3,"gold_loss":35},{"damage_healed":0,"gold_gain":0,"player_choice":"1 cards matched","damage_taken":0,"max_hp_gain":0,"max_hp_loss":0,"event_name":"Match and Keep!","floor":19,"gold_loss":0,"cards_obtained":["Offering"]},{"damage_healed":0,"gold_gain":0,"player_choice":"Ignored","damage_taken":0,"max_hp_gain":0,"max_hp_loss":0,"event_name":"Tomb of Lord Red Mask","floor":37,"gold_loss":0},{"damage_healed":0,"gold_gain":0,"player_choice":"Fight","damage_taken":0,"max_hp_gain":0,"max_hp_loss":0,"event_name":"MindBloom","floor":39,"gold_loss":0}],"is_beta":false,"boss_relics":[{"not_picked":["White Beast Statue","Eternal Feather"],"picked":"Velvet Choker"},{"not_picked":["Astrolabe","Black Star"],"picked":"Black Blood"}],"items_purged_floors":[22,31,38,40],"is_endless":false,"potions_floor_spawned":[4,8,12,14,18,20,25,33,36,42,45,46],"killed_by":"Time Eater","ascension_level":2}