{"gold_per_floor":[114,114,133,150,150,185,110,144,144,174,174,0,30,80,80,80],"floor_reached":16,"playtime":478,"items_purged":[],"score":232,"play_id":"31ff5fb8-22e5-4d7d-9c26-bae04b617cea","local_time":"20190617133109","is_ascension_mode":true,"campfire_choices":[{"floor":15,"key":"REST"}],"neow_cost":"NONE","seed_source_timestamp":307696718009501,"circlet_count":0,"master_deck":["AscendersBane","Strike_B","Strike_B","Strike_B","Defend_B","Defend_B","Defend_B","Defend_B","Zap+1","Dualcast","Consume","Compile Driver","Rebound","Ball Lightning","Cold Snap","Electrodynamics","Reinforced Body","Self Repair"],"relics":["Cracked Core","Juzu Bracelet","Letter Opener","Blue Candle","Molten Egg 2","Tiny Chest"],"potions_floor_usage":[6,10,10],"damage_taken":[{"damage":8,"enemies":"2 Louse","floor":1,"turns":3},{"damage":3,"enemies":"Small Slimes","floor":3,"turns":4},{"damage":1,"enemies":"Cultist","floor":4,"turns":3},{"damage":14,"enemies":"Gremlin Nob","floor":6,"turns":3},{"damage":30,"enemies":"Lagavulin","floor":8,"turns":5},{"damage":11,"enemies":"3 Sentries","floor":10,"turns":8},{"damage":36,"enemies":"Hexaghost","floor":16,"turns":9}],"seed_played":"7836873722165962448","potions_obtained":[{"floor":1,"key":"Fire Potion"},{"floor":3,"key":"LiquidBronze"},{"floor":5,"key":"Dexterity Potion"},{"floor":8,"key":"SpeedPotion"}],"is_trial":false,"path_per_floor":["M","?","M","M","?","E","?","E","T","E","?","$","?","?","R","B"],"character_chosen":"DEFECT","items_purchased":["Reinforced Body","Self Repair"],"campfire_rested":1,"item_purchase_floors":[12,12],"current_hp_per_floor":[63,63,60,59,59,45,45,15,15,4,30,30,12,12,35,0],"gold":80,"neow_bonus":"TEN_PERCENT_HP_BONUS","is_prod":false,"is_daily":false,"chose_seed":false,"campfire_upgraded":0,"win_rate":0,"timestamp":1560792669,"path_taken":["M","?","M","M","?","E","?","E","T","E","?","$","?","?","R","BOSS"],"build_version":"2019-01-23","purchased_purges":0,"victory":false,"max_hp_per_floor":[78,78,78,78,78,78,78,78,78,78,78,78,78,78,78,78],"card_choices":[{"not_picked":["Leap","Coolheaded"],"picked":"Consume","floor":1},{"not_picked":["Chaos","Self Repair"],"picked":"Compile Driver","floor":3},{"not_picked":["Conserve Battery","Go for the Eyes"],"picked":"Rebound","floor":4},{"not_picked":["Redo","Compile Driver"],"picked":"Ball Lightning","floor":6},{"not_picked":["Sweeping Beam","Ball Lightning"],"picked":"Cold Snap","floor":8},{"not_picked":["White Noise","Coolheaded"],"picked":"Electrodynamics","floor":10}],"player_experience":919128,"relics_obtained":[{"floor":6,"key":"Juzu Bracelet"},{"floor":8,"key":"Letter Opener"},{"floor":9,"key":"Blue Candle"},{"floor":10,"key":"Molten Egg 2"}],"event_choices":[{"damage_healed":0,"gold_gain":0,"player_choice":"Grow","damage_taken":0,"max_hp_gain":0,"max_hp_loss":0,"event_name":"Living Wall","floor":2,"gold_loss":0,"cards_upgraded":["Zap"]},{"damage_healed":0,"gold_gain":0,"player_choice":"Got Potions","damage_taken":0,"max_hp_gain":0,"max_hp_loss":0,"event_name":"Lab","floor":5,"gold_loss":0},{"cards_removed":["Strike_B"],"damage_healed":0,"gold_gain":0,"player_choice":"Card Removal","damage_taken":0,"max_hp_gain":0,"max_hp_loss":0,"event_name":"The Cleric","floor":7,"gold_loss":75},{"damage_healed":26,"gold_gain":0,"player_choice":"Banana","damage_taken":0,"max_hp_gain":0,"max_hp_loss":0,"event_name":"Big Fish","floor":11,"gold_loss":0},{"damage_healed":0,"gold_gain":0,"player_choice":"Success","damage_taken":18,"relics_obtained":["Tiny Chest"],"max_hp_gain":0,"max_hp_loss":0,"event_name":"Scrap Ooze","floor":13,"gold_loss":0},{"damage_healed":0,"gold_gain":50,"player_choice":"Pray","damage_taken":0,"max_hp_gain":0,"max_hp_loss":0,"event_name":"Golden Shrine","floor":14,"gold_loss":0}],"is_beta":false,"boss_relics":[],"items_purged_floors":[],"is_endless":false,"potions_floor_spawned":[1,3,8],"killed_by":"Hexaghost","ascension_level":20}