{"gold_per_floor":[115,134,152,164,89,104,104,135,162,6,22,0,0,18,18,121,121,132,132,146,157,177,205,205,130,130,145,158,158,158,171,171,267,267,284,304,314,332,346,374,374,393,393,411,426,426,125,143,143,143],"floor_reached":50,"playtime":4624,"items_purged":["Defend_B","Strike_B"],"score":506,"play_id":"bb19b0f9-ff38-46c6-9672-ec2ac4985d96","local_time":"20190509193034","is_ascension_mode":false,"campfire_choices":[{"floor":7,"key":"REST"},{"data":"Self Repair","floor":13,"key":"SMITH"},{"data":"Rebound","floor":15,"key":"SMITH"},{"data":"Leap","floor":24,"key":"SMITH"},{"data":"Zap","floor":30,"key":"SMITH"},{"data":"Steam","floor":32,"key":"SMITH"},{"data":"Seek","floor":41,"key":"SMITH"},{"data":"Redo","floor":49,"key":"SMITH"}],"neow_cost":"NONE","seed_source_timestamp":982982057085855,"circlet_count":0,"master_deck":["Strike_B","Strike_B","Strike_B+1","Defend_B","Defend_B","Zap+1","Dualcast","FTL","Rebound+1","Leap+1","Rebound+1","Self Repair+1","Turbo","All For One","Go for the Eyes+1","Steam+1","Go for the Eyes+1","Leap+1","Gash","Rebound","Seek+1","Doom and Gloom","Consume","Gash","Conserve Battery+1","Ball Lightning+1","Gash+1","Skim+1","Enlightenment","Beam Cell","Redo+1"],"relics":["FrozenCore","Vajra","Matryoshka","Oddly Smooth Stone","Art of War","PreservedInsect","Coffee Dripper","Whetstone","Meat on the Bone","Du-Vu Doll","Lantern","Ancient Tea Set","Anchor"],"potions_floor_usage":[2,3,16,20,22,27,28,31,35,38,39,44,45,48,48,48],"damage_taken":[{"damage":1,"enemies":"Cultist","floor":1,"turns":4},{"damage":0,"enemies":"2 Louse","floor":2,"turns":2},{"damage":3,"enemies":"Jaw Worm","floor":3,"turns":4},{"damage":0,"enemies":"Looter","floor":4,"turns":3},{"damage":13,"enemies":"Lots of Slimes","floor":6,"turns":3},{"damage":16,"enemies":"Lagavulin","floor":8,"turns":6},{"damage":0,"enemies":"2 Fungi Beasts","floor":11,"turns":3},{"damage":0,"enemies":"3 Louse","floor":14,"turns":3},{"damage":44,"enemies":"The Guardian","floor":16,"turns":11},{"damage":6,"enemies":"Shell Parasite","floor":18,"turns":4},{"damage":15,"enemies":"2 Thieves","floor":20,"turns":4},{"damage":29,"enemies":"Centurion and Healer","floor":21,"turns":6},{"damage":10,"enemies":"Cultist and Chosen","floor":22,"turns":5},{"damage":39,"enemies":"Slavers","floor":23,"turns":3},{"damage":17,"enemies":"3 Cultists","floor":27,"turns":6},{"damage":10,"enemies":"Sentry and Sphere","floor":28,"turns":4},{"damage":5,"enemies":"Shelled Parasite and Fungi","floor":31,"turns":6},{"damage":46,"enemies":"Champ","floor":33,"turns":11},{"damage":1,"enemies":"Orb Walker","floor":35,"turns":3},{"damage":25,"enemies":"3 Shapes","floor":36,"turns":3},{"damage":30,"enemies":"Transient","floor":37,"turns":5},{"damage":5,"enemies":"4 Shapes","floor":38,"turns":5},{"damage":25,"enemies":"3 Darklings","floor":39,"turns":3},{"damage":16,"enemies":"Nemesis","floor":40,"turns":5},{"damage":17,"enemies":"Jaw Worm Horde","floor":42,"turns":4},{"damage":7,"enemies":"4 Shapes","floor":44,"turns":5},{"damage":13,"enemies":"3 Darklings","floor":45,"turns":5},{"damage":0,"enemies":"Writhing Mass","floor":48,"turns":7},{"damage":72,"enemies":"Donu and Deca","floor":50,"turns":7}],"seed_played":"-3443985503725604714","potions_obtained":[{"floor":1,"key":"AttackPotion"},{"floor":2,"key":"Dexterity Potion"},{"floor":4,"key":"Ancient Potion"},{"floor":8,"key":"EssenceOfSteel"},{"floor":16,"key":"Swift Potion"},{"floor":21,"key":"Swift Potion"},{"floor":23,"key":"SkillPotion"},{"floor":27,"key":"PowerPotion"},{"floor":28,"key":"Swift Potion"},{"floor":33,"key":"Dexterity Potion"},{"floor":37,"key":"Dexterity Potion"},{"floor":38,"key":"Energy Potion"},{"floor":40,"key":"SteroidPotion"},{"floor":42,"key":"Fruit Juice"}],"is_trial":false,"path_per_floor":["M","M","M","M","$","M","R","E","T","$","M","?","R","M","R","B",null,"M","?","M","M","M","E","R","?","T","M","M","?","R","M","R","B",null,"M","M","M","M","M","E","R","M","T","M","M","?","$","M","R","B"],"character_chosen":"DEFECT","items_purchased":["PreservedInsect","Beam Cell","Weak Potion","SkillPotion","Swift Potion"],"campfire_rested":1,"item_purchase_floors":[10,47,47,47,47],"current_hp_per_floor":[74,74,71,71,71,58,75,59,59,59,59,59,59,69,69,25,75,75,75,70,51,51,22,22,22,22,27,39,39,39,56,56,22,75,75,60,52,57,44,50,50,45,45,53,62,62,62,72,72,0],"gold":143,"neow_bonus":"RANDOM_COMMON_RELIC","is_prod":false,"is_daily":false,"chose_seed":false,"campfire_upgraded":7,"win_rate":0,"timestamp":1557455434,"path_taken":["M","M","M","?","$","M","R","E","T","?","M","?","R","M","R","BOSS","M","?","M","?","M","E","R","?","T","M","M","?","R","M","R","BOSS","M","?","M","M","M","E","R","M","T","M","M","?","$","M","R","BOSS"],"build_version":"2019-01-23","purchased_purges":2,"victory":false,"max_hp_per_floor":[75,75,75,75,75,75,75,75,75,75,75,75,75,75,75,75,75,75,75,75,75,75,75,75,75,75,75,75,75,75,75,75,75,75,75,75,75,75,75,75,75,75,75,80,80,80,80,80,80,80],"card_choices":[{"not_picked":["Redo","Tempest"],"picked":"FTL","floor":1},{"not_picked":["Redo","Aggregate"],"picked":"Rebound","floor":2},{"not_picked":["Coolheaded","White Noise"],"picked":"Leap","floor":3},{"not_picked":["Reprogram","Cold Snap","Coolheaded"],"picked":"SKIP","floor":4},{"not_picked":["Capacitor","Coolheaded","Reinforced Body"],"picked":"SKIP","floor":6},{"not_picked":["Hologram","Meteor Strike"],"picked":"Rebound","floor":8},{"not_picked":["Cold Snap","Loop"],"picked":"Self Repair","floor":11},{"not_picked":["Lockon","Darkness"],"picked":"Turbo","floor":14},{"not_picked":["Biased Cognition","Electrodynamics"],"picked":"All For One","floor":16},{"not_picked":["Genetic Algorithm","Steam"],"picked":"Go for the Eyes+1","floor":18},{"not_picked":["Darkness","Hologram","Barrage"],"picked":"SKIP","floor":20},{"not_picked":["Redo","Auto Shields+1"],"picked":"Steam","floor":21},{"not_picked":["Doom and Gloom","Barrage"],"picked":"Go for the Eyes+1","floor":22},{"not_picked":["Leap+1","Tempest","Hologram"],"picked":"SKIP","floor":23},{"not_picked":["Tempest","Hologram"],"picked":"Leap+1","floor":23},{"not_picked":["Fusion","Conserve Battery"],"picked":"Gash","floor":27},{"not_picked":["Defragment+1","Double Energy+1"],"picked":"Rebound","floor":28},{"not_picked":["Cold Snap","Loop","Turbo"],"picked":"SKIP","floor":31},{"not_picked":["Creative AI","Rainbow"],"picked":"Seek","floor":33},{"not_picked":["Hologram","Stack+1"],"picked":"Doom and Gloom","floor":35},{"not_picked":["Ball Lightning","Cold Snap+1"],"picked":"Consume","floor":36},{"not_picked":["Redo","Leap"],"picked":"Gash","floor":37},{"not_picked":["Undo+1","Rebound"],"picked":"Conserve Battery+1","floor":38},{"not_picked":["Stack+1","Melter"],"picked":"Ball Lightning+1","floor":39},{"not_picked":["Coolheaded+1","Buffer"],"picked":"Gash+1","floor":40},{"not_picked":["Steam+1","Stack","Leap"],"picked":"SKIP","floor":42},{"not_picked":["Ball Lightning+1","Turbo+1"],"picked":"Skim+1","floor":44},{"not_picked":["Chill+1","Go for the Eyes","Turbo"],"picked":"SKIP","floor":45},{"not_picked":["PanicButton","Magnetism"],"picked":"Enlightenment","floor":46},{"not_picked":["Conserve Battery","Go for the Eyes+1"],"picked":"Redo","floor":48}],"player_experience":146179,"relics_obtained":[{"floor":8,"key":"Matryoshka"},{"floor":9,"key":"Oddly Smooth Stone"},{"floor":9,"key":"Art of War"},{"floor":23,"key":"Whetstone"},{"floor":26,"key":"Meat on the Bone"},{"floor":26,"key":"Du-Vu Doll"},{"floor":40,"key":"Ancient Tea Set"},{"floor":43,"key":"Anchor"}],"event_choices":[{"damage_healed":0,"gold_gain":0,"player_choice":"Left Gold","damage_taken":0,"max_hp_gain":0,"max_hp_loss":0,"event_name":"World of Goop","floor":12,"gold_loss":22},{"damage_healed":0,"gold_gain":0,"player_choice":"0 cards matched","damage_taken":0,"max_hp_gain":0,"max_hp_loss":0,"event_name":"Match and Keep!","floor":19,"gold_loss":0,"cards_obtained":[]},{"cards_removed":["Defend_B"],"damage_healed":0,"gold_gain":0,"player_choice":"Gave Gold","damage_taken":0,"max_hp_gain":0,"max_hp_loss":0,"event_name":"Beggar","floor":25,"gold_loss":75},{"damage_healed":0,"gold_gain":0,"player_choice":"Gave Potion","damage_taken":0,"relics_obtained":["Lantern"],"max_hp_gain":0,"max_hp_loss":0,"event_name":"WeMeetAgain","floor":29,"gold_loss":0},{"damage_healed":0,"gold_gain":0,"player_choice":"Memory 1","damage_taken":0,"max_hp_gain":0,"max_hp_loss":0,"event_name":"SensoryStone","floor":46,"gold_loss":0}],"is_beta":false,"boss_relics":[{"not_picked":["Fusion Hammer","Runic Pyramid"],"picked":"Coffee Dripper"},{"not_picked":["Sozu","Empty Cage"],"picked":"FrozenCore"}],"items_purged_floors":[5,47],"is_endless":false,"potions_floor_spawned":[1,2,4,8,16,21,23,27,28,33,37,38,40,42],"killed_by":"Donu and Deca","ascension_level":0}