{"gold_per_floor":[118,128,128,128,139,174,194,43,97,97,132,132,132,167,167,296,296,320,320,320,344,358,401,326,326,379,379,379,419,439,564,564,694,694,714,839,852,872,547,547,560,601,675,711,711,749,779,826,838,850],"floor_reached":51,"playtime":2541,"items_purged":["Strike_R"],"score":1519,"play_id":"18fcf913-b617-4683-a81d-0a5fec08ed2e","local_time":"20190617225307","daily_mods":["Cursed Run","Colorless Cards","Night Terrors"],"is_ascension_mode":true,"campfire_choices":[{"data":"Armaments","floor":15,"key":"SMITH"},{"data":"True Grit","floor":25,"key":"SMITH"},{"floor":32,"key":"REST"},{"data":"True Grit","floor":40,"key":"SMITH"},{"data":"Master of Strategy","floor":45,"key":"SMITH"},{"data":"Burning Pact","floor":49,"key":"SMITH"}],"neow_cost":"","seed_source_timestamp":0,"circlet_count":0,"master_deck":["AscendersBane","Defend_R","Defend_R","Defend_R","Defend_R","Bash+1","Sword Boomerang","Burning Pact+1","Thunderclap+1","Heavy Blade","Armaments+1","Parasite","Injury","Immolate","Havoc","Parasite","Panache+1","Flame Barrier","Twin Strike","True Grit+1","Dark Shackles","Bite","Bite","Bite","Bite","Bite","Sword Boomerang+1","Flame Barrier","True Grit+1","Bandage Up","Decay","Master of Strategy+1","Pummel","Armaments+1","Heavy Blade+1","Injury","Parasite"],"relics":["Cursed Key","Darkstone Periapt","Du-Vu Doll","Self Forming Clay","Whetstone","Pen Nib","Golden Idol","Art of War","Frozen Egg 2","Regal Pillow","Eternal Feather","Oddly Smooth Stone","Centennial Puzzle","Happy Flower","Dream Catcher","Prayer Wheel","Paper Frog","Busted Crown","Pocketwatch","Vajra","Juzu Bracelet","Orichalcum","Shuriken","Pear","MawBank","Bottled Lightning"],"potions_floor_usage":[7,11,16,16,16,29,31,33,50],"damage_taken":[{"damage":0,"enemies":"Small Slimes","floor":1,"turns":5},{"damage":0,"enemies":"Cultist","floor":2,"turns":2},{"damage":2,"enemies":"Jaw Worm","floor":5,"turns":3},{"damage":28,"enemies":"Gremlin Nob","floor":6,"turns":4},{"damage":0,"enemies":"Gremlin Gang","floor":7,"turns":1},{"damage":7,"enemies":"3 Sentries","floor":11,"turns":4},{"damage":27,"enemies":"Lagavulin","floor":14,"turns":4},{"damage":8,"enemies":"The Guardian","floor":16,"turns":9},{"damage":10,"enemies":"3 Byrds","floor":18,"turns":4},{"damage":5,"enemies":"Spheric Guardian","floor":21,"turns":3},{"damage":0,"enemies":"Cultist and Chosen","floor":22,"turns":4},{"damage":38,"enemies":"Gremlin Leader","floor":23,"turns":6},{"damage":32,"enemies":"Book of Stabbing","floor":29,"turns":5},{"damage":0,"enemies":"Snake Plant","floor":30,"turns":1},{"damage":2,"enemies":"Colosseum Slavers","floor":31,"turns":3},{"damage":16,"enemies":"Colosseum Nobs","floor":31,"turns":4},{"damage":90,"enemies":"Collector","floor":33,"turns":8},{"damage":9,"enemies":"Orb Walker","floor":35,"turns":3},{"damage":0,"enemies":"Mind Bloom Boss Battle","floor":36,"turns":3},{"damage":21,"enemies":"3 Darklings","floor":37,"turns":3},{"damage":10,"enemies":"Sphere and 2 Shapes","floor":38,"turns":6},{"damage":0,"enemies":"Jaw Worm Horde","floor":41,"turns":1},{"damage":4,"enemies":"Reptomancer","floor":42,"turns":4},{"damage":32,"enemies":"Nemesis","floor":44,"turns":3},{"damage":9,"enemies":"Giant Head","floor":46,"turns":5},{"damage":0,"enemies":"Spire Growth","floor":47,"turns":2},{"damage":32,"enemies":"Reptomancer","floor":48,"turns":4},{"damage":31,"enemies":"Donu and Deca","floor":50,"turns":6}],"seed_played":"8375174851829460272","potions_obtained":[{"floor":1,"key":"Swift Potion"},{"floor":4,"key":"Block Potion"},{"floor":4,"key":"AttackPotion"},{"floor":14,"key":"EntropicBrew"},{"floor":16,"key":"EssenceOfSteel"},{"floor":18,"key":"BloodPotion"},{"floor":30,"key":"SpeedPotion"},{"floor":37,"key":"GamblersBrew"},{"floor":38,"key":"Strength Potion"}],"is_trial":true,"path_per_floor":["M","M","?","?","M","E","M","$","T","?","E","?","?","E","R","B",null,"M","?","?","M","M","E","$","R","T","?","?","E","M","?","R","B",null,"M","?","M","M","$","R","M","E","T","E","R","E","M","E","R","B",null],"character_chosen":"IRONCLAD","items_purchased":["Blood Vial","Vajra","Juzu Bracelet","Pummel"],"campfire_rested":1,"item_purchase_floors":[8,39,39,39],"current_hp_per_floor":[72,72,65,65,63,35,35,35,41,47,42,48,48,23,23,23,84,76,76,76,73,75,39,39,54,60,60,60,32,34,26,105,37,93,88,97,84,90,90,108,108,111,117,101,122,124,127,101,122,106],"gold":862,"neow_bonus":"","is_prod":false,"is_daily":false,"chose_seed":false,"campfire_upgraded":5,"win_rate":0,"timestamp":1560826387,"path_taken":["M","M","?","?","M","E","?","?","T","?","E","?","?","E","R","BOSS","M","?","?","?","M","E","$","R","T","?","?","E","M","?","R","BOSS","M","?","M","M","$","R","M","E","T","E","R","E","M","E","R","BOSS"],"build_version":"2019-01-23","purchased_purges":1,"victory":true,"max_hp_per_floor":[80,80,80,80,80,80,80,80,86,92,92,98,98,98,98,104,104,104,104,104,104,104,104,104,104,110,110,110,110,110,110,105,111,111,111,111,111,111,111,111,111,111,117,127,127,127,127,127,127,133],"card_choices":[{"not_picked":["Corruption","Flex"],"picked":"Sword Boomerang","floor":1},{"not_picked":["Thunderclap","Cleave"],"picked":"Burning Pact","floor":2},{"not_picked":["Deep Breath","Enlightenment"],"picked":"Thunderclap","floor":5},{"not_picked":["Deep Breath","Burning Pact"],"picked":"Heavy Blade","floor":6},{"not_picked":["Clash","Uppercut"],"picked":"Armaments","floor":7},{"not_picked":["Wild Strike","Carnage"],"picked":"Immolate","floor":11},{"not_picked":["Thunderclap","Dual Wield"],"picked":"Havoc","floor":14},{"not_picked":["Bludgeon","Double Tap"],"picked":"Panache+1","floor":16},{"not_picked":["Mind Blast+1","Searing Blow","Jack Of All Trades"],"picked":"SKIP","floor":18},{"not_picked":["Dual Wield+1","Armaments"],"picked":"Twin Strike","floor":21},{"not_picked":["Twin Strike+1","Pommel Strike"],"picked":"True Grit","floor":22},{"not_picked":["Forethought","Thunderclap"],"picked":"Dark Shackles","floor":23},{"not_picked":["Power Through","Chrysalis"],"picked":"Sword Boomerang+1","floor":29},{"not_picked":["Thunderclap","Havoc"],"picked":"Flame Barrier","floor":30},{"not_picked":["Body Slam","Armaments"],"picked":"True Grit","floor":31},{"not_picked":["Dual Wield","Pommel Strike"],"picked":"Bandage Up","floor":32},{"not_picked":["The Bomb","Magnetism+1"],"picked":"Master of Strategy","floor":33},{"not_picked":["Carnage"],"picked":"SKIP","floor":35},{"not_picked":["Flex"],"picked":"SKIP","floor":35},{"not_picked":["Madness"],"picked":"SKIP","floor":37},{"not_picked":["Wild Strike+1"],"picked":"SKIP","floor":37},{"not_picked":["Mind Blast"],"picked":"SKIP","floor":38},{"not_picked":["Iron Wave"],"picked":"SKIP","floor":38},{"not_picked":[],"picked":"Armaments+1","floor":41},{"not_picked":[],"picked":"Heavy Blade+1","floor":41},{"not_picked":["PanicButton+1"],"picked":"SKIP","floor":42},{"not_picked":["Headbutt"],"picked":"SKIP","floor":44},{"not_picked":["Mayhem+1"],"picked":"SKIP","floor":46},{"not_picked":["Clash"],"picked":"SKIP","floor":47},{"not_picked":["Searing Blow"],"picked":"SKIP","floor":47},{"not_picked":["Secret Technique"],"picked":"SKIP","floor":48}],"player_experience":923985,"relics_obtained":[{"floor":6,"key":"Whetstone"},{"floor":9,"key":"Pen Nib"},{"floor":11,"key":"Art of War"},{"floor":14,"key":"Regal Pillow"},{"floor":20,"key":"Oddly Smooth Stone"},{"floor":23,"key":"Centennial Puzzle"},{"floor":26,"key":"Happy Flower"},{"floor":29,"key":"Dream Catcher"},{"floor":31,"key":"Prayer Wheel"},{"floor":31,"key":"Paper Frog"},{"floor":36,"key":"Pocketwatch"},{"floor":42,"key":"Orichalcum"},{"floor":43,"key":"Shuriken"},{"floor":44,"key":"Pear"},{"floor":46,"key":"MawBank"},{"floor":48,"key":"Bottled Lightning"}],"event_choices":[{"damage_healed":0,"gold_gain":0,"player_choice":"Success","damage_taken":7,"relics_obtained":["Self Forming Clay"],"max_hp_gain":0,"max_hp_loss":0,"event_name":"Scrap Ooze","floor":3,"gold_loss":0},{"damage_healed":0,"gold_gain":0,"player_choice":"Got Potions","damage_taken":0,"max_hp_gain":0,"max_hp_loss":0,"event_name":"Lab","floor":4,"gold_loss":0},{"damage_healed":0,"gold_gain":0,"player_choice":"Take Wound","damage_taken":0,"relics_obtained":["Golden Idol"],"max_hp_gain":0,"max_hp_loss":0,"event_name":"Golden Idol","floor":10,"gold_loss":0,"cards_obtained":["Injury"]},{"damage_healed":0,"gold_gain":0,"player_choice":"Box","damage_taken":0,"relics_obtained":["Frozen Egg 2"],"max_hp_gain":0,"max_hp_loss":0,"event_name":"Big Fish","floor":12,"gold_loss":0,"cards_obtained":["Regret"]},{"cards_removed":["Regret"],"damage_healed":0,"gold_gain":0,"player_choice":"Forget","damage_taken":0,"max_hp_gain":0,"max_hp_loss":0,"event_name":"Living Wall","floor":13,"gold_loss":0},{"damage_healed":0,"gold_gain":0,"player_choice":"Read","damage_taken":0,"max_hp_gain":0,"max_hp_loss":0,"event_name":"The Library","floor":19,"gold_loss":0,"cards_obtained":["Flame Barrier"]},{"damage_healed":0,"gold_gain":0,"player_choice":"Relic","damage_taken":0,"max_hp_gain":0,"max_hp_loss":0,"event_name":"Wheel of Change","floor":20,"gold_loss":0},{"cards_removed":["Normality"],"damage_healed":0,"gold_gain":0,"player_choice":"Elegance","damage_taken":0,"max_hp_gain":0,"max_hp_loss":0,"event_name":"Back to Basics","floor":27,"gold_loss":0},{"damage_healed":0,"gold_gain":0,"player_choice":"Became a vampire (Vial)","damage_taken":0,"max_hp_gain":0,"max_hp_loss":0,"event_name":"Vampires","floor":28,"relics_lost":["Blood Vial"],"gold_loss":0,"cards_obtained":["Bite","Bite","Bite","Bite","Bite"]},{"damage_healed":0,"gold_gain":0,"player_choice":"Fight","damage_taken":0,"max_hp_gain":0,"max_hp_loss":0,"event_name":"Colosseum","floor":31,"gold_loss":0},{"damage_healed":0,"gold_gain":0,"player_choice":"Fought Nobs","damage_taken":0,"max_hp_gain":0,"max_hp_loss":0,"event_name":"Colosseum","floor":31,"gold_loss":0},{"damage_healed":0,"gold_gain":0,"player_choice":"Fight","damage_taken":0,"max_hp_gain":0,"max_hp_loss":0,"event_name":"MindBloom","floor":36,"gold_loss":0}],"is_beta":false,"boss_relics":[{"not_picked":["Tiny House","Velvet Choker"],"picked":"Eternal Feather"},{"not_picked":["Fusion Hammer","Calling Bell"],"picked":"Busted Crown"}],"items_purged_floors":[24],"is_endless":false,"potions_floor_spawned":[1,6,14,16,18,21,30,31,37,38,41,42,46,48],"ascension_level":10}