{"gold_per_floor":[114,114,114,130,143,143,143,143,143,143,143,143,178,178,178,269,269,289,469,41,55,55,55,89,89,113,113],"floor_reached":27,"playtime":680,"items_purged":[],"score":450,"play_id":"21497fa2-0c42-4d29-b714-08980df85567","local_time":"20190608090940","is_ascension_mode":true,"campfire_choices":[{"data":"Zap","floor":6,"key":"SMITH"},{"data":"Tempest","floor":8,"key":"SMITH"},{"data":"Compile Driver","floor":11,"key":"SMITH"},{"data":"Dualcast","floor":15,"key":"SMITH"},{"floor":23,"key":"REST"},{"floor":25,"key":"REST"}],"neow_cost":"NONE","seed_source_timestamp":378104514770359,"circlet_count":0,"master_deck":["AscendersBane","Strike_B","Strike_B","Strike_B","Strike_B","Defend_B+1","Defend_B+1","Defend_B","Defend_B","Zap+1","Dualcast+1","Leap","Compile Driver+1","Tempest+1","Injury","Cold Snap","Biased Cognition","White Noise+1","Panache","Conserve Battery","Ball Lightning+1","Shame"],"relics":["Cracked Core","NeowsBlessing","Letter Opener","Symbiotic Virus","Golden Idol","Incense Burner","Cursed Key","OrangePellets","Dodecahedron","War Paint"],"potions_floor_usage":[13,21,24,24],"damage_taken":[{"damage":0,"enemies":"Cultist","floor":1,"turns":1},{"damage":0,"enemies":"Small Slimes","floor":4,"turns":1},{"damage":0,"enemies":"2 Louse","floor":5,"turns":1},{"damage":11,"enemies":"Gremlin Nob","floor":13,"turns":3},{"damage":33,"enemies":"The Guardian","floor":16,"turns":12},{"damage":0,"enemies":"Chosen","floor":18,"turns":3},{"damage":28,"enemies":"2 Thieves","floor":21,"turns":3},{"damage":26,"enemies":"Gremlin Leader","floor":24,"turns":7},{"damage":29,"enemies":"Snake Plant","floor":27,"turns":2}],"seed_played":"3281112380375348643","potions_obtained":[{"floor":7,"key":"Ancient Potion"},{"floor":7,"key":"Dexterity Potion"},{"floor":13,"key":"Swift Potion"},{"floor":21,"key":"Explosive Potion"}],"is_trial":false,"path_per_floor":["M","T","?","M","M","R","?","R","T","$","R","?","E","?","R","B",null,"M","?","$","M","$","R","E","R","T","M"],"character_chosen":"DEFECT","items_purchased":["OrangePellets","Panache","Conserve Battery"],"campfire_rested":2,"item_purchase_floors":[20,20,20],"current_hp_per_floor":[64,64,54,54,54,54,54,54,54,54,54,54,43,43,43,10,56,56,35,35,7,7,28,2,23,23,0],"gold":113,"neow_bonus":"THREE_ENEMY_KILL","is_prod":false,"is_daily":false,"chose_seed":false,"campfire_upgraded":4,"win_rate":0,"timestamp":1559999380,"path_taken":["M","?","?","?","M","R","?","R","T","?","R","?","E","?","R","BOSS","M","?","$","M","?","R","E","R","T","M"],"build_version":"2019-01-23","purchased_purges":0,"victory":false,"max_hp_per_floor":[71,71,71,71,71,71,71,71,71,71,71,71,71,71,71,71,71,71,71,71,71,71,71,71,71,71,71],"card_choices":[{"not_picked":["Gash","Barrage"],"picked":"Leap","floor":1},{"not_picked":["Steam","Skim"],"picked":"Compile Driver","floor":4},{"not_picked":["Darkness","Compile Driver"],"picked":"Tempest","floor":5},{"not_picked":["BootSequence","Turbo"],"picked":"Cold Snap","floor":13},{"not_picked":["Rainbow","Multi-Cast"],"picked":"Biased Cognition","floor":16},{"not_picked":["Chaos","Conserve Battery"],"picked":"White Noise+1","floor":18},{"not_picked":["Barrage","Heatsinks","Fusion"],"picked":"SKIP","floor":21},{"not_picked":["Streamline","Hologram"],"picked":"Ball Lightning+1","floor":24}],"player_experience":865315,"relics_obtained":[{"floor":2,"key":"Letter Opener"},{"floor":9,"key":"Symbiotic Virus"},{"floor":13,"key":"Incense Burner"},{"floor":24,"key":"Dodecahedron"},{"floor":26,"key":"War Paint"}],"event_choices":[{"damage_healed":0,"gold_gain":0,"player_choice":"Damaged","damage_taken":10,"max_hp_gain":0,"max_hp_loss":0,"event_name":"Wheel of Change","floor":3,"gold_loss":0},{"damage_healed":0,"gold_gain":0,"player_choice":"Got Potions","damage_taken":0,"max_hp_gain":0,"max_hp_loss":0,"event_name":"Lab","floor":7,"gold_loss":0},{"damage_healed":0,"gold_gain":0,"player_choice":"Take Wound","damage_taken":0,"relics_obtained":["Golden Idol"],"max_hp_gain":0,"max_hp_loss":0,"event_name":"Golden Idol","floor":12,"gold_loss":0,"cards_obtained":["Injury"]},{"damage_healed":0,"gold_gain":0,"player_choice":"Ignored","damage_taken":0,"max_hp_gain":0,"max_hp_loss":0,"event_name":"Liars Game","floor":14,"gold_loss":0},{"damage_healed":0,"gold_gain":180,"player_choice":"GOLD GOLD ","damage_taken":21,"max_hp_gain":0,"max_hp_loss":0,"event_name":"Knowing Skull","floor":19,"potions_obtained":[],"gold_loss":0,"cards_obtained":[]}],"is_beta":false,"boss_relics":[{"not_picked":["Ectoplasm","Runic Pyramid"],"picked":"Cursed Key"}],"items_purged_floors":[],"is_endless":false,"potions_floor_spawned":[13,21],"killed_by":"Snake Plant","ascension_level":20}