{"gold_per_floor":[10,0,0,17,17,45,45,74,100,100,100,116,151,168,168,241,241,251,261,261,261,278,278,278,278,278,117,137,155,172,172,172,247,247,260,274,284,284,294,294,325,343,415,415,80,80,80,80,80,80],"floor_reached":51,"playtime":1723,"items_purged":["Strike_B+1","Parasite"],"score":1525,"play_id":"c70aabd4-8145-448a-a883-3b1518c9a609","local_time":"20190404185809","is_ascension_mode":true,"campfire_choices":[{"floor":7,"key":"REST"},{"floor":10,"key":"REST"},{"data":"Buffer","floor":15,"key":"SMITH"},{"data":"Biased Cognition","floor":23,"key":"SMITH"},{"data":"Darkness","floor":25,"key":"SMITH"},{"data":"Defragment","floor":32,"key":"SMITH"},{"floor":40,"key":"REST"},{"floor":44,"key":"REST"},{"floor":49,"key":"REST"}],"neow_cost":"NO_GOLD","seed_source_timestamp":1299576466450944,"circlet_count":0,"master_deck":["AscendersBane","Strike_B+1","Strike_B+1","Strike_B+1","Defend_B+1","Defend_B+1","Defend_B+1","Defend_B+1","Zap+1","Dualcast","Rip and Tear","Auto Shields","Buffer+1","Ball Lightning","Cold Snap","Biased Cognition+1","Sweeping Beam+1","Darkness+1","Glacier","Doom and Gloom","Melter+1","Defragment+1","Core Surge","White Noise+1","Conserve Battery","Defragment+1","Defragment+1","Ball Lightning+1","Core Surge","Defragment+1"],"relics":["Cracked Core","FossilizedHelix","Happy Flower","Darkstone Periapt","Question Card","Omamori","Calipers","Cursed Key","Pear","Pantograph","MutagenicStrength","Sozu","Dodecahedron","Frozen Egg 2"],"potions_floor_usage":[16,16,33,33],"damage_taken":[{"damage":0,"enemies":"Jaw Worm","floor":1,"turns":3},{"damage":0,"enemies":"Small Slimes","floor":4,"turns":2},{"damage":40,"enemies":"3 Sentries","floor":6,"turns":8},{"damage":10,"enemies":"Gremlin Nob","floor":8,"turns":4},{"damage":0,"enemies":"Cultist","floor":12,"turns":2},{"damage":0,"enemies":"Lagavulin","floor":13,"turns":6},{"damage":0,"enemies":"Exordium Wildlife","floor":14,"turns":2},{"damage":0,"enemies":"The Guardian","floor":16,"turns":12},{"damage":0,"enemies":"Shell Parasite","floor":18,"turns":6},{"damage":0,"enemies":"2 Thieves","floor":19,"turns":4},{"damage":0,"enemies":"Snake Plant","floor":22,"turns":5},{"damage":0,"enemies":"Chosen and Byrds","floor":28,"turns":6},{"damage":0,"enemies":"3 Cultists","floor":29,"turns":5},{"damage":0,"enemies":"Snecko","floor":30,"turns":3},{"damage":0,"enemies":"Collector","floor":33,"turns":7},{"damage":0,"enemies":"3 Shapes","floor":35,"turns":6},{"damage":0,"enemies":"Orb Walker","floor":36,"turns":3},{"damage":0,"enemies":"Transient","floor":37,"turns":6},{"damage":37,"enemies":"Writhing Mass","floor":39,"turns":7},{"damage":20,"enemies":"Nemesis","floor":41,"turns":7},{"damage":4,"enemies":"4 Shapes","floor":42,"turns":5},{"damage":74,"enemies":"Donu and Deca","floor":50,"turns":12}],"seed_played":"-3278159391681555831","potions_obtained":[{"floor":8,"key":"Dexterity Potion"},{"floor":14,"key":"PowerPotion"},{"floor":16,"key":"FocusPotion"},{"floor":19,"key":"SkillPotion"}],"is_trial":false,"path_per_floor":["M","?","?","M","?","E","R","E","T","R","?","M","E","M","R","B",null,"M","M","?","?","M","R","?","R","T","$","M","M","M","?","R","B",null,"M","M","M","?","M","R","E","M","T","R","$","?","?","?","R","B",null],"character_chosen":"DEFECT","items_purchased":["Doom and Gloom","Core Surge","Defragment+1"],"campfire_rested":5,"item_purchase_floors":[27,45,45],"current_hp_per_floor":[64,64,64,64,59,19,40,30,30,51,51,51,51,51,51,51,66,66,66,66,66,66,66,76,76,76,76,76,76,76,76,76,81,81,81,81,81,81,44,68,48,44,50,76,76,76,76,76,80,6],"gold":80,"neow_bonus":"ONE_RARE_RELIC","is_prod":false,"is_daily":false,"chose_seed":false,"campfire_upgraded":4,"win_rate":0,"timestamp":1554418689,"path_taken":["M","?","?","?","?","E","R","E","T","R","?","M","E","?","R","BOSS","M","M","?","?","M","R","?","R","T","?","M","M","?","?","R","BOSS","M","M","M","?","M","R","E","M","T","R","$","?","?","?","R","BOSS"],"build_version":"2019-01-23","purchased_purges":2,"victory":true,"max_hp_per_floor":[71,71,71,71,71,71,71,71,71,71,71,71,71,71,71,71,71,71,71,71,71,71,71,81,81,81,81,81,81,81,81,81,81,81,81,81,81,81,81,81,81,81,87,87,84,80,80,80,80,80],"card_choices":[{"not_picked":["Steam","Rebound","Beam Cell"],"picked":"SKIP","floor":1},{"not_picked":["Rebound","Hologram","Turbo"],"picked":"SKIP","floor":4},{"not_picked":["Aggregate","Hologram"],"picked":"Rip and Tear","floor":6},{"not_picked":["Tempest","Skim"],"picked":"Auto Shields","floor":8},{"not_picked":["Blizzard","Stack","Compile Driver"],"picked":"Buffer","floor":12},{"not_picked":["Blizzard","Storm","Barrage"],"picked":"Ball Lightning","floor":13},{"not_picked":["Coolheaded","Barrage","Steam"],"picked":"Cold Snap","floor":14},{"not_picked":["Multi-Cast","Amplify","Meteor Strike"],"picked":"Biased Cognition","floor":16},{"not_picked":["Stack","Double Energy+1","Darkness"],"picked":"Sweeping Beam+1","floor":18},{"not_picked":["Cold Snap","Reprogram","Auto Shields"],"picked":"Darkness","floor":19},{"not_picked":["Blizzard","Force Field+1","Aggregate","Undo"],"picked":"SKIP","floor":22},{"not_picked":["Streamline","Go for the Eyes","Rebound"],"picked":"Melter","floor":28},{"not_picked":["Cold Snap+1","Turbo","Force Field","Self Repair"],"picked":"SKIP","floor":29},{"not_picked":["Chaos","Sweeping Beam","Streamline"],"picked":"Defragment","floor":30},{"not_picked":["Thunder Strike","Meteor Strike","Buffer"],"picked":"Core Surge","floor":33},{"not_picked":["Loop","Streamline","Go for the Eyes"],"picked":"White Noise+1","floor":35},{"not_picked":["Scrape","Skim+1","Lockon"],"picked":"Conserve Battery","floor":36},{"not_picked":["Double Energy","Steam","Beam Cell+1","Chill+1"],"picked":"SKIP","floor":37},{"not_picked":["Gash","Conserve Battery","Heatsinks"],"picked":"Defragment+1","floor":39},{"not_picked":["Force Field","Coolheaded+1","Turbo"],"picked":"Defragment+1","floor":41},{"not_picked":["Reprogram","Genetic Algorithm","Rebound"],"picked":"Ball Lightning+1","floor":42}],"player_experience":511059,"relics_obtained":[{"floor":6,"key":"Darkstone Periapt"},{"floor":8,"key":"Question Card"},{"floor":9,"key":"Omamori"},{"floor":13,"key":"Calipers"},{"floor":26,"key":"Pantograph"},{"floor":41,"key":"Dodecahedron"},{"floor":43,"key":"Frozen Egg 2"}],"event_choices":[{"damage_healed":0,"gold_gain":0,"player_choice":"Left Gold","damage_taken":0,"max_hp_gain":0,"max_hp_loss":0,"event_name":"World of Goop","floor":2,"gold_loss":10},{"damage_healed":0,"gold_gain":0,"player_choice":"Upgraded","damage_taken":0,"max_hp_gain":0,"max_hp_loss":0,"event_name":"Upgrade Shrine","floor":3,"gold_loss":0,"cards_upgraded":["Zap"]},{"damage_healed":0,"gold_gain":0,"player_choice":"Success","damage_taken":5,"relics_obtained":["Happy Flower"],"max_hp_gain":0,"max_hp_loss":0,"event_name":"Scrap Ooze","floor":5,"gold_loss":0},{"damage_healed":0,"gold_gain":0,"player_choice":"Ignored","damage_taken":0,"max_hp_gain":0,"max_hp_loss":0,"event_name":"Shining Light","floor":11,"gold_loss":0},{"damage_healed":0,"gold_gain":0,"player_choice":"Simplicity","damage_taken":0,"max_hp_gain":0,"max_hp_loss":0,"event_name":"Back to Basics","floor":20,"gold_loss":0,"cards_upgraded":["Strike_B","Strike_B","Strike_B","Strike_B","Defend_B","Defend_B","Defend_B","Defend_B"]},{"damage_healed":0,"gold_gain":0,"player_choice":"Read","damage_taken":0,"max_hp_gain":0,"max_hp_loss":0,"event_name":"The Library","floor":21,"gold_loss":0,"cards_obtained":["Glacier"]},{"damage_healed":0,"gold_gain":0,"player_choice":"Stole Relic","damage_taken":0,"relics_obtained":["Pear"],"max_hp_gain":0,"max_hp_loss":0,"event_name":"Addict","floor":24,"gold_loss":0,"cards_obtained":["Shame"]},{"damage_healed":0,"gold_gain":0,"player_choice":"Inject Mutagens","damage_taken":0,"relics_obtained":["MutagenicStrength"],"max_hp_gain":0,"max_hp_loss":0,"event_name":"Drug Dealer","floor":31,"gold_loss":0},{"damage_healed":0,"gold_gain":0,"player_choice":"Ignored","damage_taken":0,"max_hp_gain":0,"max_hp_loss":0,"event_name":"Tomb of Lord Red Mask","floor":38,"gold_loss":0},{"damage_healed":0,"gold_gain":0,"player_choice":"Max HP","damage_taken":0,"max_hp_gain":0,"max_hp_loss":4,"event_name":"Winding Halls","floor":46,"gold_loss":0},{"damage_healed":0,"gold_gain":0,"player_choice":"Ignored","damage_taken":0,"max_hp_gain":0,"max_hp_loss":0,"event_name":"Mysterious Sphere","floor":47,"gold_loss":0},{"damage_healed":0,"gold_gain":0,"player_choice":"Upgraded","damage_taken":0,"max_hp_gain":0,"max_hp_loss":0,"event_name":"Upgrade Shrine","floor":48,"gold_loss":0,"cards_upgraded":["Melter"]}],"is_beta":false,"boss_relics":[{"not_picked":["Tiny House","Coffee Dripper"],"picked":"Cursed Key"},{"not_picked":["Snecko Eye","Philosopher\u0027s Stone"],"picked":"Sozu"}],"items_purged_floors":[27,45],"is_endless":false,"potions_floor_spawned":[8,14,16,19,30,36,37,42],"ascension_level":17}