{"gold_per_floor":[118,193,211,211,211,243,243,277,277,307,237,237,261,284,296,409,421,448,27,127,127,141,141,151,151,151,151,151,151,151,51,51,151,151,170,45,64,64,81,81,81,98,98,498,498,516,516,530,530,530],"floor_reached":51,"playtime":2591,"items_purged":["Strike_R","Defend_R","Decay"],"score":711,"play_id":"4e874105-2e85-421c-a1bd-14ef2263e7e8","local_time":"20190606014348","is_ascension_mode":false,"campfire_choices":[{"data":"Perfected Strike","floor":7,"key":"SMITH"},{"floor":12,"key":"DIG"},{"data":"Defend_R","floor":15,"key":"SMITH"},{"data":"Limit Break","floor":23,"key":"SMITH"},{"data":"Flex","floor":27,"key":"SMITH"},{"data":"Exhume","floor":29,"key":"SMITH"},{"data":"Corruption","floor":32,"key":"SMITH"},{"data":"Flex","floor":40,"key":"SMITH"},{"data":"Battle Trance","floor":47,"key":"SMITH"},{"data":"Berserk","floor":49,"key":"SMITH"}],"neow_cost":"NONE","seed_source_timestamp":97081974469574,"circlet_count":0,"master_deck":["Strike_R","Strike_R","Strike_R","Strike_R","Defend_R","Defend_R","Defend_R+1","Perfected Strike+1","Cleave","Exhume+1","Corruption+1","Limit Break+1","Reaper","Rampage","Battle Trance+1","Flex+1","Ghostly","Ghostly","Ghostly","Ghostly","Ghostly","Berserk+1","Flex+1","Spot Weakness"],"relics":["Burning Blood","Juzu Bracelet","Mercury Hourglass","Oddly Smooth Stone","Shovel","Red Skull","MawBank","Eternal Feather","Shuriken","Enchiridion","Pear","Coffee Dripper","Pen Nib","Old Coin","Bottled Lightning"],"potions_floor_usage":[6,6,8,10,14,18,22,24,37,39,42,46,50],"damage_taken":[{"damage":6,"enemies":"Jaw Worm","floor":1,"turns":4},{"damage":5,"enemies":"2 Louse","floor":3,"turns":2},{"damage":11,"enemies":"Gremlin Nob","floor":6,"turns":3},{"damage":13,"enemies":"3 Sentries","floor":8,"turns":6},{"damage":18,"enemies":"Lagavulin","floor":10,"turns":5},{"damage":0,"enemies":"Cultist","floor":13,"turns":3},{"damage":10,"enemies":"Exordium Thugs","floor":14,"turns":4},{"damage":50,"enemies":"The Guardian","floor":16,"turns":13},{"damage":21,"enemies":"Shell Parasite","floor":18,"turns":6},{"damage":30,"enemies":"3 Byrds","floor":22,"turns":4},{"damage":46,"enemies":"Centurion and Healer","floor":24,"turns":7},{"damage":50,"enemies":"Automaton","floor":33,"turns":9},{"damage":7,"enemies":"3 Shapes","floor":35,"turns":5},{"damage":11,"enemies":"3 Darklings","floor":37,"turns":7},{"damage":18,"enemies":"Maw","floor":39,"turns":9},{"damage":6,"enemies":"Spire Growth","floor":42,"turns":5},{"damage":10,"enemies":"Mind Bloom Boss Battle","floor":44,"turns":7},{"damage":15,"enemies":"Sphere and 2 Shapes","floor":46,"turns":5},{"damage":0,"enemies":"Transient","floor":48,"turns":5},{"damage":40,"enemies":"Awakened One","floor":50,"turns":9}],"seed_played":"8417856446770512373","potions_obtained":[{"floor":1,"key":"BloodPotion"},{"floor":5,"key":"Regen Potion"},{"floor":5,"key":"FearPotion"},{"floor":5,"key":"Ancient Potion"},{"floor":6,"key":"SkillPotion"},{"floor":10,"key":"Poison Potion"},{"floor":16,"key":"Regen Potion"},{"floor":18,"key":"Poison Potion"},{"floor":22,"key":"GamblersBrew"},{"floor":33,"key":"Block Potion"},{"floor":37,"key":"SpeedPotion"},{"floor":39,"key":"Poison Potion"},{"floor":44,"key":"SteroidPotion"},{"floor":48,"key":"Block Potion"}],"is_trial":false,"path_per_floor":["M","?","M","?","?","E","R","E","T","E","$","R","M","M","R","B",null,"M","$","?","?","M","R","M","?","T","R","?","R","?","$","R","B",null,"M","$","M","?","M","R","?","M","T","?","T","M","R","M","R","B",null],"character_chosen":"IRONCLAD","items_purchased":["Corruption","Shuriken","Rampage","Battle Trance"],"campfire_rested":0,"item_purchase_floors":[11,19,19,19],"current_hp_per_floor":[80,69,70,70,70,70,70,63,63,51,51,51,57,53,53,9,80,70,70,70,62,47,56,40,24,34,43,43,52,45,45,45,14,45,45,45,45,45,45,45,43,43,43,43,43,35,43,43,43,26],"gold":530,"neow_bonus":"RANDOM_COMMON_RELIC","is_prod":false,"is_daily":false,"chose_seed":false,"campfire_upgraded":9,"win_rate":0,"timestamp":1559810628,"path_taken":["M","?","M","?","?","E","R","E","T","E","$","R","M","M","R","BOSS","M","$","?","?","M","R","M","?","T","R","?","R","?","$","R","BOSS","M","$","M","?","M","R","?","M","T","?","?","M","R","M","R","BOSS"],"build_version":"2019-01-23","purchased_purges":3,"victory":true,"max_hp_per_floor":[80,80,80,80,80,80,80,80,80,80,80,80,80,80,80,80,80,80,80,80,80,80,80,80,80,90,90,90,90,45,45,45,45,45,45,45,45,45,45,45,43,43,43,43,43,43,43,43,43,43],"card_choices":[{"not_picked":["Burning Pact","Pommel Strike"],"picked":"Perfected Strike","floor":1},{"not_picked":["Havoc","Wild Strike","Ghostly Armor"],"picked":"SKIP","floor":3},{"not_picked":["Spot Weakness","Seeing Red"],"picked":"Cleave","floor":6},{"not_picked":["Iron Wave","Searing Blow"],"picked":"Exhume","floor":8},{"not_picked":["Second Wind","Sword Boomerang","Wild Strike"],"picked":"SKIP","floor":10},{"not_picked":["Ghostly Armor","Headbutt"],"picked":"Limit Break","floor":13},{"not_picked":["True Grit","Burning Pact","Iron Wave"],"picked":"SKIP","floor":14},{"not_picked":["Bludgeon","Immolate"],"picked":"Reaper","floor":16},{"not_picked":["Thunderclap","Sword Boomerang","Havoc"],"picked":"SKIP","floor":18},{"not_picked":["Clash","Hemokinesis"],"picked":"Flex","floor":22},{"not_picked":["Twin Strike","Iron Wave+1","Reckless Charge"],"picked":"SKIP","floor":24},{"not_picked":["Bludgeon","Fiend Fire"],"picked":"Berserk","floor":33},{"not_picked":["Havoc","Sword Boomerang","Entrench"],"picked":"SKIP","floor":35},{"not_picked":["Shockwave+1","Fire Breathing+1"],"picked":"Flex","floor":37},{"not_picked":["Heavy Blade","Perfected Strike"],"picked":"Spot Weakness","floor":39},{"not_picked":["Iron Wave+1","Disarm+1","Sword Boomerang+1"],"picked":"SKIP","floor":42},{"not_picked":["Shrug It Off+1","Body Slam","Thunderclap"],"picked":"SKIP","floor":46},{"not_picked":["Iron Wave+1","Immolate","Warcry"],"picked":"SKIP","floor":48}],"player_experience":327965,"relics_obtained":[{"floor":6,"key":"Mercury Hourglass"},{"floor":8,"key":"Oddly Smooth Stone"},{"floor":9,"key":"Shovel"},{"floor":10,"key":"Red Skull"},{"floor":12,"key":"MawBank"},{"floor":25,"key":"Enchiridion"},{"floor":26,"key":"Pear"},{"floor":43,"key":"Pen Nib"},{"floor":44,"key":"Old Coin"},{"floor":45,"key":"Bottled Lightning"}],"event_choices":[{"damage_healed":0,"gold_gain":75,"player_choice":"Gather Gold","damage_taken":11,"max_hp_gain":0,"max_hp_loss":0,"event_name":"World of Goop","floor":2,"gold_loss":0},{"damage_healed":0,"gold_gain":0,"player_choice":"Ignored","damage_taken":0,"max_hp_gain":0,"max_hp_loss":0,"event_name":"Golden Idol","floor":4,"gold_loss":0},{"damage_healed":0,"gold_gain":0,"player_choice":"Got Potions","damage_taken":0,"max_hp_gain":0,"max_hp_loss":0,"event_name":"Lab","floor":5,"gold_loss":0},{"damage_healed":0,"gold_gain":100,"player_choice":"Pray","damage_taken":0,"max_hp_gain":0,"max_hp_loss":0,"event_name":"Golden Shrine","floor":20,"gold_loss":0},{"damage_healed":0,"gold_gain":0,"player_choice":"","damage_taken":8,"max_hp_gain":0,"max_hp_loss":0,"event_name":"Knowing Skull","floor":21,"potions_obtained":[],"gold_loss":0,"cards_obtained":[]},{"damage_healed":0,"gold_gain":0,"player_choice":"Obtained Book","damage_taken":16,"max_hp_gain":0,"max_hp_loss":0,"event_name":"Cursed Tome","floor":25,"gold_loss":0},{"damage_healed":0,"gold_gain":0,"player_choice":"Smashed Altar","damage_taken":0,"max_hp_gain":0,"max_hp_loss":0,"event_name":"Forgotten Altar","floor":28,"gold_loss":0,"cards_obtained":["Decay"]},{"damage_healed":0,"gold_gain":0,"player_choice":"Became a Ghost","damage_taken":0,"max_hp_gain":0,"max_hp_loss":45,"event_name":"Ghosts","floor":30,"gold_loss":0,"cards_obtained":["Ghostly","Ghostly","Ghostly","Ghostly","Ghostly"]},{"cards_removed":["Bash"],"damage_healed":0,"gold_gain":0,"player_choice":"Removed Attack","damage_taken":0,"max_hp_gain":0,"max_hp_loss":0,"event_name":"Falling","floor":38,"gold_loss":0},{"damage_healed":0,"gold_gain":0,"player_choice":"Max HP","damage_taken":0,"max_hp_gain":0,"max_hp_loss":2,"event_name":"Winding Halls","floor":41,"gold_loss":0},{"damage_healed":0,"gold_gain":0,"player_choice":"Fight","damage_taken":0,"max_hp_gain":0,"max_hp_loss":0,"event_name":"MindBloom","floor":44,"gold_loss":0}],"is_beta":false,"boss_relics":[{"not_picked":["Cursed Key","Runic Cube"],"picked":"Eternal Feather"},{"not_picked":["White Beast Statue","Runic Dome"],"picked":"Coffee Dripper"}],"items_purged_floors":[19,31,36],"is_endless":false,"potions_floor_spawned":[1,6,10,16,18,22,33,37,39,44,48],"ascension_level":0}