{"gold_per_floor":[119,74,93,112,112,112,146,146,146,160,173,234,234,234,234,337,337,353,353,31,42,60,60,95,24,48,48,77,77,410,428,428,524,524,544,65,81,100,113,113,213,213,213,213,0,14,14,32,32,32],"floor_reached":50,"playtime":2492,"items_purged":["Defend_G"],"score":650,"play_id":"95e3077b-c84e-4776-8511-a508ad96affe","local_time":"20190207182957","is_ascension_mode":true,"campfire_choices":[{"floor":6,"key":"REST"},{"floor":8,"key":"REST"},{"floor":15,"key":"REST"},{"floor":23,"key":"REST"},{"floor":27,"key":"REST"},{"floor":29,"key":"REST"},{"floor":32,"key":"REST"},{"floor":40,"key":"REST"},{"data":"Infinite Blades","floor":42,"key":"SMITH"},{"floor":49,"key":"REST"}],"neow_cost":"PERCENT_DAMAGE","seed_source_timestamp":638147193155927,"circlet_count":0,"master_deck":["Defend_G","Defend_G+1","Defend_G","Defend_G","Strike_G","Strike_G","Strike_G+1","Strike_G","Survivor","Neutralize","Quick Slash","Poisoned Stab","Dagger Spray","Outmaneuver","Dagger Spray","Deflect","Leg Sweep","Flying Knee","Bullet Time","Bouncing Flask","Bullet Time","Dash+1","Blur+1","Infinite Blades+1","Backstab+1","Cloak And Dagger","Dagger Throw+1","Corpse Explosion","Slice+1","Catalyst","Accuracy","Parasite","Poisoned Stab+1","Masterful Stab+1","Riddle With Holes+1","Bane+1"],"relics":["Ring of the Serpent","Turnip","Tingsha","Mercury Hourglass","Oddly Smooth Stone","Meat on the Bone","Kunai","Dodecahedron","Snake Skull","PreservedInsect","Old Coin","WristBlade","Vajra","Ornamental Fan","Mango","The Specimen","Red Mask"],"potions_floor_usage":[12,22,28,28,39,48,50,50],"damage_taken":[{"damage":2,"enemies":"Cultist","floor":1,"turns":5},{"damage":7,"enemies":"Small Slimes","floor":3,"turns":4},{"damage":0,"enemies":"2 Louse","floor":4,"turns":2},{"damage":21,"enemies":"3 Sentries","floor":7,"turns":8},{"damage":2,"enemies":"Red Slaver","floor":10,"turns":2},{"damage":6,"enemies":"Lots of Slimes","floor":11,"turns":2},{"damage":9,"enemies":"Lagavulin Event","floor":12,"turns":8},{"damage":7,"enemies":"The Guardian","floor":16,"turns":16},{"damage":4,"enemies":"Shell Parasite","floor":18,"turns":7},{"damage":22,"enemies":"Spheric Guardian","floor":21,"turns":4},{"damage":5,"enemies":"Centurion and Healer","floor":22,"turns":7},{"damage":46,"enemies":"Book of Stabbing","floor":24,"turns":9},{"damage":17,"enemies":"Slavers","floor":28,"turns":5},{"damage":9,"enemies":"Book of Stabbing","floor":30,"turns":4},{"damage":3,"enemies":"Chosen and Byrds","floor":31,"turns":6},{"damage":19,"enemies":"Champ","floor":33,"turns":13},{"damage":3,"enemies":"Orb Walker","floor":35,"turns":3},{"damage":11,"enemies":"3 Shapes","floor":37,"turns":3},{"damage":55,"enemies":"Writhing Mass","floor":38,"turns":8},{"damage":16,"enemies":"Maw","floor":39,"turns":8},{"damage":15,"enemies":"Mind Bloom Boss Battle","floor":41,"turns":8},{"damage":18,"enemies":"Sphere and 2 Shapes","floor":46,"turns":4},{"damage":34,"enemies":"Transient","floor":48,"turns":5},{"damage":63,"enemies":"Donu and Deca","floor":50,"turns":5}],"seed_played":"-198752903650824773","potions_obtained":[{"floor":3,"key":"SpeedPotion"},{"floor":4,"key":"SpeedPotion"},{"floor":10,"key":"GhostInAJar"},{"floor":22,"key":"Explosive Potion"},{"floor":24,"key":"PowerPotion"},{"floor":31,"key":"GamblersBrew"},{"floor":33,"key":"LiquidBronze"},{"floor":38,"key":"Regen Potion"},{"floor":46,"key":"Block Potion"}],"is_trial":false,"path_per_floor":["M","$","M","M","?","R","E","R","T","M","M","?","?","T","R","B",null,"M","?","$","M","M","R","E","$","T","R","E","R","E","M","R","B",null,"M","$","M","M","M","R","?","R","T","?","?","M","$","M","R","B"],"character_chosen":"THE_SILENT","items_purchased":["Poisoned Stab","Kunai","Infinite Blades","Catalyst","Vajra","Ornamental Fan"],"campfire_rested":9,"item_purchase_floors":[2,20,25,36,36,36],"current_hp_per_floor":[47,47,40,40,26,47,26,47,47,45,39,30,23,23,44,37,70,66,66,66,44,39,60,26,26,26,47,42,63,54,51,70,51,70,67,67,56,13,23,44,55,55,55,55,55,49,49,27,52,0],"gold":32,"neow_bonus":"ONE_RARE_RELIC","is_prod":false,"is_daily":false,"chose_seed":false,"campfire_upgraded":1,"win_rate":0,"timestamp":1549582197,"path_taken":["M","$","?","M","?","R","E","R","T","M","M","?","?","?","R","BOSS","M","?","$","M","?","R","E","$","T","R","E","R","E","M","R","BOSS","M","$","M","?","M","R","?","R","T","?","?","M","?","M","R","BOSS"],"build_version":"2019-01-23","purchased_purges":1,"victory":false,"max_hp_per_floor":[70,70,70,70,70,70,70,70,70,70,70,70,70,70,70,70,70,70,70,70,70,70,70,70,70,70,70,70,70,70,70,70,70,70,70,70,70,70,70,70,84,84,84,84,84,84,84,84,84,84],"card_choices":[{"not_picked":["Backflip","Bane"],"picked":"Quick Slash","floor":1},{"not_picked":["Dagger Throw","Sucker Punch"],"picked":"Dagger Spray","floor":3},{"not_picked":["Quick Slash","Setup"],"picked":"Outmaneuver","floor":4},{"not_picked":["Calculated Gamble","Concentrate"],"picked":"Dagger Spray","floor":7},{"not_picked":["Blade Dance","Reflex"],"picked":"Deflect","floor":10},{"not_picked":["Cloak And Dagger","All Out Attack"],"picked":"Leg Sweep","floor":11},{"not_picked":["Caltrops","Eviscerate"],"picked":"Flying Knee","floor":12},{"not_picked":["Wraith Form v2","Glass Knife"],"picked":"Bullet Time","floor":16},{"not_picked":["Setup+1","Deflect+1"],"picked":"Bouncing Flask","floor":18},{"not_picked":["Sucker Punch+1","Masterful Stab+1"],"picked":"Dash+1","floor":21},{"not_picked":["Eviscerate","Slice+1"],"picked":"Blur+1","floor":22},{"not_picked":["Setup","Dagger Spray","Underhanded Strike"],"picked":"SKIP","floor":24},{"not_picked":["Masterful Stab+1","Tools of the Trade"],"picked":"Backstab+1","floor":28},{"not_picked":["After Image","Dodge and Roll"],"picked":"Cloak And Dagger","floor":30},{"not_picked":["Eviscerate","Acrobatics"],"picked":"Dagger Throw+1","floor":31},{"not_picked":["Doppelganger","Unload"],"picked":"Corpse Explosion","floor":33},{"not_picked":["Dagger Throw","Quick Slash"],"picked":"Slice+1","floor":35},{"not_picked":["Flechettes+1","Dodge and Roll+1"],"picked":"Accuracy","floor":37},{"not_picked":["Acrobatics+1","Sucker Punch"],"picked":"Poisoned Stab+1","floor":38},{"not_picked":["PiercingWail","Outmaneuver"],"picked":"Masterful Stab+1","floor":39},{"not_picked":["PiercingWail","Quick Slash"],"picked":"Riddle With Holes+1","floor":41},{"not_picked":["Cloak And Dagger","Poisoned Stab+1"],"picked":"Bane+1","floor":46},{"not_picked":["Unload","Prepared","Sucker Punch+1"],"picked":"SKIP","floor":48}],"player_experience":171397,"relics_obtained":[{"floor":7,"key":"Tingsha"},{"floor":9,"key":"Mercury Hourglass"},{"floor":14,"key":"Meat on the Bone"},{"floor":24,"key":"Dodecahedron"},{"floor":26,"key":"Snake Skull"},{"floor":28,"key":"PreservedInsect"},{"floor":30,"key":"Old Coin"},{"floor":41,"key":"Mango"},{"floor":43,"key":"The Specimen"}],"event_choices":[{"damage_healed":0,"gold_gain":0,"player_choice":"Entered Light","damage_taken":14,"max_hp_gain":0,"max_hp_loss":0,"event_name":"Shining Light","floor":5,"gold_loss":0,"cards_upgraded":["Strike_G","Defend_G"]},{"damage_healed":0,"gold_gain":0,"player_choice":"Searched \u00272\u0027 times","damage_taken":0,"relics_obtained":["Oddly Smooth Stone"],"max_hp_gain":0,"max_hp_loss":0,"event_name":"Dead Adventurer","floor":12,"gold_loss":0},{"cards_removed":["Strike_G"],"damage_healed":0,"gold_gain":0,"player_choice":"Card Removal","damage_taken":7,"max_hp_gain":0,"max_hp_loss":0,"event_name":"Golden Wing","floor":13,"gold_loss":0},{"damage_healed":0,"gold_gain":0,"player_choice":"Copied","damage_taken":0,"max_hp_gain":0,"max_hp_loss":0,"event_name":"Duplicator","floor":19,"gold_loss":0,"cards_obtained":["Bullet Time"]},{"damage_healed":0,"gold_gain":0,"player_choice":"Fight","damage_taken":0,"max_hp_gain":0,"max_hp_loss":0,"event_name":"MindBloom","floor":41,"gold_loss":0},{"damage_healed":0,"gold_gain":0,"player_choice":"Ignored","damage_taken":0,"max_hp_gain":0,"max_hp_loss":0,"event_name":"Mysterious Sphere","floor":44,"gold_loss":0},{"damage_healed":0,"gold_gain":0,"player_choice":"Paid","damage_taken":0,"relics_obtained":["Red Mask"],"max_hp_gain":0,"max_hp_loss":0,"event_name":"Tomb of Lord Red Mask","floor":45,"gold_loss":213}],"is_beta":false,"boss_relics":[{"not_picked":["White Beast Statue","Philosopher\u0027s Stone"],"picked":"Ring of the Serpent"},{"not_picked":["HoveringKite","Eternal Feather"],"picked":"WristBlade"}],"items_purged_floors":[20],"is_endless":false,"potions_floor_spawned":[3,4,10,11,22,24,31,33,35,38,46],"killed_by":"Donu and Deca","ascension_level":4}