{"gold_per_floor":[111,123,142,20,38,38,64,64,64,90,39,39,114,32,32,134,134,148,148,48,43,6,6,17,17,44,44,74,0,12,26,26,130,130,148,148,166,184,204,204,221,221,221,253,280,155,166,177,177,177],"floor_reached":51,"playtime":2492,"items_purged":["Writhe","Decay","Spot Weakness"],"score":888,"play_id":"4dfd929d-3279-45be-8b79-332b96c58126","local_time":"20190208195227","is_ascension_mode":true,"campfire_choices":[{"data":"Armaments","floor":6,"key":"SMITH"},{"data":"Metallicize","floor":8,"key":"SMITH"},{"floor":15,"key":"REST"},{"floor":23,"key":"REST"},{"data":"Demon Form","floor":25,"key":"SMITH"},{"data":"Carnage","floor":27,"key":"SMITH"},{"floor":32,"key":"REST"},{"floor":40,"key":"REST"},{"floor":42,"key":"REST"},{"floor":49,"key":"REST"}],"neow_cost":"CURSE","seed_source_timestamp":729483059805565,"circlet_count":0,"master_deck":["Strike_R","Strike_R","Strike_R","Strike_R","Defend_R","Defend_R","Defend_R","Bash","Havoc","Armaments+1","Metallicize+1","Shrug It Off","Shrug It Off","Thunderclap","Clash","Iron Wave","Parasite","Demon Form+1","Feed","Perfected Strike","Armaments+1","Carnage+1","Perfected Strike","Seeing Red","Carnage","Bludgeon","Demon Form+1","Evolve+1","Perfected Strike","Shockwave","Flame Barrier+1","Blood for Blood"],"relics":["Burning Blood","WingedGreaves","Darkstone Periapt","Pear","Snecko Eye","Strawberry","Ornamental Fan","Velvet Choker","Regal Pillow","Omamori","Anchor"],"potions_floor_usage":[24,33,35,50],"damage_taken":[{"damage":15,"enemies":"Cultist","floor":1,"turns":5},{"damage":0,"enemies":"Small Slimes","floor":2,"turns":3},{"damage":11,"enemies":"Jaw Worm","floor":3,"turns":3},{"damage":17,"enemies":"Exordium Thugs","floor":5,"turns":6},{"damage":5,"enemies":"3 Sentries","floor":7,"turns":10},{"damage":33,"enemies":"Gremlin Nob","floor":10,"turns":5},{"damage":48,"enemies":"Hexaghost","floor":16,"turns":12},{"damage":31,"enemies":"3 Byrds","floor":18,"turns":8},{"damage":35,"enemies":"2 Thieves","floor":21,"turns":5},{"damage":0,"enemies":"Snecko","floor":24,"turns":3},{"damage":13,"enemies":"Gremlin Leader","floor":28,"turns":4},{"damage":34,"enemies":"3 Cultists","floor":30,"turns":6},{"damage":9,"enemies":"Centurion and Healer","floor":31,"turns":4},{"damage":80,"enemies":"Champ","floor":33,"turns":10},{"damage":7,"enemies":"3 Darklings","floor":35,"turns":5},{"damage":32,"enemies":"Orb Walker","floor":37,"turns":4},{"damage":39,"enemies":"Maw","floor":38,"turns":6},{"damage":42,"enemies":"Transient","floor":39,"turns":5},{"damage":2,"enemies":"Jaw Worm Horde","floor":41,"turns":4},{"damage":45,"enemies":"Giant Head","floor":44,"turns":7},{"damage":15,"enemies":"Spire Growth","floor":47,"turns":4},{"damage":17,"enemies":"Maw","floor":48,"turns":6},{"damage":37,"enemies":"Donu and Deca","floor":50,"turns":6}],"seed_played":"-5655183703789865152","potions_obtained":[{"floor":3,"key":"SpeedPotion"},{"floor":7,"key":"GamblersBrew"},{"floor":10,"key":"GamblersBrew"},{"floor":28,"key":"Ancient Potion"},{"floor":33,"key":"Energy Potion"},{"floor":37,"key":"Explosive Potion"},{"floor":38,"key":"Energy Potion"},{"floor":47,"key":"Block Potion"}],"is_trial":false,"path_per_floor":["M","M","M","$","M","R","E","R","T","E","$","?","?","$","R","B",null,"M","?","$","M","$","R","M","R","T","R","E","?","M","M","R","B",null,"M","?","M","M","M","R","M","R","T","E","T","$","M","M","R","B",null],"character_chosen":"IRONCLAD","items_purchased":["Shrug It Off","Iron Wave","Demon Form","Carnage"],"campfire_rested":6,"item_purchase_floors":[4,11,14,22],"current_hp_per_floor":[71,77,72,72,61,61,62,62,62,45,45,73,62,62,90,48,96,74,80,80,55,55,87,93,93,100,100,93,93,68,69,105,31,123,122,122,96,67,31,69,76,115,115,76,76,76,67,60,115,84],"gold":177,"neow_bonus":"TRANSFORM_TWO_CARDS","is_prod":false,"is_daily":false,"chose_seed":false,"campfire_upgraded":4,"win_rate":0,"timestamp":1549673547,"path_taken":["M","M","?","$","M","R","E","R","T","E","$","?","?","$","R","BOSS","M","?","$","M","?","R","M","R","T","R","E","?","M","?","R","BOSS","M","?","?","M","M","R","M","R","T","E","?","$","M","M","R","BOSS"],"build_version":"2019-01-23","purchased_purges":3,"victory":true,"max_hp_per_floor":[80,80,80,80,80,80,80,80,80,90,90,96,96,96,96,96,96,99,105,105,109,109,109,109,109,116,116,116,116,119,123,123,123,123,123,123,123,127,127,127,130,130,130,130,130,130,130,134,134,134],"card_choices":[{"not_picked":["Pommel Strike","Shockwave"],"picked":"Armaments","floor":1},{"not_picked":["Bloodletting","Clash"],"picked":"Metallicize","floor":2},{"not_picked":["Dual Wield","Body Slam","Bloodletting"],"picked":"SKIP","floor":3},{"not_picked":["Anger","Immolate"],"picked":"Shrug It Off","floor":5},{"not_picked":["Wild Strike","Pummel"],"picked":"Thunderclap","floor":7},{"not_picked":["Wild Strike","Clothesline"],"picked":"Clash","floor":10},{"not_picked":["Fiend Fire","Berserk"],"picked":"Feed","floor":16},{"not_picked":["Power Through","Headbutt"],"picked":"Perfected Strike","floor":18},{"not_picked":["Havoc","Uppercut"],"picked":"Armaments+1","floor":21},{"not_picked":["Headbutt","Armaments"],"picked":"Perfected Strike","floor":24},{"not_picked":["True Grit+1","Armaments"],"picked":"Seeing Red","floor":28},{"not_picked":["Shrug It Off","Burning Pact"],"picked":"Carnage","floor":30},{"not_picked":["Inflame+1","Clash","Sword Boomerang+1"],"picked":"SKIP","floor":31},{"not_picked":["Dark Embrace","Reaper"],"picked":"Bludgeon","floor":33},{"not_picked":["Clash+1","Body Slam+1","Thunderclap"],"picked":"SKIP","floor":35},{"not_picked":["Clash","Body Slam"],"picked":"Evolve+1","floor":37},{"not_picked":["Twin Strike","Sword Boomerang"],"picked":"Perfected Strike","floor":38},{"not_picked":["Intimidate","Rage","Thunderclap"],"picked":"SKIP","floor":39},{"not_picked":["Fire Breathing","True Grit+1"],"picked":"Shockwave","floor":41},{"not_picked":["Sword Boomerang","Dropkick","Dark Embrace"],"picked":"SKIP","floor":44},{"not_picked":["Thunderclap","Perfected Strike"],"picked":"Flame Barrier+1","floor":47},{"not_picked":["Wild Strike+1","Headbutt+1"],"picked":"Blood for Blood","floor":48}],"player_experience":181838,"relics_obtained":[{"floor":7,"key":"WingedGreaves"},{"floor":9,"key":"Darkstone Periapt"},{"floor":10,"key":"Pear"},{"floor":26,"key":"Strawberry"},{"floor":28,"key":"Ornamental Fan"},{"floor":43,"key":"Regal Pillow"},{"floor":44,"key":"Omamori"},{"floor":45,"key":"Anchor"}],"event_choices":[{"damage_healed":22,"gold_gain":0,"player_choice":"Healed and dodged fight","damage_taken":0,"max_hp_gain":0,"max_hp_loss":0,"event_name":"Mushrooms","floor":12,"gold_loss":0,"cards_obtained":["Parasite"]},{"damage_healed":0,"gold_gain":75,"player_choice":"Gather Gold","damage_taken":11,"max_hp_gain":0,"max_hp_loss":0,"event_name":"World of Goop","floor":13,"gold_loss":0},{"damage_healed":0,"gold_gain":0,"player_choice":"Cursed","damage_taken":0,"max_hp_gain":0,"max_hp_loss":0,"event_name":"Wheel of Change","floor":19,"gold_loss":0,"cards_obtained":["Decay"]},{"damage_healed":0,"gold_gain":0,"player_choice":"Paid Fearfully","damage_taken":0,"max_hp_gain":0,"max_hp_loss":0,"event_name":"Masked Bandits","floor":29,"gold_loss":74},{"damage_healed":0,"gold_gain":0,"player_choice":"Copied","damage_taken":0,"max_hp_gain":0,"max_hp_loss":0,"event_name":"Duplicator","floor":36,"gold_loss":0,"cards_obtained":["Demon Form"]}],"is_beta":false,"boss_relics":[{"not_picked":["Runic Cube","Eternal Feather"],"picked":"Snecko Eye"},{"not_picked":["Lizard Tail","Runic Dome"],"picked":"Velvet Choker"}],"items_purged_floors":[4,20,46],"is_endless":false,"potions_floor_spawned":[3,7,10,21,28,31,33,37,38,44,47],"ascension_level":4}