{"gold_per_floor":[113,113,124,142,152,185,5,17,17,27,40,58,83,83,83,179,179,198,198,213,225,238,238,252,271,271,271],"floor_reached":27,"playtime":1695,"items_purged":[],"score":258,"play_id":"c85c2cb8-1d69-42e1-87ec-9561af4fe2b6","local_time":"20190526210101","is_ascension_mode":false,"campfire_choices":[{"floor":15,"key":"REST"},{"floor":23,"key":"REST"}],"neow_cost":"NONE","seed_source_timestamp":2376770220471,"circlet_count":0,"master_deck":["Strike_B","Strike_B","Defend_B","Defend_B","Defend_B","Zap","Dualcast","Biased Cognition","Consume","Buffer","Melter","Ball Lightning","Ball Lightning","Reinforced Body","Cold Snap","Sweeping Beam","Conserve Battery","Echo Form","FTL","Defragment","Barrage","Turbo","Storm","Coolheaded"],"relics":["Cracked Core","Potion Belt","Bag of Marbles","Bottled Flame","Letter Opener","Empty Cage","Du-Vu Doll"],"potions_floor_usage":[6,8,10,13],"damage_taken":[{"damage":5,"enemies":"Small Slimes","floor":1,"turns":4},{"damage":0,"enemies":"Cultist","floor":3,"turns":3},{"damage":6,"enemies":"Jaw Worm","floor":4,"turns":3},{"damage":9,"enemies":"Blue Slaver","floor":5,"turns":4},{"damage":0,"enemies":"Lagavulin","floor":6,"turns":5},{"damage":0,"enemies":"Gremlin Gang","floor":8,"turns":2},{"damage":4,"enemies":"Large Slime","floor":10,"turns":4},{"damage":0,"enemies":"Blue Slaver","floor":11,"turns":3},{"damage":11,"enemies":"Gremlin Gang","floor":12,"turns":4},{"damage":20,"enemies":"3 Sentries","floor":13,"turns":5},{"damage":31,"enemies":"The Guardian","floor":16,"turns":13},{"damage":12,"enemies":"3 Byrds","floor":18,"turns":5},{"damage":0,"enemies":"Spheric Guardian","floor":20,"turns":1},{"damage":32,"enemies":"Shelled Parasite and Fungi","floor":21,"turns":6},{"damage":32,"enemies":"Snake Plant","floor":22,"turns":4},{"damage":8,"enemies":"Centurion and Healer","floor":24,"turns":6},{"damage":0,"enemies":"Snecko","floor":25,"turns":4},{"damage":21,"enemies":"Snake Plant","floor":27,"turns":2}],"seed_played":"8559236720672100744","potions_obtained":[{"floor":1,"key":"Energy Potion"},{"floor":5,"key":"FocusPotion"},{"floor":8,"key":"Dexterity Potion"},{"floor":12,"key":"LiquidBronze"},{"floor":22,"key":"FearPotion"},{"floor":24,"key":"Ancient Potion"}],"is_trial":false,"path_per_floor":["M","?","M","M","M","E","$","M","T","M","M","M","E","?","R","B",null,"M","?","M","M","M","R","M","M","T","M"],"character_chosen":"DEFECT","items_purchased":["Reinforced Body","Bag of Marbles"],"campfire_rested":2,"item_purchase_floors":[7,7],"current_hp_per_floor":[70,70,70,64,55,55,55,55,55,51,51,40,20,20,42,11,75,63,68,68,36,4,26,18,18,18,0],"gold":271,"neow_bonus":"ONE_RANDOM_RARE_CARD","is_prod":false,"is_daily":false,"chose_seed":false,"campfire_upgraded":0,"win_rate":0,"timestamp":1558929661,"path_taken":["M","?","M","M","M","E","?","M","T","M","?","M","E","?","R","BOSS","M","?","M","M","M","R","M","M","T","?"],"build_version":"2019-01-23","purchased_purges":0,"victory":false,"max_hp_per_floor":[75,75,75,75,75,75,75,75,75,75,75,75,75,75,75,75,75,75,75,75,75,75,75,75,75,75,75],"card_choices":[{"not_picked":["Leap","Redo"],"picked":"Consume","floor":1},{"not_picked":["Steam","Redo"],"picked":"Buffer","floor":3},{"not_picked":["Compile Driver","Go for the Eyes"],"picked":"Melter","floor":4},{"not_picked":["Gash","Doom and Gloom"],"picked":"Ball Lightning","floor":5},{"not_picked":["Static Discharge","BootSequence"],"picked":"Ball Lightning","floor":6},{"not_picked":["Go for the Eyes","Tempest"],"picked":"Cold Snap","floor":8},{"not_picked":["Gash","Streamline"],"picked":"Sweeping Beam","floor":10},{"not_picked":["Turbo","BootSequence"],"picked":"Cold Snap","floor":11},{"not_picked":["Sweeping Beam","Machine Learning"],"picked":"Conserve Battery","floor":12},{"not_picked":["Steam","Lockon","Conserve Battery"],"picked":"SKIP","floor":13},{"not_picked":["Rainbow","Hyperbeam"],"picked":"Echo Form","floor":16},{"not_picked":["Sweeping Beam+1","Consume"],"picked":"FTL","floor":18},{"not_picked":["Rip and Tear","Go for the Eyes"],"picked":"Defragment","floor":20},{"not_picked":["Heatsinks+1","Rip and Tear"],"picked":"Barrage","floor":21},{"not_picked":["Go for the Eyes","Reinforced Body"],"picked":"Turbo","floor":22},{"not_picked":["Biased Cognition","Go for the Eyes"],"picked":"Storm","floor":24},{"not_picked":["Redo","Go for the Eyes"],"picked":"Coolheaded","floor":25}],"player_experience":247300,"relics_obtained":[{"floor":6,"key":"Potion Belt"},{"floor":9,"key":"Bottled Flame"},{"floor":13,"key":"Letter Opener"},{"floor":26,"key":"Du-Vu Doll"}],"event_choices":[{"cards_removed":["Strike_B"],"damage_healed":0,"gold_gain":0,"player_choice":"Purged","damage_taken":0,"max_hp_gain":0,"max_hp_loss":0,"event_name":"Purifier","floor":2,"gold_loss":0},{"damage_healed":0,"gold_gain":0,"player_choice":"Searched \u00270\u0027 times","damage_taken":0,"max_hp_gain":0,"max_hp_loss":0,"event_name":"Dead Adventurer","floor":14,"gold_loss":0},{"cards_removed":["Cold Snap"],"damage_healed":5,"gold_gain":0,"player_choice":"Offered Common","damage_taken":0,"max_hp_gain":0,"max_hp_loss":0,"event_name":"Bonfire Elementals","floor":19,"gold_loss":0},{"cards_removed":["Cold Snap"],"damage_healed":5,"gold_gain":0,"player_choice":"Offered Special","damage_taken":0,"max_hp_gain":0,"max_hp_loss":0,"event_name":"Bonfire Elementals","floor":19,"gold_loss":0}],"is_beta":false,"boss_relics":[{"not_picked":["Coffee Dripper","Calling Bell"],"picked":"Empty Cage"}],"items_purged_floors":[],"is_endless":false,"potions_floor_spawned":[1,5,8,12,22,24],"killed_by":"Snake Plant","ascension_level":0}