{"gold_per_floor":[116,134,134,182,182,217,228,228,251,262,297,297,297,309,309,309],"floor_reached":16,"playtime":322,"items_purged":[],"score":149,"play_id":"57741c8c-6095-4918-b57f-79ed3b547ec1","local_time":"20190701173522","is_ascension_mode":true,"campfire_choices":[{"data":"Armaments","floor":15,"key":"SMITH"}],"neow_cost":"NONE","seed_source_timestamp":1274621095092458,"circlet_count":0,"master_deck":["Strike_R","Strike_R","Strike_R","Strike_R","Defend_R","Defend_R","Defend_R","Defend_R","Bash","Cleave","Thunderclap","Rage","Armaments+1","Blood for Blood","Offering","Cleave"],"relics":["Burning Blood","NeowsBlessing","Juzu Bracelet","Darkstone Periapt","Anchor","PreservedInsect","Regal Pillow"],"potions_floor_usage":[10,16,16,16],"damage_taken":[{"damage":0,"enemies":"Small Slimes","floor":1,"turns":1},{"damage":0,"enemies":"Jaw Worm","floor":2,"turns":1},{"damage":0,"enemies":"Lagavulin","floor":6,"turns":1},{"damage":0,"enemies":"2 Louse","floor":7,"turns":2},{"damage":4,"enemies":"2 Fungi Beasts","floor":10,"turns":3},{"damage":27,"enemies":"Gremlin Nob","floor":11,"turns":4},{"damage":6,"enemies":"Exordium Wildlife","floor":14,"turns":2},{"damage":44,"enemies":"The Guardian","floor":16,"turns":7}],"seed_played":"2118133838375319380","potions_obtained":[{"floor":7,"key":"Strength Potion"},{"floor":10,"key":"Fire Potion"},{"floor":11,"key":"FearPotion"},{"floor":14,"key":"SkillPotion"}],"is_trial":false,"path_per_floor":["M","M","?","T","?","E","M","?","T","M","E","?","?","M","R","B"],"character_chosen":"IRONCLAD","items_purchased":[],"campfire_rested":0,"item_purchase_floors":[],"current_hp_per_floor":[80,80,55,55,48,54,60,60,60,62,41,41,41,41,41,0],"gold":309,"neow_bonus":"THREE_ENEMY_KILL","is_prod":false,"is_daily":false,"chose_seed":false,"campfire_upgraded":1,"win_rate":0,"timestamp":1562027722,"path_taken":["M","M","?","?","?","E","M","?","T","M","E","?","?","M","R","BOSS"],"build_version":"2019-07-01","purchased_purges":0,"victory":false,"max_hp_per_floor":[80,80,80,80,80,80,80,80,80,80,80,80,80,80,80,80],"card_choices":[{"not_picked":["Sword Boomerang","Burning Pact"],"picked":"Cleave","floor":1},{"not_picked":["Anger","Rampage"],"picked":"Thunderclap","floor":2},{"not_picked":["Carnage","Barricade"],"picked":"Rage","floor":6},{"not_picked":["Body Slam","Clash"],"picked":"Armaments","floor":7},{"not_picked":["Flex","Clothesline"],"picked":"Blood for Blood","floor":10},{"not_picked":["Sword Boomerang","Perfected Strike"],"picked":"Offering","floor":11},{"not_picked":["Pummel","Wild Strike"],"picked":"Cleave","floor":14}],"player_experience":59154,"relics_obtained":[{"floor":6,"key":"Darkstone Periapt"},{"floor":9,"key":"PreservedInsect"},{"floor":11,"key":"Regal Pillow"}],"event_choices":[{"damage_healed":0,"gold_gain":0,"player_choice":"Success","damage_taken":25,"relics_obtained":["Juzu Bracelet"],"max_hp_gain":0,"max_hp_loss":0,"event_name":"Scrap Ooze","floor":3,"gold_loss":0},{"cards_removed":["Strike_R"],"damage_healed":0,"gold_gain":0,"player_choice":"Card Removal","damage_taken":7,"max_hp_gain":0,"max_hp_loss":0,"event_name":"Golden Wing","floor":5,"gold_loss":0},{"damage_healed":0,"gold_gain":0,"player_choice":"Searched \u00271\u0027 times","damage_taken":0,"relics_obtained":["Anchor"],"max_hp_gain":0,"max_hp_loss":0,"event_name":"Dead Adventurer","floor":8,"gold_loss":0},{"damage_healed":0,"gold_gain":0,"player_choice":"Ignored","damage_taken":0,"max_hp_gain":0,"max_hp_loss":0,"event_name":"Golden Idol","floor":12,"gold_loss":0},{"damage_healed":0,"gold_gain":0,"player_choice":"Ignored","damage_taken":0,"max_hp_gain":0,"max_hp_loss":0,"event_name":"Liars Game","floor":13,"gold_loss":0}],"is_beta":false,"boss_relics":[],"items_purged_floors":[],"is_endless":false,"potions_floor_spawned":[7,10,11,14],"killed_by":"The Guardian","ascension_level":2}