{"gold_per_floor":[111,111,125,125,144,144,179,199,225,225,239,256,287,304,304,403,403,417,430,463,476,493,493,493],"floor_reached":24,"playtime":2057,"items_purged":[],"score":212,"play_id":"badba7e7-e605-4343-ae7c-c7467b9e08e8","local_time":"20190509000546","is_ascension_mode":false,"campfire_choices":[{"data":"Distraction","floor":6,"key":"SMITH"},{"floor":10,"key":"REST"},{"floor":15,"key":"REST"},{"floor":23,"key":"REST"}],"neow_cost":"NONE","seed_source_timestamp":915659613058719,"circlet_count":0,"master_deck":["Defend_G","Defend_G+1","Defend_G","Defend_G","Strike_G","Strike_G+1","Strike_G","Survivor+1","Neutralize","Flechettes+1","Quick Slash","Distraction+1","Flechettes","Dodge and Roll","Backflip","PiercingWail","Flechettes","Adrenaline","Prepared","Escape Plan","Flying Knee","Predator"],"relics":["Ring of the Snake","Centennial Puzzle","Potion Belt","War Paint","Juzu Bracelet","Empty Cage","Red Mask"],"potions_floor_usage":[7,13,14,16,16,20,20,21,21,21,21,22,24],"damage_taken":[{"damage":0,"enemies":"Jaw Worm","floor":1,"turns":6},{"damage":0,"enemies":"2 Louse","floor":3,"turns":2},{"damage":0,"enemies":"Cultist","floor":5,"turns":3},{"damage":11,"enemies":"3 Sentries","floor":7,"turns":8},{"damage":5,"enemies":"Looter","floor":8,"turns":3},{"damage":0,"enemies":"Exordium Wildlife","floor":11,"turns":2},{"damage":19,"enemies":"Exordium Thugs","floor":12,"turns":6},{"damage":10,"enemies":"Gremlin Nob","floor":13,"turns":3},{"damage":0,"enemies":"Large Slime","floor":14,"turns":4},{"damage":28,"enemies":"Hexaghost","floor":16,"turns":14},{"damage":1,"enemies":"3 Byrds","floor":18,"turns":5},{"damage":2,"enemies":"Shell Parasite","floor":19,"turns":7},{"damage":12,"enemies":"Masked Bandits","floor":20,"turns":4},{"damage":11,"enemies":"Chosen and Byrds","floor":21,"turns":8},{"damage":7,"enemies":"Shelled Parasite and Fungi","floor":22,"turns":6},{"damage":71,"enemies":"Book of Stabbing","floor":24,"turns":8}],"seed_played":"-4006589416460287110","potions_obtained":[{"floor":1,"key":"GamblersBrew"},{"floor":5,"key":"PowerPotion"},{"floor":12,"key":"Explosive Potion"},{"floor":13,"key":"Weak Potion"},{"floor":14,"key":"SkillPotion"},{"floor":19,"key":"EntropicBrew"},{"floor":21,"key":"Fire Potion"},{"floor":22,"key":"Explosive Potion"}],"is_trial":false,"path_per_floor":["M","?","M","?","M","R","E","M","T","R","M","M","E","M","R","B",null,"M","M","?","M","M","R","E"],"character_chosen":"THE_SILENT","items_purchased":[],"campfire_rested":3,"item_purchase_floors":[],"current_hp_per_floor":[70,56,56,56,56,56,45,40,40,61,61,42,32,32,53,25,70,69,67,55,59,52,70,0],"gold":493,"neow_bonus":"RANDOM_COMMON_RELIC","is_prod":false,"is_daily":false,"chose_seed":false,"campfire_upgraded":1,"win_rate":0,"timestamp":1557385546,"path_taken":["M","?","M","?","M","R","E","M","T","R","M","?","E","M","R","BOSS","M","M","?","M","M","R","E"],"build_version":"2019-01-23","purchased_purges":0,"victory":false,"max_hp_per_floor":[70,70,70,70,70,70,70,70,70,70,70,70,70,70,70,70,70,70,70,70,70,70,70,70],"card_choices":[{"not_picked":["Quick Slash","Acrobatics"],"picked":"Flechettes","floor":1},{"not_picked":["Slice","Tactician"],"picked":"Quick Slash","floor":3},{"not_picked":["All Out Attack","Sucker Punch","Underhanded Strike"],"picked":"SKIP","floor":5},{"not_picked":["Sucker Punch","Eviscerate"],"picked":"Flechettes","floor":7},{"not_picked":["Deflect","Flying Knee"],"picked":"Dodge and Roll","floor":8},{"not_picked":["Underhanded Strike","Heel Hook","Blade Dance"],"picked":"SKIP","floor":11},{"not_picked":["Unload","Distraction"],"picked":"Backflip","floor":12},{"not_picked":["Dodge and Roll","Deflect"],"picked":"PiercingWail","floor":13},{"not_picked":["Caltrops","Prepared"],"picked":"Flechettes","floor":14},{"not_picked":["Wraith Form v2","Grand Finale"],"picked":"Adrenaline","floor":16},{"not_picked":["Sucker Punch","PiercingWail"],"picked":"Prepared","floor":18},{"not_picked":["Terror","Slice+1"],"picked":"Escape Plan","floor":19},{"not_picked":["Endless Agony","Acrobatics"],"picked":"Flying Knee","floor":21},{"not_picked":["Flying Knee","Poisoned Stab"],"picked":"Predator","floor":22}],"player_experience":141236,"relics_obtained":[{"floor":7,"key":"Potion Belt"},{"floor":9,"key":"War Paint"},{"floor":13,"key":"Juzu Bracelet"},{"floor":20,"key":"Red Mask"}],"event_choices":[{"damage_healed":0,"gold_gain":0,"player_choice":"Entered Light","damage_taken":14,"max_hp_gain":0,"max_hp_loss":0,"event_name":"Shining Light","floor":2,"gold_loss":0,"cards_upgraded":["Flechettes","Strike_G"]},{"damage_healed":0,"gold_gain":0,"cards_transformed":["Strike_G"],"player_choice":"Transformed","damage_taken":0,"max_hp_gain":0,"max_hp_loss":0,"event_name":"Transmorgrifier","floor":4,"gold_loss":0,"cards_obtained":["Distraction"]},{"damage_healed":0,"gold_gain":0,"player_choice":"Fought Bandits","damage_taken":0,"max_hp_gain":0,"max_hp_loss":0,"event_name":"Masked Bandits","floor":20,"gold_loss":0}],"is_beta":false,"boss_relics":[{"not_picked":["Sozu","Runic Dome"],"picked":"Empty Cage"}],"items_purged_floors":[],"is_endless":false,"potions_floor_spawned":[1,5,12,13,14,19,21,22],"killed_by":"Book of Stabbing","ascension_level":0}