{"gold_per_floor":[118,118,136,136,136,136,167,167,249,327,341,373,390,405,405,484,484,499,515,7,18,36,36,36,311,381,397,407,407,407,244,244,318,318,328,328,428,428,328,343,110,110,133,133,145,145,175,195,195,195],"floor_reached":50,"playtime":2734,"items_purged":["Regret","Decay","Hello World+1"],"score":913,"play_id":"f05c902a-1c23-4bee-a340-a4564b1d2455","local_time":"20190403141801","is_ascension_mode":true,"campfire_choices":[{"data":"Zap","floor":6,"key":"SMITH"},{"floor":8,"key":"REST"},{"floor":15,"key":"REST"},{"floor":23,"key":"REST"},{"data":"Conserve Battery","floor":30,"key":"SMITH"},{"floor":32,"key":"REST"},{"floor":42,"key":"REST"},{"floor":44,"key":"REST"},{"floor":49,"key":"REST"}],"neow_cost":"PERCENT_DAMAGE","seed_source_timestamp":1195352629172938,"circlet_count":0,"master_deck":["AscendersBane","Zap+1","Dualcast","Core Surge","Sweeping Beam","Conserve Battery+1","Storm+1","Cold Snap","All For One","Doom and Gloom","Self Repair+1","Undo","Glacier","Rainbow","Self Repair+1","Defragment+1","Fusion","Self Repair+1","Ball Lightning","Storm+1","Loop+1","Heatsinks+1","Buffer+1","Flash of Steel","Dark Shackles","Stack+1","Loop+1"],"relics":["Cracked Core","Mercury Hourglass","Gremlin Horn","Frozen Egg 2","Unceasing Top","Pandora\u0027s Box","Dead Branch","Pear","Fusion Hammer","StoneCalendar","Vajra","Bag of Preparation"],"potions_floor_usage":[7,12,16,33,50,50],"damage_taken":[{"damage":0,"enemies":"Small Slimes","floor":1,"turns":2},{"damage":0,"enemies":"Cultist","floor":3,"turns":3},{"damage":20,"enemies":"Gremlin Nob","floor":7,"turns":3},{"damage":0,"enemies":"2 Louse","floor":11,"turns":2},{"damage":23,"enemies":"Lagavulin","floor":12,"turns":5},{"damage":8,"enemies":"Blue Slaver","floor":13,"turns":3},{"damage":4,"enemies":"Red Slaver","floor":14,"turns":3},{"damage":8,"enemies":"The Guardian","floor":16,"turns":11},{"damage":32,"enemies":"3 Byrds","floor":18,"turns":4},{"damage":34,"enemies":"Chosen","floor":19,"turns":5},{"damage":21,"enemies":"Centurion and Healer","floor":21,"turns":7},{"damage":9,"enemies":"3 Cultists","floor":22,"turns":5},{"damage":15,"enemies":"Snake Plant","floor":27,"turns":3},{"damage":12,"enemies":"Chosen and Byrds","floor":28,"turns":3},{"damage":62,"enemies":"Automaton","floor":33,"turns":12},{"damage":35,"enemies":"Orb Walker","floor":35,"turns":5},{"damage":0,"enemies":"Mind Bloom Boss Battle","floor":37,"turns":3},{"damage":26,"enemies":"3 Shapes","floor":40,"turns":4},{"damage":57,"enemies":"Jaw Worm Horde","floor":45,"turns":4},{"damage":18,"enemies":"Nemesis","floor":47,"turns":5},{"damage":39,"enemies":"3 Darklings","floor":48,"turns":3},{"damage":75,"enemies":"Awakened One","floor":50,"turns":14}],"seed_played":"-8307764204507144188","potions_obtained":[{"floor":1,"key":"EntropicBrew"},{"floor":11,"key":"FocusPotion"},{"floor":21,"key":"EssenceOfSteel"},{"floor":40,"key":"Ancient Potion"},{"floor":45,"key":"Dexterity Potion"},{"floor":48,"key":"Dexterity Potion"}],"is_trial":false,"path_per_floor":["M","?","M","$","?","R","E","R","T","T","M","E","M","M","R","B",null,"M","M","$","M","M","R","?","?","T","M","M","?","R","$","R","B",null,"M","?","?","?","$","M","$","R","T","R","M","$","E","M","R","B"],"character_chosen":"DEFECT","items_purchased":["Dead Branch","Fusion","Self Repair+1","Heatsinks+1","Dark Shackles"],"campfire_rested":7,"item_purchase_floors":[20,20,20,31,41],"current_hp_per_floor":[46,46,46,46,46,46,26,47,47,47,47,24,16,12,33,25,60,38,24,24,33,34,55,55,55,65,60,68,68,68,68,81,49,73,58,58,78,78,78,72,72,81,81,81,54,54,56,47,71,0],"gold":195,"neow_bonus":"THREE_RARE_CARDS","is_prod":false,"is_daily":false,"chose_seed":false,"campfire_upgraded":2,"win_rate":0,"timestamp":1554315481,"path_taken":["M","?","?","$","?","R","E","R","T","?","M","E","M","?","R","BOSS","M","M","$","M","M","R","?","?","T","?","M","?","R","$","R","BOSS","M","?","?","?","$","M","$","R","T","R","M","$","E","?","R","BOSS"],"build_version":"2019-01-23","purchased_purges":3,"victory":false,"max_hp_per_floor":[71,71,71,71,71,71,71,71,71,71,71,71,71,71,71,71,71,71,71,71,71,71,71,71,71,81,81,81,81,81,81,81,81,81,81,81,81,81,81,81,81,81,81,81,81,81,81,81,81,81],"card_choices":[{"not_picked":["Amplify","Biased Cognition"],"picked":"Core Surge","floor":0},{"not_picked":["Melter","Tempest","Rebound"],"picked":"SKIP","floor":1},{"not_picked":["Double Energy","Gash"],"picked":"Sweeping Beam","floor":3},{"not_picked":["Barrage","Steam Power"],"picked":"Conserve Battery","floor":7},{"not_picked":["Reinforced Body","Stack","Barrage"],"picked":"SKIP","floor":11},{"not_picked":["Rebound","All For One"],"picked":"Storm+1","floor":12},{"not_picked":["Leap","Double Energy"],"picked":"Cold Snap","floor":13},{"not_picked":["Go for the Eyes","Sweeping Beam","Stack"],"picked":"SKIP","floor":14},{"not_picked":["Hyperbeam","Reboot"],"picked":"All For One","floor":16},{"not_picked":["Beam Cell","Steam"],"picked":"Self Repair+1","floor":18},{"not_picked":["Loop+1","Static Discharge+1"],"picked":"Defragment+1","floor":19},{"not_picked":["Blizzard","Darkness"],"picked":"Ball Lightning","floor":21},{"not_picked":["Scrape","Turbo"],"picked":"Storm+1","floor":22},{"not_picked":["Streamline","Ball Lightning"],"picked":"Loop+1","floor":27},{"not_picked":["Sunder","Turbo","Recycle"],"picked":"SKIP","floor":28},{"not_picked":["Core Surge","Multi-Cast"],"picked":"Buffer+1","floor":33},{"not_picked":["Rebound","Coolheaded+1","Steam Power"],"picked":"SKIP","floor":35},{"not_picked":["Blind","Bandage Up"],"picked":"Flash of Steel","floor":36},{"not_picked":["Streamline","Genetic Algorithm","Sweeping Beam"],"picked":"SKIP","floor":40},{"not_picked":["Steam+1","Beam Cell"],"picked":"Stack+1","floor":45},{"not_picked":["Reinforced Body","Rainbow","Hologram"],"picked":"SKIP","floor":47},{"not_picked":["Cold Snap","Reprogram+1"],"picked":"Loop+1","floor":48}],"player_experience":497318,"relics_obtained":[{"floor":7,"key":"Mercury Hourglass"},{"floor":9,"key":"Gremlin Horn"},{"floor":10,"key":"Frozen Egg 2"},{"floor":12,"key":"Unceasing Top"},{"floor":26,"key":"Pear"},{"floor":37,"key":"StoneCalendar"},{"floor":43,"key":"Vajra"},{"floor":47,"key":"Bag of Preparation"}],"event_choices":[{"cards_removed":["Strike_B"],"damage_healed":0,"gold_gain":0,"player_choice":"Purged","damage_taken":0,"max_hp_gain":0,"max_hp_loss":0,"event_name":"Purifier","floor":2,"gold_loss":0},{"damage_healed":0,"gold_gain":0,"player_choice":"Ignored","damage_taken":0,"max_hp_gain":0,"max_hp_loss":0,"event_name":"Liars Game","floor":5,"gold_loss":0},{"cards_removed":["Hello World"],"damage_healed":0,"gold_gain":0,"player_choice":"Elegance","damage_taken":0,"max_hp_gain":0,"max_hp_loss":0,"event_name":"Back to Basics","floor":24,"gold_loss":0},{"damage_healed":0,"gold_gain":275,"player_choice":"Desecrate","damage_taken":0,"max_hp_gain":0,"max_hp_loss":0,"event_name":"Golden Shrine","floor":25,"gold_loss":0,"cards_obtained":["Regret"]},{"damage_healed":0,"gold_gain":0,"player_choice":"Smashed Altar","damage_taken":0,"max_hp_gain":0,"max_hp_loss":0,"event_name":"Forgotten Altar","floor":29,"gold_loss":0,"cards_obtained":["Decay"]},{"damage_healed":0,"gold_gain":0,"player_choice":"Memory 1","damage_taken":0,"max_hp_gain":0,"max_hp_loss":0,"event_name":"SensoryStone","floor":36,"gold_loss":0},{"damage_healed":0,"gold_gain":0,"player_choice":"Fight","damage_taken":0,"max_hp_gain":0,"max_hp_loss":0,"event_name":"MindBloom","floor":37,"gold_loss":0},{"damage_healed":0,"gold_gain":0,"player_choice":"Ignored","damage_taken":0,"max_hp_gain":0,"max_hp_loss":0,"event_name":"Mysterious Sphere","floor":38,"gold_loss":0}],"is_beta":false,"boss_relics":[{"not_picked":["Astrolabe","Black Star"],"picked":"Pandora\u0027s Box"},{"not_picked":["Runic Pyramid","FrozenCore"],"picked":"Fusion Hammer"}],"items_purged_floors":[31,39,41],"is_endless":false,"potions_floor_spawned":[1,11,21,40,45,48],"killed_by":"Awakened One","ascension_level":17}