{"gold_per_floor":[111,111,33,33,51,79,92,125,125,125,159,34,53,73,73,168,168],"floor_reached":17,"playtime":531,"items_purged":["Strike_R"],"score":200,"play_id":"88c95bb0-5b10-4163-9a7c-c52cba653e5f","local_time":"20190510132637","is_ascension_mode":false,"campfire_choices":[{"data":"Bash","floor":10.0,"key":"SMITH"},{"data":"Rampage","floor":15.0,"key":"SMITH"}],"neow_cost":"NONE","seed_source_timestamp":0,"circlet_count":0,"master_deck":["Strike_R","Strike_R","Strike_R","Strike_R","Defend_R","Defend_R","Defend_R","Defend_R","Bash+1","Flame Barrier","Rampage+1","Ghostly Armor","Impervious","Cleave","Flame Barrier","Offering"],"special_seed":0,"relics":["Burning Blood","NeowsBlessing","Self Forming Clay","The Courier","Regal Pillow","Pantograph","Centennial Puzzle"],"potions_floor_usage":[],"damage_taken":[{"damage":0.0,"enemies":"Jaw Worm","floor":1.0,"turns":1.0},{"damage":0.0,"enemies":"2 Louse","floor":5.0,"turns":1.0},{"damage":0.0,"enemies":"3 Sentries","floor":6.0,"turns":1.0},{"damage":3.0,"enemies":"Small Slimes","floor":7.0,"turns":4.0},{"damage":17.0,"enemies":"Gremlin Nob","floor":8.0,"turns":4.0},{"damage":23.0,"enemies":"3 Sentries","floor":11.0,"turns":8.0},{"damage":5.0,"enemies":"Looter","floor":13.0,"turns":3.0},{"damage":18.0,"enemies":"Exordium Thugs","floor":14.0,"turns":5.0},{"damage":30.0,"enemies":"Hexaghost","floor":16.0,"turns":11.0}],"seed_played":"4769976680663512714","potions_obtained":[{"floor":5.0,"key":"SkillPotion"},{"floor":7.0,"key":"Block Potion"},{"floor":11.0,"key":"SkillPotion"},{"floor":16.0,"key":"Energy Potion"}],"is_trial":false,"path_per_floor":["M","?","$","?","M","E","M","E","T","R","E","$","M","M","R","B",null],"character_chosen":"IRONCLAD","items_purchased":["Rampage","Flame Barrier"],"campfire_rested":0,"item_purchase_floors":[3,12],"current_hp_per_floor":[80,73,73,73,79,80,80,69,69,69,52,52,53,41,41,42,42],"gold":168,"neow_bonus":"THREE_ENEMY_KILL","is_prod":false,"is_daily":false,"chose_seed":false,"campfire_upgraded":2,"win_rate":0,"timestamp":1557509197,"path_taken":["M","?","$","?","M","E","M","E","T","R","E","?","M","M","R","BOSS"],"build_version":"2019-01-23","purchased_purges":1,"victory":false,"max_hp_per_floor":[80,80,80,80,80,80,80,80,80,80,80,80,80,80,80,80,80],"card_choices":[{"not_picked":["Flex","Wild Strike"],"picked":"Flame Barrier","floor":1.0},{"not_picked":["True Grit","Corruption"],"picked":"Ghostly Armor","floor":5.0},{"not_picked":["Clothesline","Corruption","Havoc"],"picked":"SKIP","floor":6.0},{"not_picked":["Ghostly Armor","Heavy Blade","Feel No Pain"],"picked":"SKIP","floor":7.0},{"not_picked":["Clash","Body Slam"],"picked":"Impervious","floor":8.0},{"not_picked":["Anger","Clash"],"picked":"Cleave","floor":11.0},{"not_picked":["Iron Wave","Warcry","Headbutt"],"picked":"SKIP","floor":13.0},{"not_picked":["Feel No Pain","Sever Soul","Second Wind"],"picked":"SKIP","floor":14.0},{"not_picked":["Dark Embrace","Juggernaut"],"picked":"Offering","floor":16.0}],"player_experience":681183,"relics_obtained":[{"floor":6.0,"key":"The Courier"},{"floor":8.0,"key":"Regal Pillow"},{"floor":9.0,"key":"Pantograph"},{"floor":11.0,"key":"Centennial Puzzle"}],"event_choices":[{"damage_healed":0.0,"max_hp_gain":0.0,"max_hp_loss":0.0,"gold_gain":0.0,"event_name":"Scrap Ooze","player_choice":"Success","floor":2.0,"gold_loss":0.0,"damage_taken":7.0,"relics_obtained":["Self Forming Clay"]},{"damage_healed":0.0,"max_hp_gain":0.0,"max_hp_loss":0.0,"gold_gain":0.0,"event_name":"The Cleric","player_choice":"Leave","floor":4.0,"gold_loss":0.0,"damage_taken":0.0}],"is_beta":false,"boss_relics":[],"items_purged_floors":[12],"is_endless":false,"potions_floor_spawned":[5,7,11,16],"ascension_level":0}