{"gold_per_floor":[119,184,184,184,202,202,236,255,255,271,271,304,324,336,336,336],"floor_reached":16,"playtime":489,"items_purged":[],"score":233,"play_id":"22618c7c-bd1d-4363-99a0-501d6c5e3a09","local_time":"20181119225847","is_ascension_mode":true,"campfire_choices":[{"data":"Corruption","floor":6,"key":"SMITH"},{"floor":15,"key":"REST"}],"neow_cost":"NONE","seed_source_timestamp":19690400538547,"circlet_count":0,"master_deck":["AscendersBane","Strike_R+1","Strike_R","Strike_R+1","Strike_R","Strike_R","Defend_R","Defend_R","Defend_R","Defend_R+1","Bash","Clothesline","Whirlwind","Corruption+1","Shrug It Off+1","Clothesline","Shrug It Off","Uppercut","Power Through"],"relics":["Burning Blood","NeowsBlessing","Bottled Lightning","Whetstone","Darkstone Periapt"],"potions_floor_usage":[14],"damage_taken":[{"damage":0,"enemies":"Jaw Worm","floor":1,"turns":1},{"damage":0,"enemies":"2 Louse","floor":5,"turns":1},{"damage":0,"enemies":"Gremlin Nob","floor":7,"turns":1},{"damage":2,"enemies":"Cultist","floor":8,"turns":4},{"damage":20,"enemies":"Large Slime","floor":10,"turns":9},{"damage":45,"enemies":"3 Sentries","floor":12,"turns":11},{"damage":0,"enemies":"Looter","floor":13,"turns":4},{"damage":7,"enemies":"Exordium Wildlife","floor":14,"turns":2},{"damage":35,"enemies":"The Guardian","floor":16,"turns":6}],"seed_played":"5172831077502826617","potions_obtained":[{"floor":1,"key":"LiquidBronze"},{"floor":13,"key":"Explosive Potion"},{"floor":14,"key":"SteroidPotion"}],"is_trial":false,"path_per_floor":["M","?","?","$","M","R","E","M","T","M","?","E","M","M","R","B"],"character_chosen":"IRONCLAD","items_purchased":[],"campfire_rested":1,"item_purchase_floors":[],"current_hp_per_floor":[74,74,74,74,75,75,75,75,75,61,46,7,13,12,34,0],"gold":336,"neow_bonus":"THREE_ENEMY_KILL","is_prod":false,"is_daily":false,"chose_seed":false,"campfire_upgraded":1,"win_rate":0,"timestamp":1542697127,"path_taken":["M","?","?","$","?","R","E","M","T","M","?","E","M","M","R","BOSS"],"build_version":"2018-11-15","purchased_purges":0,"victory":false,"max_hp_per_floor":[75,75,75,75,75,75,75,75,75,75,75,75,75,75,75,75],"card_choices":[{"not_picked":["Second Wind","Searing Blow"],"picked":"Clothesline","floor":1},{"not_picked":["Heavy Blade","Perfected Strike"],"picked":"Corruption","floor":5},{"not_picked":["Evolve","Feel No Pain","Burning Pact"],"picked":"SKIP","floor":7},{"not_picked":["Infernal Blade","Twin Strike"],"picked":"Shrug It Off","floor":8},{"not_picked":["Havoc","Entrench"],"picked":"Clothesline","floor":10},{"not_picked":["Headbutt","Second Wind"],"picked":"Shrug It Off","floor":12},{"not_picked":["Flex","Anger"],"picked":"Uppercut","floor":13},{"not_picked":["Dual Wield","Warcry"],"picked":"Power Through","floor":14}],"player_experience":796808,"relics_obtained":[{"floor":7,"key":"Bottled Lightning"},{"floor":9,"key":"Whetstone"},{"floor":12,"key":"Darkstone Periapt"}],"event_choices":[{"damage_healed":0,"gold_gain":65,"player_choice":"Gained Gold","damage_taken":0,"max_hp_gain":0,"max_hp_loss":0,"event_name":"Golden Wing","floor":2,"gold_loss":0},{"damage_healed":0,"gold_gain":0,"player_choice":"1 cards matched","damage_taken":0,"max_hp_gain":0,"max_hp_loss":0,"event_name":"Match and Keep!","floor":3,"gold_loss":0,"cards_obtained":["Whirlwind"]},{"damage_healed":0,"gold_gain":0,"player_choice":"Entered Light","damage_taken":15,"max_hp_gain":0,"max_hp_loss":0,"event_name":"Shining Light","floor":11,"gold_loss":0,"cards_upgraded":["Defend_R","Shrug It Off"]}],"is_beta":false,"boss_relics":[],"items_purged_floors":[],"is_endless":false,"potions_floor_spawned":[1,13,14],"killed_by":"The Guardian","ascension_level":14}