{"gold_per_floor":[109,109,109,123,138,171,171,171,244,262,262,262,279,295,295,396,396,414,432,451,183,197,197,53,53,53,53,53,67,80,95,95,95],"floor_reached":33,"playtime":2494,"items_purged":[],"score":276,"play_id":"74fc5a6e-12e5-4be1-b120-d693c5153a96","local_time":"20190128102426","is_ascension_mode":false,"campfire_choices":[{"data":"Survivor","floor":8,"key":"SMITH"},{"floor":11,"key":"REST"},{"floor":15,"key":"REST"},{"floor":23,"key":"REST"},{"floor":25,"key":"REST"},{"data":"Envenom","floor":28,"key":"SMITH"},{"floor":32,"key":"REST"}],"neow_cost":"NONE","seed_source_timestamp":861064487307808,"circlet_count":0,"master_deck":["Defend_G","Defend_G","Defend_G","Defend_G","Defend_G","Strike_G","Strike_G","Survivor+1","Neutralize","Sucker Punch","PiercingWail","Poisoned Stab","Finisher","Dagger Spray","Endless Agony","Bane","Envenom+1","Adrenaline+1","Prepared+1","Backstab+1","Finisher","Blade Dance","Poisoned Stab","Endless Agony","Adrenaline","Deflect","Noxious Fumes","Slice+1","Prepared+1","Deadly Poison","Glass Knife"],"relics":["Ring of the Snake","Bottled Lightning","Bird Faced Urn","Dodecahedron","Mango","Astrolabe","Regal Pillow","Tingsha"],"potions_floor_usage":[10,16,23,33,33],"damage_taken":[{"damage":0,"enemies":"2 Louse","floor":1,"turns":3},{"damage":0,"enemies":"Jaw Worm","floor":4,"turns":6},{"damage":0,"enemies":"Small Slimes","floor":5,"turns":4},{"damage":24,"enemies":"Gremlin Nob","floor":6,"turns":5},{"damage":0,"enemies":"Gremlin Gang","floor":10,"turns":3},{"damage":0,"enemies":"Large Slime","floor":13,"turns":5},{"damage":9,"enemies":"Exordium Thugs","floor":14,"turns":7},{"damage":39,"enemies":"The Guardian","floor":16,"turns":14},{"damage":17,"enemies":"2 Thieves","floor":18,"turns":3},{"damage":13,"enemies":"3 Byrds","floor":19,"turns":5},{"damage":23,"enemies":"Snecko","floor":20,"turns":4},{"damage":9,"enemies":"Snake Plant","floor":22,"turns":4},{"damage":0,"enemies":"Chosen and Byrds","floor":29,"turns":3},{"damage":22,"enemies":"Snecko","floor":30,"turns":4},{"damage":15,"enemies":"Snake Plant","floor":31,"turns":3},{"damage":109,"enemies":"Collector","floor":33,"turns":6}],"seed_played":"6094081376376324505","potions_obtained":[{"floor":1,"key":"Explosive Potion"},{"floor":10,"key":"Dexterity Potion"},{"floor":14,"key":"AttackPotion"},{"floor":16,"key":"FearPotion"},{"floor":20,"key":"Poison Potion"},{"floor":22,"key":"Fruit Juice"},{"floor":29,"key":"Swift Potion"}],"is_trial":false,"path_per_floor":["M","?","T","M","M","E","$","R","T","M","R","?","M","M","R","B",null,"M","M","M","$","M","R","$","R","T","?","R","M","M","M","R","B"],"character_chosen":"THE_SILENT","items_purchased":["Endless Agony","Adrenaline","Deflect","Noxious Fumes","Regal Pillow"],"campfire_rested":5,"item_purchase_floors":[21,21,21,21,24],"current_hp_per_floor":[77,77,77,77,77,53,53,53,53,53,76,90,90,81,91,52,91,76,65,44,44,39,71,71,96,96,96,96,96,74,61,96,0],"gold":95,"neow_bonus":"TEN_PERCENT_HP_BONUS","is_prod":false,"is_daily":false,"chose_seed":false,"campfire_upgraded":2,"win_rate":0.0,"timestamp":1548689066,"path_taken":["M","?","?","M","M","E","$","R","T","M","R","?","M","M","R","BOSS","M","M","?","$","M","R","$","R","T","?","R","M","M","?","R","BOSS"],"build_version":"2019-01-23","purchased_purges":0,"victory":false,"max_hp_per_floor":[77,77,77,77,77,77,77,77,77,77,77,91,91,91,91,91,91,91,91,91,91,91,96,96,96,96,96,96,96,96,96,96,96],"card_choices":[{"not_picked":["Dagger Throw","Quick Slash"],"picked":"Sucker Punch","floor":1},{"not_picked":["Dodge and Roll","Dagger Spray"],"picked":"PiercingWail","floor":4},{"not_picked":["Well Laid Plans","Quick Slash"],"picked":"Poisoned Stab","floor":5},{"not_picked":["Venomology","Dagger Throw"],"picked":"Finisher","floor":6},{"not_picked":["Dodge and Roll","Acrobatics"],"picked":"Dagger Spray","floor":10},{"not_picked":["Bane","Crippling Poison"],"picked":"Endless Agony","floor":13},{"not_picked":["Glass Knife","Dodge and Roll"],"picked":"Bane","floor":14},{"not_picked":["Adrenaline","Venomology"],"picked":"Envenom","floor":16},{"not_picked":["Underhanded Strike+1","Dagger Spray"],"picked":"Finisher","floor":18},{"not_picked":["Expertise","Flying Knee"],"picked":"Blade Dance","floor":19},{"not_picked":["Tactician","Predator+1"],"picked":"Poisoned Stab","floor":20},{"not_picked":["Skewer","Bane"],"picked":"Slice+1","floor":22},{"not_picked":["Poisoned Stab","Predator+1"],"picked":"Prepared+1","floor":29},{"not_picked":["Dodge and Roll","Predator"],"picked":"Deadly Poison","floor":30},{"not_picked":["Eviscerate","Outmaneuver"],"picked":"Glass Knife","floor":31}],"player_experience":38779,"relics_obtained":[{"floor":3,"key":"Bottled Lightning"},{"floor":6,"key":"Bird Faced Urn"},{"floor":9,"key":"Dodecahedron"},{"floor":26,"key":"Tingsha"}],"event_choices":[{"damage_healed":0,"gold_gain":0,"player_choice":"Ignored","damage_taken":0,"max_hp_gain":0,"max_hp_loss":0,"event_name":"Liars Game","floor":2,"gold_loss":0},{"damage_healed":0,"gold_gain":0,"player_choice":"Gave Potion","damage_taken":0,"relics_obtained":["Mango"],"max_hp_gain":0,"max_hp_loss":0,"event_name":"WeMeetAgain","floor":12,"gold_loss":0},{"damage_healed":0,"gold_gain":0,"player_choice":"Ignored","damage_taken":0,"max_hp_gain":0,"max_hp_loss":0,"event_name":"NoteForYourself","floor":27,"gold_loss":0}],"is_beta":false,"boss_relics":[{"not_picked":["Lizard Tail","Runic Pyramid"],"picked":"Astrolabe"}],"items_purged_floors":[],"is_endless":false,"potions_floor_spawned":[1,10,14,16,20,22,29],"killed_by":"Collector","ascension_level":0}