{"gold_per_floor":[111,122,132,150,162,162,76,95,141,166,178,218,230,271,283,394,406,433,455,467,479,491,503,392,392,392,420,420,439,191,218,218,321,321,335,435,23,38,38,70,70,90,90,16,16,32,32,44,44,44],"floor_reached":50,"playtime":2483,"items_purged":["Shame","Bash","Strike_R+1"],"score":654,"play_id":"166da8d8-2b60-4551-b025-a6b506ca5ca6","local_time":"20190208180904","is_ascension_mode":true,"campfire_choices":[{"data":"Armaments","floor":6.0,"key":"SMITH"},{"data":"Metallicize","floor":11.0,"key":"SMITH"},{"data":"Cleave","floor":13.0,"key":"SMITH"},{"floor":15.0,"key":"REST"},{"data":"Perfected Strike","floor":23,"key":"SMITH"},{"data":"Shockwave","floor":25,"key":"SMITH"},{"data":"Inflame","floor":32,"key":"SMITH"},{"data":"Disarm","floor":41,"key":"SMITH"},{"data":"True Grit","floor":45,"key":"SMITH"},{"data":"Iron Wave","floor":49,"key":"SMITH"}],"neow_cost":"NONE","seed_source_timestamp":0,"circlet_count":0,"master_deck":["Strike_R+1","Strike_R+1","Strike_R+1","Strike_R+1","Defend_R+1","Defend_R+1","Defend_R+1","Iron Wave+1","Cleave+1","Pommel Strike","Shockwave+1","Armaments+1","Thunderclap","Metallicize+1","Battle Trance","Disarm+1","Shrug It Off","Shrug It Off","Perfected Strike+1","Clash","Inflame+1","Iron Wave+1","Dropkick+1","Flex+1","Armaments+1","True Grit+1","Shockwave+1"],"special_seed":0,"relics":["Burning Blood","MawBank","Anchor","Bottled Lightning","Mark of Pain","Bronze Scales","Enchiridion","Bottled Tornado","Meat on the Bone","Magic Flower","Oddly Smooth Stone","Du-Vu Doll","Busted Crown","FossilizedHelix","Nunchaku","Smiling Mask","Blue Candle"],"potions_floor_usage":[18,33,33,33,36,50,50,50],"damage_taken":[{"damage":6.0,"enemies":"Cultist","floor":1.0,"turns":4.0},{"damage":3.0,"enemies":"2 Louse","floor":2.0,"turns":3.0},{"damage":5.0,"enemies":"Small Slimes","floor":3.0,"turns":3.0},{"damage":6.0,"enemies":"Looter","floor":4.0,"turns":2.0},{"damage":15.0,"enemies":"Blue Slaver","floor":5.0,"turns":4.0},{"damage":19.0,"enemies":"Exordium Thugs","floor":8.0,"turns":5.0},{"damage":7.0,"enemies":"3 Louse","floor":10.0,"turns":2.0},{"damage":17.0,"enemies":"Gremlin Nob","floor":12.0,"turns":5.0},{"damage":37.0,"enemies":"Lagavulin","floor":14.0,"turns":9.0},{"damage":11.0,"enemies":"The Guardian","floor":16.0,"turns":14.0},{"damage":19,"enemies":"Shell Parasite","floor":18,"turns":7},{"damage":4,"enemies":"2 Thieves","floor":19,"turns":5},{"damage":11,"enemies":"Book of Stabbing","floor":27,"turns":4},{"damage":2,"enemies":"Snecko","floor":29,"turns":5},{"damage":10,"enemies":"Slavers","floor":31,"turns":4},{"damage":51,"enemies":"Champ","floor":33,"turns":11},{"damage":0,"enemies":"Orb Walker","floor":35,"turns":3},{"damage":14,"enemies":"Mind Bloom Boss Battle","floor":36,"turns":4},{"damage":9,"enemies":"3 Darklings","floor":38,"turns":3},{"damage":0,"enemies":"Giant Head","floor":40,"turns":6},{"damage":0,"enemies":"Spire Growth","floor":42,"turns":5},{"damage":0,"enemies":"Transient","floor":46,"turns":5},{"damage":0,"enemies":"Jaw Worm Horde","floor":48,"turns":4},{"damage":122,"enemies":"Time Eater","floor":50,"turns":16}],"seed_played":"-6206217403846668915","potions_obtained":[{"floor":3.0,"key":"Fire Potion"},{"floor":4.0,"key":"Block Potion"},{"floor":5.0,"key":"SneckoOil"},{"floor":18,"key":"Poison Potion"},{"floor":19,"key":"Weak Potion"},{"floor":35,"key":"SkillPotion"},{"floor":40,"key":"AttackPotion"},{"floor":48,"key":"FearPotion"}],"is_trial":false,"path_per_floor":["M","M","M","M","M","R","$","M","T","M","R","E","R","E","R","B",null,"M","M","?","?","?","R","$","R","T","E","T","M","$","E","R","B",null,"M","?","$","M","$","E","R","M","T","$","R","M","?","M","R","B"],"character_chosen":"IRONCLAD","items_purchased":["Thunderclap","Metallicize","Clash","Oddly Smooth Stone","Nunchaku","Regen Potion"],"campfire_rested":1,"item_purchase_floors":[7,7,24,30,37,44],"current_hp_per_floor":[88,88,88,88,79,79,79,66,66,65,65,54,54,23,49,44,88,75,77,77,77,61,61,61,61,61,56,56,63,63,62,62,38,88,88,83,83,83,83,88,88,88,88,88,88,88,88,88,88,0],"gold":44,"neow_bonus":"TEN_PERCENT_HP_BONUS","is_prod":false,"is_daily":false,"chose_seed":false,"campfire_upgraded":9,"win_rate":0,"timestamp":1549667344,"path_taken":["M","M","M","M","M","R","$","M","T","M","R","E","R","E","R","BOSS","M","M","?","?","?","R","$","R","T","E","?","M","$","E","R","BOSS","M","?","$","M","?","E","R","M","T","$","R","M","?","M","R","BOSS"],"build_version":"2019-01-23","purchased_purges":3,"victory":false,"max_hp_per_floor":[88,88,88,88,88,88,88,88,88,88,88,88,88,88,88,88,88,88,88,88,88,88,88,88,88,88,88,88,88,88,88,88,88,88,88,88,88,88,88,88,88,88,88,88,88,88,88,88,88,88],"card_choices":[{"not_picked":["Warcry","Pommel Strike"],"picked":"Iron Wave","floor":1.0},{"not_picked":["Anger","Power Through"],"picked":"Cleave","floor":2.0},{"not_picked":["Anger","Cleave"],"picked":"Pommel Strike","floor":3.0},{"not_picked":["Bloodletting","Cleave"],"picked":"Shockwave","floor":4.0},{"not_picked":["Body Slam","Cleave"],"picked":"Armaments","floor":5.0},{"not_picked":["Clothesline","Cleave"],"picked":"Battle Trance","floor":8.0},{"not_picked":["Clothesline","Sword Boomerang"],"picked":"Disarm","floor":10.0},{"not_picked":["Body Slam","Exhume","Hemokinesis"],"picked":"SKIP","floor":12.0},{"not_picked":["Sword Boomerang","Combust"],"picked":"Shrug It Off","floor":14.0},{"not_picked":["Twin Strike","Clothesline"],"picked":"Shrug It Off","floor":18},{"not_picked":["Twin Strike","Thunderclap"],"picked":"Perfected Strike","floor":19},{"not_picked":["Rage","Ghostly Armor","Carnage+1"],"picked":"SKIP","floor":27},{"not_picked":["Rage","Sword Boomerang","Second Wind"],"picked":"SKIP","floor":29},{"not_picked":["Headbutt","Dropkick+1"],"picked":"Inflame","floor":31},{"not_picked":[],"picked":"Iron Wave+1","floor":35},{"not_picked":[],"picked":"Dropkick+1","floor":36},{"not_picked":[],"picked":"Flex+1","floor":38},{"not_picked":[],"picked":"Armaments+1","floor":40},{"not_picked":[],"picked":"True Grit","floor":42},{"not_picked":[],"picked":"Shockwave+1","floor":46},{"not_picked":["Intimidate"],"picked":"SKIP","floor":48}],"player_experience":177837,"relics_obtained":[{"floor":9.0,"key":"MawBank"},{"floor":12.0,"key":"Anchor"},{"floor":14.0,"key":"Bottled Lightning"},{"floor":22,"key":"Enchiridion"},{"floor":26,"key":"Bottled Tornado"},{"floor":27,"key":"Meat on the Bone"},{"floor":28,"key":"Magic Flower"},{"floor":31,"key":"Du-Vu Doll"},{"floor":36,"key":"FossilizedHelix"},{"floor":40,"key":"Smiling Mask"},{"floor":43,"key":"Blue Candle"}],"event_choices":[{"damage_healed":0,"gold_gain":0,"player_choice":"Stole Relic","damage_taken":0,"relics_obtained":["Bronze Scales"],"max_hp_gain":0,"max_hp_loss":0,"event_name":"Addict","floor":20,"gold_loss":0,"cards_obtained":["Shame"]},{"damage_healed":0,"gold_gain":0,"player_choice":"Simplicity","damage_taken":0,"max_hp_gain":0,"max_hp_loss":0,"event_name":"Back to Basics","floor":21,"gold_loss":0,"cards_upgraded":["Strike_R","Strike_R","Strike_R","Strike_R","Strike_R","Defend_R","Defend_R","Defend_R","Defend_R"]},{"damage_healed":0,"gold_gain":0,"player_choice":"Obtained Book","damage_taken":16,"max_hp_gain":0,"max_hp_loss":0,"event_name":"Cursed Tome","floor":22,"gold_loss":0},{"damage_healed":0,"gold_gain":0,"player_choice":"Fight","damage_taken":0,"max_hp_gain":0,"max_hp_loss":0,"event_name":"MindBloom","floor":36,"gold_loss":0},{"cards_removed":["Defend_R"],"damage_healed":0,"gold_gain":0,"player_choice":"Removed Skill","damage_taken":0,"max_hp_gain":0,"max_hp_loss":0,"event_name":"Falling","floor":47,"gold_loss":0}],"is_beta":false,"boss_relics":[{"not_picked":["Tiny House","Snecko Eye"],"picked":"Mark of Pain"},{"not_picked":["Cursed Key","Runic Dome"],"picked":"Busted Crown"}],"items_purged_floors":[24,30,37],"is_endless":false,"potions_floor_spawned":[3,4,5,14,18,19,35,40,48],"killed_by":"Time Eater","ascension_level":4}