{"gold_per_floor":[115,135,146,146,123,149,162,162,162,182,182,201,201,201,201,296,296,307,307,27,39,52,52,52,71,71,71,171,181,181,196,196,301,301,316,316,363,463,463,463,463,488,488,416,429,429,442,457,457,457],"floor_reached":50,"playtime":3760,"items_purged":[],"score":492,"play_id":"0f37dc42-774a-4e93-99a6-9e9e082d510b","local_time":"20190613222234","is_ascension_mode":false,"campfire_choices":[{"floor":8,"key":"REST"},{"data":"Finisher","floor":11,"key":"SMITH"},{"data":"Poisoned Stab","floor":13,"key":"SMITH"},{"data":"Cloak And Dagger","floor":15,"key":"SMITH"},{"data":"Wraith Form v2","floor":24,"key":"SMITH"},{"data":"Strike_G","floor":30,"key":"PURGE"},{"data":"Cloak And Dagger","floor":32,"key":"SMITH"},{"data":"Glass Knife","floor":41,"key":"SMITH"},{"floor":46,"key":"REST"},{"floor":49,"key":"RECALL"}],"neow_cost":"NONE","seed_source_timestamp":510775941926022,"circlet_count":0,"master_deck":["Defend_G","Defend_G","Defend_G+1","Defend_G","Strike_G","Strike_G+1","Survivor","Neutralize","Poisoned Stab+1","Finisher+1","Cloak And Dagger+1","Escape Plan","Masterful Stab","Wraith Form v2+1","Flying Knee","Dagger Spray+1","Cloak And Dagger+1","Terror+1","Glass Knife+1","PiercingWail+1","Caltrops","Calculated Gamble","Accuracy","Escape Plan+1","Parasite","Quick Slash+1","Concentrate+1","Slice+1"],"relics":["Ring of the Snake","NeowsBlessing","Matryoshka","Pantograph","Meat on the Bone","WristBlade","Happy Flower","Shuriken","Pear","Ginger","Peace Pipe","Paper Crane","Sozu","Bird Faced Urn","Prayer Wheel","Oddly Smooth Stone"],"potions_floor_usage":[16,16,22,23,23,28,28,33,37,42],"damage_taken":[{"damage":0,"enemies":"Jaw Worm","floor":1,"turns":1},{"damage":0,"enemies":"2 Louse","floor":2,"turns":1},{"damage":0,"enemies":"Cultist","floor":3,"turns":1},{"damage":17,"enemies":"Gremlin Nob","floor":6,"turns":5},{"damage":0,"enemies":"2 Fungi Beasts","floor":7,"turns":3},{"damage":3,"enemies":"3 Louse","floor":10,"turns":3},{"damage":0,"enemies":"Blue Slaver","floor":12,"turns":3},{"damage":26,"enemies":"The Guardian","floor":16,"turns":16},{"damage":4,"enemies":"2 Thieves","floor":18,"turns":3},{"damage":0,"enemies":"Spheric Guardian","floor":21,"turns":3},{"damage":2,"enemies":"Snake Plant","floor":22,"turns":4},{"damage":0,"enemies":"Gremlin Leader","floor":23,"turns":3},{"damage":2,"enemies":"Cultist and Chosen","floor":25,"turns":5},{"damage":5,"enemies":"Colosseum Slavers","floor":28,"turns":4},{"damage":16,"enemies":"Colosseum Nobs","floor":28,"turns":4},{"damage":2,"enemies":"Shelled Parasite and Fungi","floor":29,"turns":5},{"damage":1,"enemies":"Snake Plant","floor":31,"turns":5},{"damage":11,"enemies":"Collector","floor":33,"turns":6},{"damage":1,"enemies":"Orb Walker","floor":35,"turns":3},{"damage":16,"enemies":"2 Orb Walkers","floor":37,"turns":3},{"damage":19,"enemies":"Mind Bloom Boss Battle","floor":38,"turns":5},{"damage":42,"enemies":"Nemesis","floor":42,"turns":7},{"damage":12,"enemies":"3 Shapes","floor":45,"turns":5},{"damage":2,"enemies":"Writhing Mass","floor":47,"turns":5},{"damage":7,"enemies":"4 Shapes","floor":48,"turns":5},{"damage":98,"enemies":"Donu and Deca","floor":50,"turns":6}],"seed_played":"5232075986533127780","potions_obtained":[{"floor":2,"key":"LiquidBronze"},{"floor":10,"key":"GamblersBrew"},{"floor":16,"key":"EntropicBrew"},{"floor":25,"key":"Swift Potion"},{"floor":29,"key":"FearPotion"},{"floor":31,"key":"Fire Potion"},{"floor":33,"key":"Ancient Potion"}],"is_trial":false,"path_per_floor":["M","M","M","?","?","E","M","R","T","M","R","M","R","?","R","B",null,"M","?","$","M","M","E","R","M","T","$","?","M","R","M","R","B",null,"M","?","?","?","?","?","R","E","T","$","M","R","M","M","R","B"],"character_chosen":"THE_SILENT","items_purchased":["Shuriken","Flying Knee","Accuracy"],"campfire_rested":2,"item_purchase_floors":[20,20,44],"current_hp_per_floor":[70,70,70,56,56,39,39,60,60,57,57,57,57,50,50,44,70,66,66,66,66,64,64,64,62,72,72,51,49,49,48,48,62,80,79,79,63,61,61,61,61,35,35,35,41,65,65,64,64,0],"gold":457,"neow_bonus":"THREE_ENEMY_KILL","is_prod":false,"is_daily":false,"chose_seed":false,"campfire_upgraded":6,"win_rate":0,"timestamp":1560489754,"path_taken":["M","M","M","?","?","E","M","R","T","M","R","M","R","?","R","BOSS","M","?","$","?","M","E","R","M","T","$","?","M","R","M","R","BOSS","M","?","?","?","?","?","R","E","T","$","M","R","M","M","R","BOSS"],"build_version":"2019-01-23","purchased_purges":0,"victory":false,"max_hp_per_floor":[70,70,70,70,70,70,70,70,70,70,70,70,70,70,70,70,70,70,70,70,70,70,70,70,70,80,80,80,80,80,80,80,80,80,80,80,80,80,80,80,80,80,80,80,80,80,80,80,80,80],"card_choices":[{"not_picked":["Backflip","Deadly Poison"],"picked":"Poisoned Stab","floor":1},{"not_picked":["Outmaneuver","Underhanded Strike","Deflect"],"picked":"SKIP","floor":2},{"not_picked":["Sucker Punch","Quick Slash"],"picked":"Finisher","floor":3},{"not_picked":["Poisoned Stab","Accuracy"],"picked":"Cloak And Dagger","floor":6},{"not_picked":["Underhanded Strike","PiercingWail"],"picked":"Escape Plan","floor":7},{"not_picked":["Grand Finale","Quick Slash"],"picked":"Masterful Stab","floor":10},{"not_picked":["Prepared","Underhanded Strike","Eviscerate"],"picked":"SKIP","floor":12},{"not_picked":["Doppelganger","Burst"],"picked":"Wraith Form v2","floor":16},{"not_picked":["PiercingWail","Riddle With Holes","Deadly Poison"],"picked":"SKIP","floor":18},{"not_picked":["Outmaneuver","Prepared"],"picked":"Dagger Spray+1","floor":21},{"not_picked":["Flying Knee","Distraction+1","Sucker Punch"],"picked":"SKIP","floor":22},{"not_picked":["Backflip+1","Setup+1"],"picked":"Cloak And Dagger","floor":25},{"not_picked":["Dodge and Roll","Backflip+1","Sucker Punch"],"picked":"SKIP","floor":29},{"not_picked":["Blade Dance","Adrenaline"],"picked":"Terror+1","floor":31},{"not_picked":["Envenom","A Thousand Cuts"],"picked":"Glass Knife","floor":33},{"not_picked":["Backstab","Dagger Spray"],"picked":"PiercingWail+1","floor":35},{"not_picked":["Slice+1","Predator+1"],"picked":"Caltrops","floor":37},{"not_picked":["Sucker Punch+1","Dagger Spray"],"picked":"Calculated Gamble","floor":42},{"not_picked":["Slice","Caltrops"],"picked":"Escape Plan+1","floor":45},{"not_picked":["Outmaneuver","Setup","Backflip+1"],"picked":"SKIP","floor":45},{"not_picked":["Phantasmal Killer","Dagger Throw"],"picked":"Quick Slash+1","floor":47},{"not_picked":["PiercingWail+1","Acrobatics+1","Infinite Blades+1"],"picked":"SKIP","floor":47},{"not_picked":["Cloak And Dagger+1","Flying Knee+1"],"picked":"Concentrate+1","floor":48},{"not_picked":["Calculated Gamble+1","Underhanded Strike","Slice+1"],"picked":"SKIP","floor":48},{"not_picked":["Calculated Gamble+1","Underhanded Strike"],"picked":"Slice+1","floor":48}],"player_experience":368059,"relics_obtained":[{"floor":6,"key":"Matryoshka"},{"floor":9,"key":"Pantograph"},{"floor":9,"key":"Meat on the Bone"},{"floor":19,"key":"Happy Flower"},{"floor":26,"key":"Pear"},{"floor":26,"key":"Ginger"},{"floor":28,"key":"Peace Pipe"},{"floor":28,"key":"Paper Crane"},{"floor":37,"key":"Bird Faced Urn"},{"floor":38,"key":"Prayer Wheel"},{"floor":42,"key":"Oddly Smooth Stone"}],"event_choices":[{"damage_healed":0,"gold_gain":0,"player_choice":"Entered Light","damage_taken":14,"max_hp_gain":0,"max_hp_loss":0,"event_name":"Shining Light","floor":4,"gold_loss":0,"cards_upgraded":["Defend_G","Strike_G"]},{"damage_healed":0,"gold_gain":0,"player_choice":"Left Gold","damage_taken":0,"max_hp_gain":0,"max_hp_loss":0,"event_name":"World of Goop","floor":5,"gold_loss":23},{"cards_removed":["Strike_G"],"damage_healed":0,"gold_gain":0,"player_choice":"Card Removal","damage_taken":7,"max_hp_gain":0,"max_hp_loss":0,"event_name":"Golden Wing","floor":14,"gold_loss":0},{"damage_healed":0,"gold_gain":0,"player_choice":"Relic","damage_taken":0,"max_hp_gain":0,"max_hp_loss":0,"event_name":"Wheel of Change","floor":19,"gold_loss":0},{"damage_healed":0,"gold_gain":0,"player_choice":"Fight","damage_taken":0,"max_hp_gain":0,"max_hp_loss":0,"event_name":"Colosseum","floor":28,"gold_loss":0},{"damage_healed":0,"gold_gain":0,"player_choice":"Fought Nobs","damage_taken":0,"max_hp_gain":0,"max_hp_loss":0,"event_name":"Colosseum","floor":28,"gold_loss":0},{"damage_healed":0,"gold_gain":0,"player_choice":"Ignored","damage_taken":0,"max_hp_gain":0,"max_hp_loss":0,"event_name":"Tomb of Lord Red Mask","floor":36,"gold_loss":0},{"damage_healed":0,"gold_gain":0,"player_choice":"Fight","damage_taken":0,"max_hp_gain":0,"max_hp_loss":0,"event_name":"Mysterious Sphere","floor":37,"gold_loss":0},{"damage_healed":0,"gold_gain":0,"player_choice":"Fight","damage_taken":0,"max_hp_gain":0,"max_hp_loss":0,"event_name":"MindBloom","floor":38,"gold_loss":0},{"cards_removed":["Defend_G"],"damage_healed":0,"gold_gain":0,"player_choice":"Removed Skill","damage_taken":0,"max_hp_gain":0,"max_hp_loss":0,"event_name":"Falling","floor":39,"gold_loss":0},{"cards_removed":["Strike_G"],"damage_healed":0,"gold_gain":0,"player_choice":"Card Removal","damage_taken":0,"max_hp_gain":0,"max_hp_loss":0,"event_name":"Wheel of Change","floor":40,"gold_loss":0}],"is_beta":false,"boss_relics":[{"not_picked":["HoveringKite","Busted Crown"],"picked":"WristBlade"},{"not_picked":["White Beast Statue","Runic Dome"],"picked":"Sozu"}],"items_purged_floors":[],"is_endless":false,"potions_floor_spawned":[2,10,16,23,25,29,31,33,37,38,42,45,48],"killed_by":"Donu and Deca","ascension_level":0}