{"gold_per_floor":[359,374,52,52,52,86,86,104,128,161,173,202,219,236,236,333,333,345,371,371,385,143,170,170,197,222,63,63],"floor_reached":28,"playtime":36917,"items_purged":[],"score":386,"play_id":"d23afab9-6064-4557-bd68-dedf2cf96f54","local_time":"20190702084202","is_ascension_mode":true,"campfire_choices":[{"floor":15,"key":"REST"},{"floor":24,"key":"REST"}],"neow_cost":"PERCENT_DAMAGE","seed_source_timestamp":192147763448500,"circlet_count":0,"master_deck":["Strike_R","Strike_R","Strike_R","Strike_R","Defend_R","Defend_R","Defend_R","Defend_R","Bash","Anger","Carnage","Apotheosis","Corruption","Thunderclap","Disarm","Cleave","Fiend Fire","Reckless Charge","Havoc","Impervious","Flame Barrier","Shrug It Off","Shrug It Off","Feel No Pain","Pommel Strike","Flash of Steel","Battle Trance"],"relics":["Black Blood","PreservedInsect","Oddly Smooth Stone","Omamori","Orichalcum","Anchor","Red Mask","Ornamental Fan","Letter Opener","Mercury Hourglass"],"potions_floor_usage":[16,16,16,19,23,25],"damage_taken":[{"damage":8,"enemies":"Jaw Worm","floor":1,"turns":5},{"damage":1,"enemies":"Cultist","floor":2,"turns":3},{"damage":12,"enemies":"3 Sentries","floor":6,"turns":5},{"damage":6,"enemies":"Small Slimes","floor":8,"turns":4},{"damage":13,"enemies":"Lagavulin","floor":10,"turns":5},{"damage":18,"enemies":"3 Louse","floor":11,"turns":3},{"damage":7,"enemies":"3 Sentries","floor":12,"turns":4},{"damage":10,"enemies":"Blue Slaver","floor":13,"turns":5},{"damage":3,"enemies":"Looter","floor":14,"turns":3},{"damage":26,"enemies":"Slime Boss","floor":16,"turns":8},{"damage":2,"enemies":"Spheric Guardian","floor":18,"turns":3},{"damage":32,"enemies":"Masked Bandits","floor":19,"turns":4},{"damage":0,"enemies":"Chosen","floor":21,"turns":6},{"damage":31,"enemies":"Slavers","floor":23,"turns":7},{"damage":55,"enemies":"Gremlin Leader","floor":25,"turns":7},{"damage":31,"enemies":"Book of Stabbing","floor":28,"turns":4}],"seed_played":"1334958837495700626","potions_obtained":[{"floor":2,"key":"FearPotion"},{"floor":6,"key":"Strength Potion"},{"floor":10,"key":"SpeedPotion"},{"floor":16,"key":"Dexterity Potion"},{"floor":18,"key":"Regen Potion"},{"floor":21,"key":"GamblersBrew"},{"floor":23,"key":"Explosive Potion"}],"is_trial":false,"path_per_floor":["M","M","$","?","$","E","?","M","T","E","M","E","M","M","R","B",null,"M","?","?","M","$","E","R","E","T","$","E"],"character_chosen":"IRONCLAD","items_purchased":["PreservedInsect","Apotheosis","Ornamental Fan","Flash of Steel","Battle Trance"],"campfire_rested":2,"item_purchase_floors":[3,3,22,27,27],"current_hp_per_floor":[49,54,54,54,54,48,48,48,48,41,29,28,24,27,51,31,68,76,63,63,73,73,52,76,31,31,31,0],"gold":63,"neow_bonus":"TWO_FIFTY_GOLD","is_prod":false,"is_daily":false,"chose_seed":false,"campfire_upgraded":0,"win_rate":0,"timestamp":1562053322,"path_taken":["M","M","$","?","?","E","?","?","T","E","M","E","M","M","R","BOSS","M","?","?","M","$","E","R","E","T","?","E"],"build_version":"2019-07-01","purchased_purges":0,"victory":false,"max_hp_per_floor":[80,80,80,80,80,80,80,80,80,80,80,80,80,80,80,80,80,80,80,80,80,80,80,80,80,80,80,80],"card_choices":[{"not_picked":["Thunderclap","Dropkick"],"picked":"Anger","floor":1},{"not_picked":["Burning Pact","Combust"],"picked":"Carnage","floor":2},{"not_picked":["Carnage","Reckless Charge"],"picked":"Corruption","floor":6},{"not_picked":["Corruption","Hemokinesis"],"picked":"Thunderclap","floor":8},{"not_picked":["Clothesline","Armaments"],"picked":"Disarm","floor":10},{"not_picked":["Perfected Strike","Clash"],"picked":"Cleave","floor":11},{"not_picked":["Inflame","Power Through"],"picked":"Fiend Fire","floor":12},{"not_picked":["Warcry","Thunderclap"],"picked":"Reckless Charge","floor":13},{"not_picked":["Armaments","Disarm"],"picked":"Havoc","floor":14},{"not_picked":["Brutality","Fiend Fire"],"picked":"Impervious","floor":16},{"not_picked":["Heavy Blade","Searing Blow"],"picked":"Flame Barrier","floor":18},{"not_picked":["Dual Wield","Flex"],"picked":"Shrug It Off","floor":19},{"not_picked":["Flame Barrier+1","Pommel Strike"],"picked":"Feel No Pain","floor":21},{"not_picked":["Reckless Charge","Clothesline"],"picked":"Pommel Strike","floor":23},{"not_picked":["Rupture+1","Sword Boomerang","Armaments"],"picked":"SKIP","floor":25}],"player_experience":877506,"relics_obtained":[{"floor":6,"key":"Oddly Smooth Stone"},{"floor":9,"key":"Omamori"},{"floor":10,"key":"Orichalcum"},{"floor":12,"key":"Anchor"},{"floor":19,"key":"Red Mask"},{"floor":23,"key":"Letter Opener"},{"floor":25,"key":"Mercury Hourglass"}],"event_choices":[{"cards_removed":["Strike_R"],"damage_healed":0,"gold_gain":0,"player_choice":"Offered Basic","damage_taken":0,"max_hp_gain":0,"max_hp_loss":0,"event_name":"Bonfire Elementals","floor":4,"gold_loss":0},{"damage_healed":0,"gold_gain":0,"player_choice":"Ignored","damage_taken":0,"max_hp_gain":0,"max_hp_loss":0,"event_name":"Liars Game","floor":7,"gold_loss":0},{"damage_healed":0,"gold_gain":0,"player_choice":"Fought Bandits","damage_taken":0,"max_hp_gain":0,"max_hp_loss":0,"event_name":"Masked Bandits","floor":19,"gold_loss":0},{"damage_healed":0,"gold_gain":0,"player_choice":"Read","damage_taken":0,"max_hp_gain":0,"max_hp_loss":0,"event_name":"The Library","floor":20,"gold_loss":0,"cards_obtained":["Shrug It Off"]}],"is_beta":false,"boss_relics":[{"not_picked":["Busted Crown","Cursed Key"],"picked":"Black Blood"}],"items_purged_floors":[],"is_endless":false,"potions_floor_spawned":[2,6,10,12,16,18,21,23],"killed_by":"Book of Stabbing","ascension_level":8}