{"gold_per_floor":[116,116,134,134,146,146,162,197,197,210,221,91,35,46,46,120,120,139,139,139,64,78,78,89,89,113,113,113,144,144,158,158,158],"floor_reached":33,"playtime":1046,"items_purged":["Pain"],"score":684,"play_id":"078af3a9-ddcd-4ee9-9071-81941db9604a","local_time":"20190613095214","is_ascension_mode":true,"campfire_choices":[{"data":"Streamline","floor":6,"key":"SMITH"},{"data":"Sunder","floor":15,"key":"SMITH"},{"data":"Electrodynamics","floor":23,"key":"SMITH"},{"data":"Capacitor","floor":25,"key":"SMITH"},{"floor":28,"key":"REST"},{"data":"Genetic Algorithm","floor":30,"key":"SMITH"},{"data":"Glacier","floor":32,"key":"SMITH"}],"neow_cost":"NONE","seed_source_timestamp":87329843223369,"circlet_count":0,"master_deck":["AscendersBane","Strike_B+1","Strike_B+1","Defend_B+1","Defend_B+1","Defend_B+1","Defend_B+1","Zap","Dualcast","Buffer+1","Streamline+1","White Noise","Sunder+1","Genetic Algorithm+1","Sweeping Beam","Conserve Battery","Ball Lightning","Capacitor+1","Electrodynamics+1","Chill","Tempest","Glacier+1","Cold Snap+1"],"relics":["Cracked Core","WarpedTongs","Bronze Scales","Strawberry","Snecko Eye","Potion Belt","Symbiotic Virus"],"potions_floor_usage":[10,10,33,33],"damage_taken":[{"damage":4,"enemies":"Small Slimes","floor":1,"turns":5},{"damage":0,"enemies":"2 Louse","floor":3,"turns":2},{"damage":0,"enemies":"Cultist","floor":5,"turns":4},{"damage":8,"enemies":"Exordium Wildlife","floor":7,"turns":5},{"damage":26,"enemies":"Lagavulin","floor":8,"turns":6},{"damage":9,"enemies":"3 Louse","floor":10,"turns":2},{"damage":0,"enemies":"2 Fungi Beasts","floor":11,"turns":3},{"damage":0,"enemies":"Large Slime","floor":14,"turns":4},{"damage":0,"enemies":"Slime Boss","floor":16,"turns":6},{"damage":0,"enemies":"2 Thieves","floor":18,"turns":3},{"damage":0,"enemies":"3 Byrds","floor":22,"turns":2},{"damage":0,"enemies":"3 Cultists","floor":24,"turns":2},{"damage":0,"enemies":"Book of Stabbing","floor":29,"turns":5},{"damage":0,"enemies":"Snake Plant","floor":31,"turns":2},{"damage":78,"enemies":"Champ","floor":33,"turns":9}],"seed_played":"1486766422498763508","potions_obtained":[{"floor":5,"key":"SkillPotion"},{"floor":8,"key":"SkillPotion"},{"floor":11,"key":"SteroidPotion"},{"floor":14,"key":"SpeedPotion"}],"is_trial":false,"path_per_floor":["M","?","M","?","M","R","M","E","T","M","M","$","?","M","R","B",null,"M","?","?","?","M","R","M","R","T","?","R","E","R","M","R","B"],"character_chosen":"DEFECT","items_purchased":["Ball Lightning"],"campfire_rested":1,"item_purchase_floors":[12],"current_hp_per_floor":[60,60,60,60,60,60,52,26,33,24,24,24,24,24,24,24,65,65,65,65,65,65,65,65,65,65,43,67,67,67,67,67,0],"gold":158,"neow_bonus":"ONE_RANDOM_RARE_CARD","is_prod":false,"is_daily":false,"chose_seed":false,"campfire_upgraded":6,"win_rate":0,"timestamp":1560433934,"path_taken":["M","?","M","?","?","R","M","E","T","M","M","$","?","M","R","BOSS","M","?","?","?","M","R","M","R","T","?","R","E","R","M","R","BOSS"],"build_version":"2019-01-23","purchased_purges":1,"victory":false,"max_hp_per_floor":[71,71,71,71,71,71,71,71,78,78,78,78,78,78,78,78,78,78,78,78,78,78,78,78,78,78,83,83,83,83,83,83,83],"card_choices":[{"not_picked":["Consume","Rebound"],"picked":"Streamline","floor":1},{"not_picked":["Redo","Recycle"],"picked":"White Noise","floor":3},{"not_picked":["Tempest","Gash","Compile Driver"],"picked":"SKIP","floor":5},{"not_picked":["Loop","Cold Snap"],"picked":"Sunder","floor":7},{"not_picked":["Thunder Strike","Recycle"],"picked":"Genetic Algorithm","floor":8},{"not_picked":["Cold Snap","Static Discharge"],"picked":"Sweeping Beam","floor":10},{"not_picked":["Streamline","Heatsinks"],"picked":"Conserve Battery","floor":11},{"not_picked":["Conserve Battery","Reinforced Body"],"picked":"Capacitor","floor":14},{"not_picked":["Meteor Strike","Core Surge"],"picked":"Electrodynamics","floor":16},{"not_picked":["Rebound","Leap"],"picked":"Chill","floor":18},{"not_picked":["Leap","Sweeping Beam","Skim"],"picked":"SKIP","floor":22},{"not_picked":["Gash","Rebound"],"picked":"Glacier","floor":24},{"not_picked":["Recycle+1","Storm"],"picked":"Cold Snap+1","floor":29},{"not_picked":["Steam+1","Fusion","Compile Driver"],"picked":"SKIP","floor":31}],"player_experience":888396,"relics_obtained":[{"floor":8,"key":"Bronze Scales"},{"floor":9,"key":"Strawberry"},{"floor":26,"key":"Potion Belt"},{"floor":29,"key":"Symbiotic Virus"}],"event_choices":[{"damage_healed":0,"gold_gain":0,"player_choice":"Grow","damage_taken":0,"max_hp_gain":0,"max_hp_loss":0,"event_name":"Living Wall","floor":2,"gold_loss":0,"cards_upgraded":["Buffer"]},{"damage_healed":0,"gold_gain":0,"player_choice":"Rummage","damage_taken":0,"relics_obtained":["WarpedTongs"],"max_hp_gain":0,"max_hp_loss":0,"event_name":"Accursed Blacksmith","floor":4,"gold_loss":0,"cards_obtained":["Pain"]},{"damage_healed":0,"gold_gain":0,"player_choice":"Left Gold","damage_taken":0,"max_hp_gain":0,"max_hp_loss":0,"event_name":"World of Goop","floor":13,"gold_loss":56},{"damage_healed":0,"gold_gain":0,"cards_transformed":["Strike_B","Strike_B"],"player_choice":"Became Test Subject","damage_taken":0,"max_hp_gain":0,"max_hp_loss":0,"event_name":"Drug Dealer","floor":19,"gold_loss":0,"cards_obtained":["Barrage","Tempest"]},{"damage_healed":0,"gold_gain":0,"player_choice":"Simplicity","damage_taken":0,"max_hp_gain":0,"max_hp_loss":0,"event_name":"Back to Basics","floor":20,"gold_loss":0,"cards_upgraded":["Strike_B","Strike_B","Defend_B","Defend_B","Defend_B","Defend_B"]},{"cards_removed":["Barrage"],"damage_healed":0,"gold_gain":0,"player_choice":"Gave Gold","damage_taken":0,"max_hp_gain":0,"max_hp_loss":0,"event_name":"Beggar","floor":21,"gold_loss":75},{"damage_healed":0,"gold_gain":0,"player_choice":"Shed Blood","damage_taken":27,"max_hp_gain":5,"max_hp_loss":0,"event_name":"Forgotten Altar","floor":27,"gold_loss":0}],"is_beta":false,"boss_relics":[{"not_picked":["Philosopher\u0027s Stone","White Beast Statue"],"picked":"Snecko Eye"}],"items_purged_floors":[12],"is_endless":false,"potions_floor_spawned":[5,8,11,14,18],"killed_by":"Champ","ascension_level":20}