{"gold_per_floor":[112,129,145,157,11,43,43,18,43,72,133,143,143,178,178,276,276,291,291,301,226,246,246,266,266,266,266,266,141,141,156,156,256,256,274,274,286,80,97,131,131,231,258,275,275,0,10,24,24,24],"floor_reached":50,"playtime":3916,"items_purged":[],"score":569,"play_id":"e361c74e-e9b4-4498-94a4-37946945cba4","local_time":"20190602005444","is_ascension_mode":true,"campfire_choices":[{"floor":7,"key":"REST"},{"floor":13,"key":"REST"},{"floor":15,"key":"REST"},{"floor":23,"key":"REST"},{"floor":25,"key":"REST"},{"data":"Bullet Time","floor":27,"key":"SMITH"},{"data":"Well Laid Plans","floor":30,"key":"SMITH"},{"floor":32,"key":"REST"},{"floor":41,"key":"REST"},{"floor":45,"key":"REST"},{"floor":49,"key":"REST"}],"neow_cost":"NONE","seed_source_timestamp":532590536901830,"circlet_count":0,"master_deck":["Defend_G+1","Defend_G+1","Defend_G+1","Defend_G+1","Strike_G+1","Strike_G+1","Strike_G+1","Strike_G+1","Survivor","Neutralize+1","Dagger Spray","Deadly Poison","Backflip","All Out Attack","Burst+1","Flying Knee","Deflect","Cloak And Dagger","PiercingWail","Glass Knife+1","Unload+1","Choke+1","Accuracy+1","Outmaneuver+1","Bullet Time+1","Well Laid Plans+1","Cloak And Dagger","Blade Dance","Wraith Form v2","Distraction","Predator+1","Blur","Corpse Explosion","Calculated Gamble+1"],"relics":["Ring of the Serpent","Art of War","Lantern","Juzu Bracelet","Centennial Puzzle","Matryoshka","Molten Egg 2","Mercury Hourglass","Black Star","Blood Vial","Regal Pillow","Kunai","The Specimen","Pen Nib","Bronze Scales","Red Mask"],"potions_floor_usage":[6,10,11,16,22,33,37,39,40],"damage_taken":[{"damage":2,"enemies":"Cultist","floor":1,"turns":4},{"damage":6,"enemies":"Jaw Worm","floor":2,"turns":7},{"damage":4,"enemies":"2 Louse","floor":3,"turns":3},{"damage":11,"enemies":"Looter","floor":4,"turns":3},{"damage":23,"enemies":"Lagavulin","floor":6,"turns":9},{"damage":14,"enemies":"3 Sentries","floor":10,"turns":6},{"damage":33,"enemies":"Lagavulin Event","floor":11,"turns":7},{"damage":5,"enemies":"Large Slime","floor":12,"turns":6},{"damage":2,"enemies":"Lagavulin","floor":14,"turns":6},{"damage":19,"enemies":"Hexaghost","floor":16,"turns":14},{"damage":20,"enemies":"Spheric Guardian","floor":18,"turns":4},{"damage":9,"enemies":"Shell Parasite","floor":20,"turns":4},{"damage":22,"enemies":"Centurion and Healer","floor":22,"turns":7},{"damage":1,"enemies":"3 Cultists","floor":24,"turns":6},{"damage":7,"enemies":"Shelled Parasite and Fungi","floor":31,"turns":3},{"damage":53,"enemies":"Automaton","floor":33,"turns":8},{"damage":0,"enemies":"Orb Walker","floor":35,"turns":4},{"damage":9,"enemies":"3 Shapes","floor":37,"turns":4},{"damage":19,"enemies":"Jaw Worm Horde","floor":39,"turns":5},{"damage":25,"enemies":"Reptomancer","floor":40,"turns":8},{"damage":0,"enemies":"Mind Bloom Boss Battle","floor":42,"turns":5},{"damage":20,"enemies":"Spire Growth","floor":44,"turns":4},{"damage":8,"enemies":"4 Shapes","floor":47,"turns":4},{"damage":5,"enemies":"Writhing Mass","floor":48,"turns":6},{"damage":71,"enemies":"Awakened One","floor":50,"turns":9}],"seed_played":"3082947816487443743","potions_obtained":[{"floor":4,"key":"SpeedPotion"},{"floor":6,"key":"Regen Potion"},{"floor":10,"key":"FearPotion"},{"floor":12,"key":"GamblersBrew"},{"floor":20,"key":"Weak Potion"},{"floor":24,"key":"Strength Potion"},{"floor":35,"key":"Energy Potion"},{"floor":37,"key":"GamblersBrew"},{"floor":44,"key":"Ancient Potion"}],"is_trial":false,"path_per_floor":["M","M","M","M","$","E","R","$","T","E","?","M","R","E","R","B",null,"M","?","M","?","M","R","M","R","T","R","?","$","R","M","R","B",null,"M","?","M","$","M","E","R","?","T","M","R","?","M","M","R","B"],"character_chosen":"THE_SILENT","items_purchased":["Art of War","Flying Knee","Well Laid Plans","Cloak And Dagger","Blood Vial","SkillPotion"],"campfire_rested":9,"item_purchase_floors":[5,8,29,29,38,38],"current_hp_per_floor":[68,62,58,47,47,24,45,45,45,46,13,8,29,27,48,29,70,50,50,41,41,19,40,39,60,60,60,60,60,60,53,70,17,70,70,70,61,61,44,21,57,59,59,41,70,70,62,59,70,0],"gold":24,"neow_bonus":"UPGRADE_CARD","is_prod":false,"is_daily":false,"chose_seed":false,"campfire_upgraded":2,"win_rate":0,"timestamp":1559462084,"path_taken":["M","M","M","?","$","E","R","$","T","E","?","M","R","E","R","BOSS","M","?","M","?","M","R","M","R","T","R","?","$","R","M","R","BOSS","M","?","M","$","M","E","R","?","T","M","R","?","M","M","R","BOSS"],"build_version":"2019-01-23","purchased_purges":0,"victory":false,"max_hp_per_floor":[70,70,70,70,70,70,70,70,70,70,70,70,70,70,70,70,70,70,70,70,70,70,70,70,70,70,70,70,70,70,70,70,70,70,70,70,70,70,70,70,70,70,70,70,70,70,70,70,70,70],"card_choices":[{"not_picked":["Cloak And Dagger","Reflex"],"picked":"Dagger Spray","floor":1},{"not_picked":["Eviscerate","Acrobatics"],"picked":"Deadly Poison","floor":2},{"not_picked":["Blade Dance","Concentrate"],"picked":"Backflip","floor":3},{"not_picked":["PiercingWail","Deflect"],"picked":"All Out Attack","floor":4},{"not_picked":["Sucker Punch","Dodge and Roll"],"picked":"Burst","floor":6},{"not_picked":["Dagger Spray","Accuracy"],"picked":"Deflect","floor":10},{"not_picked":["Dodge and Roll","Poisoned Stab"],"picked":"Cloak And Dagger","floor":11},{"not_picked":["Poisoned Stab","Underhanded Strike"],"picked":"PiercingWail","floor":12},{"not_picked":["Reflex","Deflect"],"picked":"Glass Knife","floor":14},{"not_picked":["Doppelganger","Venomology"],"picked":"Unload+1","floor":16},{"not_picked":["Sucker Punch+1","Crippling Poison+1"],"picked":"Choke+1","floor":18},{"not_picked":["Concentrate","Dagger Spray+1"],"picked":"Accuracy+1","floor":20},{"not_picked":["Heel Hook+1","Poisoned Stab+1"],"picked":"Outmaneuver+1","floor":22},{"not_picked":["Acrobatics+1","Flechettes+1"],"picked":"Bullet Time","floor":24},{"not_picked":["Dagger Throw+1","Flying Knee+1"],"picked":"Blade Dance","floor":31},{"not_picked":["Burst","Storm of Steel"],"picked":"Wraith Form v2","floor":33},{"not_picked":["Deadly Poison","Dash+1","Bane+1"],"picked":"SKIP","floor":35},{"not_picked":["Deadly Poison","Bane+1"],"picked":"Distraction","floor":37},{"not_picked":["Dodge and Roll","Infinite Blades"],"picked":"Predator+1","floor":39},{"not_picked":["Underhanded Strike+1","Accuracy+1","Bane+1"],"picked":"SKIP","floor":40},{"not_picked":["Bane+1","Dash+1"],"picked":"Blur","floor":42},{"not_picked":["Sucker Punch+1","Infinite Blades+1"],"picked":"Corpse Explosion","floor":44},{"not_picked":["Outmaneuver+1","Tactician","Dash+1"],"picked":"SKIP","floor":47},{"not_picked":["Poisoned Stab+1","Dagger Throw+1"],"picked":"Calculated Gamble+1","floor":48}],"player_experience":258227,"relics_obtained":[{"floor":6,"key":"Lantern"},{"floor":9,"key":"Juzu Bracelet"},{"floor":10,"key":"Centennial Puzzle"},{"floor":11,"key":"Matryoshka"},{"floor":14,"key":"Molten Egg 2"},{"floor":26,"key":"Mercury Hourglass"},{"floor":40,"key":"Regal Pillow"},{"floor":40,"key":"Kunai"},{"floor":42,"key":"The Specimen"},{"floor":43,"key":"Pen Nib"},{"floor":43,"key":"Bronze Scales"}],"event_choices":[{"damage_healed":0,"gold_gain":0,"player_choice":"Searched \u00271\u0027 times","damage_taken":0,"max_hp_gain":0,"max_hp_loss":0,"event_name":"Dead Adventurer","floor":11,"gold_loss":0},{"damage_healed":0,"gold_gain":0,"player_choice":"Upgraded","damage_taken":0,"max_hp_gain":0,"max_hp_loss":0,"event_name":"Upgrade Shrine","floor":19,"gold_loss":0,"cards_upgraded":["Burst"]},{"cards_removed":["Strike_G"],"damage_healed":0,"gold_gain":0,"player_choice":"Gave Gold","damage_taken":0,"max_hp_gain":0,"max_hp_loss":0,"event_name":"Beggar","floor":21,"gold_loss":75},{"damage_healed":0,"gold_gain":0,"player_choice":"Simplicity","damage_taken":0,"max_hp_gain":0,"max_hp_loss":0,"event_name":"Back to Basics","floor":28,"gold_loss":0,"cards_upgraded":["Defend_G","Defend_G","Defend_G","Defend_G","Defend_G","Strike_G","Strike_G","Strike_G","Strike_G"]},{"cards_removed":["Defend_G"],"damage_healed":0,"gold_gain":0,"player_choice":"Removed Skill","damage_taken":0,"max_hp_gain":0,"max_hp_loss":0,"event_name":"Falling","floor":36,"gold_loss":0},{"damage_healed":0,"gold_gain":0,"player_choice":"Fight","damage_taken":0,"max_hp_gain":0,"max_hp_loss":0,"event_name":"MindBloom","floor":42,"gold_loss":0},{"damage_healed":0,"gold_gain":0,"player_choice":"Paid","damage_taken":0,"relics_obtained":["Red Mask"],"max_hp_gain":0,"max_hp_loss":0,"event_name":"Tomb of Lord Red Mask","floor":46,"gold_loss":275}],"is_beta":false,"boss_relics":[{"not_picked":["Fusion Hammer","Tiny House"],"picked":"Ring of the Serpent"},{"not_picked":["White Beast Statue","Astrolabe"],"picked":"Black Star"}],"items_purged_floors":[],"is_endless":false,"potions_floor_spawned":[4,6,10,12,20,24,35,37,44],"killed_by":"Awakened One","ascension_level":2}