{"gold_per_floor":[119,137,156,39,39,39,71,71,94,94,94,110,143,154,154,154],"floor_reached":16,"playtime":526,"items_purged":[],"score":220,"play_id":"df10e520-55b4-4207-b7e6-e98795053652","local_time":"20190614184932","is_ascension_mode":true,"campfire_choices":[{"floor":6,"key":"REST"},{"data":"Noxious Fumes","floor":8,"key":"SMITH"},{"floor":11,"key":"REST"},{"data":"Footwork","floor":15,"key":"SMITH"}],"neow_cost":"PERCENT_DAMAGE","seed_source_timestamp":67543604802791,"circlet_count":0,"master_deck":["AscendersBane","Defend_G","Defend_G","Defend_G","Defend_G","Defend_G","Strike_G","Strike_G","Strike_G","Strike_G","Strike_G","Survivor","Neutralize","After Image+1","Footwork+1","Deflect","Bane","Noxious Fumes+1","Flechettes","Burst","Flechettes","Dagger Throw","Bane"],"relics":["Ring of the Snake","Bag of Marbles","Happy Flower","Dodecahedron"],"potions_floor_usage":[7,7,16,16],"damage_taken":[{"damage":9,"enemies":"Jaw Worm","floor":1,"turns":8},{"damage":1,"enemies":"2 Louse","floor":2,"turns":5},{"damage":9,"enemies":"Cultist","floor":3,"turns":4},{"damage":15,"enemies":"Gremlin Nob","floor":7,"turns":5},{"damage":3,"enemies":"Gremlin Gang","floor":12,"turns":6},{"damage":19,"enemies":"Lagavulin","floor":13,"turns":8},{"damage":0,"enemies":"Blue Slaver","floor":14,"turns":4},{"damage":28,"enemies":"Slime Boss","floor":16,"turns":3}],"seed_played":"7178961357807324072","potions_obtained":[{"floor":1,"key":"GhostInAJar"},{"floor":3,"key":"Strength Potion"},{"floor":12,"key":"EssenceOfSteel"},{"floor":13,"key":"AttackPotion"},{"floor":14,"key":"PowerPotion"}],"is_trial":false,"path_per_floor":["M","M","M","$","?","R","E","R","T","?","R","M","E","M","R","B"],"character_chosen":"THE_SILENT","items_purchased":["Noxious Fumes","Flechettes"],"campfire_rested":2,"item_purchase_floors":[4,4],"current_hp_per_floor":[35,34,25,25,25,44,29,29,29,29,48,45,26,26,26,0],"gold":154,"neow_bonus":"THREE_RARE_CARDS","is_prod":false,"is_daily":false,"chose_seed":false,"campfire_upgraded":2,"win_rate":0,"timestamp":1560552572,"path_taken":["M","M","M","$","?","R","E","R","T","?","R","M","E","M","R","BOSS"],"build_version":"2019-01-23","purchased_purges":0,"victory":false,"max_hp_per_floor":[66,66,66,66,66,66,66,66,66,66,66,66,66,66,66,66],"card_choices":[{"not_picked":["Phantasmal Killer","Unload"],"picked":"After Image","floor":0},{"not_picked":["Setup","Quick Slash"],"picked":"Footwork","floor":1},{"not_picked":["Bouncing Flask","Distraction"],"picked":"Deflect","floor":2},{"not_picked":["PiercingWail","Deflect"],"picked":"Bane","floor":3},{"not_picked":["Footwork","Blade Dance"],"picked":"Burst","floor":7},{"not_picked":["Distraction","Poisoned Stab"],"picked":"Flechettes","floor":12},{"not_picked":["Caltrops","Blade Dance"],"picked":"Dagger Throw","floor":13},{"not_picked":["PiercingWail","Underhanded Strike"],"picked":"Bane","floor":14}],"player_experience":897837,"relics_obtained":[{"floor":7,"key":"Bag of Marbles"},{"floor":9,"key":"Happy Flower"},{"floor":13,"key":"Dodecahedron"}],"event_choices":[{"damage_healed":0,"gold_gain":0,"player_choice":"Grow","damage_taken":0,"max_hp_gain":0,"max_hp_loss":0,"event_name":"Living Wall","floor":5,"gold_loss":0,"cards_upgraded":["After Image"]},{"damage_healed":0,"gold_gain":0,"player_choice":"Ignored","damage_taken":0,"max_hp_gain":0,"max_hp_loss":0,"event_name":"Shining Light","floor":10,"gold_loss":0}],"is_beta":false,"boss_relics":[],"items_purged_floors":[],"is_endless":false,"potions_floor_spawned":[1,3,12,13,14],"killed_by":"Slime Boss","ascension_level":20}