{"gold_per_floor":[117,117,42,57,17,17,55,55,80,101,126,160,185,149,149,242,242,262,262,262,262,191,191,207,207,283,283,308,308,308,333,333,427,427,443,443],"floor_reached":36,"playtime":1434,"items_purged":[],"score":691,"play_id":"545d75d2-562c-4191-97d3-deb3beaa3584","local_time":"20190503172647","is_ascension_mode":true,"campfire_choices":[{"data":"Loop","floor":6,"key":"SMITH"},{"data":"Glacier","floor":8,"key":"SMITH"},{"data":"Defragment","floor":15,"key":"SMITH"},{"data":"Creative AI","floor":23,"key":"SMITH"},{"data":"Blizzard","floor":25,"key":"SMITH"},{"floor":29,"key":"REST"},{"floor":32,"key":"REST"}],"neow_cost":"NONE","seed_source_timestamp":594201713072929,"circlet_count":0,"master_deck":["AscendersBane","Strike_B+1","Strike_B+1","Strike_B+1","Defend_B+1","Defend_B+1","Defend_B+1","Defend_B+1","Zap","Dualcast","Loop+1","Leap","Self Repair","Glacier+1","Ball Lightning","Sunder","Defragment+1","Blizzard+1","Creative AI+1","Loop","Reprogram","Writhe","Redo+1","Reboot","Chaos+1","Melter"],"relics":["Cracked Core","NeowsBlessing","Golden Idol","Centennial Puzzle","Pen Nib","Blue Candle","Sozu","Letter Opener","Sundial","Blood Vial","Peace Pipe","Orrery"],"potions_floor_usage":[12,12,16,18],"damage_taken":[{"damage":0,"enemies":"Small Slimes","floor":1,"turns":1},{"damage":0,"enemies":"Jaw Worm","floor":4,"turns":1},{"damage":0,"enemies":"3 Sentries","floor":7,"turns":1},{"damage":6,"enemies":"Cultist","floor":10,"turns":5},{"damage":0,"enemies":"2 Fungi Beasts","floor":11,"turns":5},{"damage":10,"enemies":"Lagavulin","floor":12,"turns":8},{"damage":6,"enemies":"3 Louse","floor":13,"turns":3},{"damage":25,"enemies":"Hexaghost","floor":16,"turns":15},{"damage":1,"enemies":"3 Byrds","floor":18,"turns":6},{"damage":3,"enemies":"Spheric Guardian","floor":24,"turns":4},{"damage":33,"enemies":"3 Cultists","floor":28,"turns":6},{"damage":7,"enemies":"Snecko","floor":31,"turns":6},{"damage":25,"enemies":"Collector","floor":33,"turns":11},{"damage":17,"enemies":"Orb Walker","floor":35,"turns":3},{"damage":53,"enemies":"3 Darklings","floor":36,"turns":5}],"seed_played":"-4032289767287706731","potions_obtained":[{"floor":1,"key":"GamblersBrew"},{"floor":11,"key":"Dexterity Potion"},{"floor":13,"key":"Regen Potion"},{"floor":16,"key":"Swift Potion"}],"is_trial":false,"path_per_floor":["M","?","?","M","$","R","E","R","T","M","M","E","M","$","R","B",null,"M","?","?","T","$","R","M","R","T","?","M","R","?","M","R","B",null,"M","M"],"character_chosen":"DEFECT","items_purchased":["Self Repair","Blizzard","Loop"],"campfire_rested":2,"item_purchase_floors":[5,14,22],"current_hp_per_floor":[64,64,64,64,64,64,64,64,64,64,64,61,62,62,62,56,62,64,64,64,64,64,64,61,61,61,61,30,49,49,44,63,46,60,45,0],"gold":443,"neow_bonus":"THREE_ENEMY_KILL","is_prod":false,"is_daily":false,"chose_seed":false,"campfire_upgraded":5,"win_rate":0,"timestamp":1556929607,"path_taken":["M","?","?","M","?","R","E","R","T","M","M","E","M","$","R","BOSS","M","?","?","?","$","R","?","R","T","?","M","R","?","M","R","BOSS","M","?"],"build_version":"2019-01-23","purchased_purges":0,"victory":false,"max_hp_per_floor":[71,64,64,64,64,64,64,64,64,64,64,64,64,64,64,64,64,64,64,64,64,64,64,64,64,64,64,64,64,64,64,64,64,64,64,64],"card_choices":[{"not_picked":["Heatsinks","Turbo"],"picked":"Loop","floor":1},{"not_picked":["Static Discharge","Melter"],"picked":"Leap","floor":4},{"not_picked":["Redo","Gash"],"picked":"Glacier","floor":7},{"not_picked":["Steam Power","Redo"],"picked":"Ball Lightning","floor":10},{"not_picked":["Static Discharge","Force Field"],"picked":"BootSequence","floor":11},{"not_picked":["Ball Lightning","Sweeping Beam"],"picked":"Sunder","floor":12},{"not_picked":["Leap","Go for the Eyes"],"picked":"Defragment","floor":13},{"not_picked":["All For One","Hyperbeam"],"picked":"Creative AI","floor":16},{"not_picked":["Streamline","Force Field","Beam Cell"],"picked":"SKIP","floor":18},{"not_picked":["Chill","Leap"],"picked":"Reprogram","floor":24},{"not_picked":["Fusion+1","Stack","Steam Power"],"picked":"SKIP","floor":28},{"not_picked":["Heatsinks","Rip and Tear"],"picked":"Redo+1","floor":31},{"not_picked":["Meteor Strike","All For One"],"picked":"Reboot","floor":33},{"not_picked":["Coolheaded","Redo+1"],"picked":"Chaos+1","floor":34},{"not_picked":["Go for the Eyes+1","Leap"],"picked":"Melter","floor":35}],"player_experience":894339,"relics_obtained":[{"floor":7,"key":"Centennial Puzzle"},{"floor":9,"key":"Pen Nib"},{"floor":12,"key":"Blue Candle"},{"floor":21,"key":"Letter Opener"},{"floor":26,"key":"Sundial"}],"event_choices":[{"damage_healed":0,"gold_gain":0,"player_choice":"Lose Max HP","damage_taken":0,"relics_obtained":["Golden Idol"],"max_hp_gain":0,"max_hp_loss":7,"event_name":"Golden Idol","floor":2,"gold_loss":0},{"cards_removed":["Strike_B"],"damage_healed":0,"gold_gain":0,"player_choice":"Card Removal","damage_taken":0,"max_hp_gain":0,"max_hp_loss":0,"event_name":"The Cleric","floor":3,"gold_loss":75},{"damage_healed":0,"gold_gain":0,"player_choice":"Simplicity","damage_taken":0,"max_hp_gain":0,"max_hp_loss":0,"event_name":"Back to Basics","floor":19,"gold_loss":0,"cards_upgraded":["Strike_B","Strike_B","Strike_B","Defend_B","Defend_B","Defend_B","Defend_B"]},{"damage_healed":0,"gold_gain":0,"player_choice":"Ignored","damage_taken":0,"max_hp_gain":0,"max_hp_loss":0,"event_name":"Vampires","floor":20,"gold_loss":0},{"damage_healed":0,"gold_gain":0,"player_choice":"Opened","damage_taken":0,"relics_obtained":["Blood Vial"],"max_hp_gain":0,"max_hp_loss":0,"event_name":"The Mausoleum","floor":27,"gold_loss":0,"cards_obtained":["Writhe"]},{"cards_removed":["BootSequence"],"damage_healed":0,"gold_gain":0,"player_choice":"Gave Card","damage_taken":0,"relics_obtained":["Peace Pipe"],"max_hp_gain":0,"max_hp_loss":0,"event_name":"WeMeetAgain","floor":30,"gold_loss":0}],"is_beta":false,"boss_relics":[{"not_picked":["Runic Pyramid","Nuclear Battery"],"picked":"Sozu"},{"not_picked":["Snecko Eye","Calling Bell"],"picked":"Orrery"}],"items_purged_floors":[],"is_endless":false,"potions_floor_spawned":[1,11,13,16,18,33],"killed_by":"3 Darklings","ascension_level":15}