{"gold_per_floor":[148,148,162,162,162,162,181,126,126,160,40,55,55,24,24,24],"floor_reached":16,"playtime":382,"items_purged":["Strike_B"],"score":176,"play_id":"7c6d714a-0b90-420f-a9e4-434caad8dc5b","local_time":"20190602162203","is_ascension_mode":true,"campfire_choices":[{"data":"Undo","floor":6,"key":"SMITH"},{"data":"Defragment","floor":13,"key":"SMITH"},{"floor":15,"key":"REST"}],"neow_cost":"NONE","seed_source_timestamp":90195548367980,"circlet_count":0,"master_deck":["AscendersBane","Strike_B","Strike_B","Strike_B","Defend_B","Defend_B+1","Defend_B","Zap+1","Dualcast","Chaos+1","Undo+1","Streamline","Conserve Battery","Defragment+1","Reinforced Body","Defragment"],"relics":["Cracked Core","Tiny Chest","War Paint","The Courier","Shuriken"],"potions_floor_usage":[10,16],"damage_taken":[{"damage":8,"enemies":"2 Louse","floor":1,"turns":3},{"damage":0,"enemies":"Small Slimes","floor":3,"turns":3},{"damage":8,"enemies":"Jaw Worm","floor":7,"turns":3},{"damage":7,"enemies":"3 Sentries","floor":10,"turns":6},{"damage":1,"enemies":"Exordium Thugs","floor":12,"turns":4},{"damage":49,"enemies":"Slime Boss","floor":16,"turns":7}],"seed_played":"-181963157577971924","potions_obtained":[{"floor":7,"key":"GamblersBrew"},{"floor":12,"key":"FearPotion"}],"is_trial":false,"path_per_floor":["M","?","M","?","?","R","M","$","T","E","$","M","R","$","R","B"],"character_chosen":"DEFECT","items_purchased":["Explosive Potion","Defragment","Defragment"],"campfire_rested":1,"item_purchase_floors":[8,11,14],"current_hp_per_floor":[56,51,51,51,44,44,36,36,36,29,29,28,28,28,49,0],"gold":24,"neow_bonus":"RANDOM_COMMON_RELIC","is_prod":false,"is_daily":false,"chose_seed":false,"campfire_upgraded":2,"win_rate":0,"timestamp":1559517723,"path_taken":["M","?","M","?","?","R","M","$","T","E","$","M","R","?","R","BOSS"],"build_version":"2019-01-23","purchased_purges":1,"victory":false,"max_hp_per_floor":[71,71,71,71,71,71,71,71,71,71,71,71,71,71,71,71],"card_choices":[{"not_picked":["Rebound","Coolheaded"],"picked":"Chaos","floor":1},{"not_picked":["Gash","Steam"],"picked":"Undo","floor":3},{"not_picked":["Auto Shields","Blizzard"],"picked":"Streamline","floor":7},{"not_picked":["Leap","Hologram"],"picked":"Conserve Battery","floor":10},{"not_picked":["Rebound","Blizzard"],"picked":"Reinforced Body","floor":12}],"player_experience":943507,"relics_obtained":[{"floor":9,"key":"The Courier"},{"floor":10,"key":"Shuriken"}],"event_choices":[{"damage_healed":0,"gold_gain":0,"player_choice":"Success","damage_taken":5,"relics_obtained":["War Paint"],"max_hp_gain":0,"max_hp_loss":0,"event_name":"Scrap Ooze","floor":2,"gold_loss":0},{"damage_healed":0,"gold_gain":0,"player_choice":"Grow","damage_taken":0,"max_hp_gain":0,"max_hp_loss":0,"event_name":"Living Wall","floor":4,"gold_loss":0,"cards_upgraded":["Chaos"]},{"cards_removed":["Defend_B"],"damage_healed":0,"gold_gain":0,"player_choice":"Card Removal","damage_taken":7,"max_hp_gain":0,"max_hp_loss":0,"event_name":"Golden Wing","floor":5,"gold_loss":0}],"is_beta":false,"boss_relics":[],"items_purged_floors":[11],"is_endless":false,"potions_floor_spawned":[7,12],"killed_by":"Slime Boss","ascension_level":16}