{"gold_per_floor":[112,112,132,142,162,197,209,225,250,250,267,267,24,34,34,137,137,156,173,98,98,23,54,78,78,78,104,123,123,133,133],"floor_reached":31,"playtime":2121,"items_purged":["Strike_G"],"score":329,"play_id":"14ca1cc8-7d9c-46e9-9606-b67ffa007224","local_time":"20190615093408","is_ascension_mode":false,"campfire_choices":[{"floor":10,"key":"REST"},{"floor":15,"key":"REST"},{"floor":25,"key":"REST"},{"floor":29,"key":"REST"}],"neow_cost":"NONE","seed_source_timestamp":639110606997705,"circlet_count":0,"master_deck":["Defend_G","Defend_G","Defend_G","Defend_G+1","Defend_G","Strike_G","Strike_G","Strike_G","Survivor+1","Neutralize+1","Dagger Spray","Endless Agony","Quick Slash","Terror","Prepared","Flying Knee","Quick Slash","Prepared","A Thousand Cuts","Escape Plan+1","Choke","Escape Plan","Calculated Gamble","Endless Agony+1","Tactician","Flechettes"],"relics":["Ring of the Snake","Potion Belt","Dream Catcher","Shuriken","Black Star","War Paint","Orichalcum","Turnip","Pen Nib","Paper Crane"],"potions_floor_usage":[4,5,8,11,18,19,23,28],"damage_taken":[{"damage":0,"enemies":"Cultist","floor":1,"turns":4},{"damage":0,"enemies":"2 Louse","floor":3,"turns":3},{"damage":0,"enemies":"Small Slimes","floor":4,"turns":2},{"damage":2,"enemies":"Blue Slaver","floor":5,"turns":5},{"damage":31,"enemies":"3 Sentries","floor":6,"turns":9},{"damage":14,"enemies":"Gremlin Gang","floor":7,"turns":5},{"damage":5,"enemies":"Looter","floor":8,"turns":3},{"damage":11,"enemies":"Exordium Thugs","floor":11,"turns":8},{"damage":1,"enemies":"Exordium Wildlife","floor":14,"turns":3},{"damage":0,"enemies":"Slime Boss","floor":16,"turns":5},{"damage":2,"enemies":"Shell Parasite","floor":18,"turns":5},{"damage":2,"enemies":"3 Byrds","floor":19,"turns":5},{"damage":45,"enemies":"Book of Stabbing","floor":23,"turns":6},{"damage":28,"enemies":"Gremlin Leader","floor":27,"turns":5},{"damage":6,"enemies":"Cultist and Chosen","floor":28,"turns":6},{"damage":20,"enemies":"Centurion and Healer","floor":30,"turns":4},{"damage":17,"enemies":"Colosseum Slavers","floor":31,"turns":4}],"seed_played":"1373557389217215855","potions_obtained":[{"floor":1,"key":"FearPotion"},{"floor":3,"key":"Energy Potion"},{"floor":7,"key":"Poison Potion"},{"floor":8,"key":"Regen Potion"},{"floor":16,"key":"Block Potion"},{"floor":18,"key":"Fruit Juice"},{"floor":19,"key":"Strength Potion"},{"floor":27,"key":"SpeedPotion"}],"is_trial":false,"path_per_floor":["M","?","M","M","M","E","M","M","T","R","M","?","$","M","R","B",null,"M","M","$","?","?","E","T","R","T","E","M","R","M","?"],"character_chosen":"THE_SILENT","items_purchased":["Shuriken"],"campfire_rested":4,"item_purchase_floors":[13],"current_hp_per_floor":[70,70,70,70,68,37,23,18,18,39,43,36,36,35,56,56,70,68,71,71,71,71,26,26,48,48,20,14,36,16,0],"gold":133,"neow_bonus":"UPGRADE_CARD","is_prod":false,"is_daily":false,"chose_seed":false,"campfire_upgraded":0,"win_rate":0,"timestamp":1560616448,"path_taken":["M","?","M","M","M","E","M","M","T","R","M","?","$","M","R","BOSS","M","?","$","?","?","E","?","R","T","E","M","R","?","?"],"build_version":"2019-01-23","purchased_purges":1,"victory":false,"max_hp_per_floor":[70,70,70,70,70,70,70,70,70,70,70,70,70,70,70,70,70,70,75,75,75,75,75,75,75,75,75,75,75,75,75],"card_choices":[{"not_picked":["Riddle With Holes","Catalyst"],"picked":"Dagger Spray","floor":1},{"not_picked":["Backflip","Caltrops"],"picked":"Endless Agony","floor":3},{"not_picked":["Backflip","Reflex","Deflect"],"picked":"SKIP","floor":4},{"not_picked":["Deflect","Bane","Venomology"],"picked":"SKIP","floor":5},{"not_picked":["Deflect","Skewer","Burst"],"picked":"SKIP","floor":6},{"not_picked":["Bane","Poisoned Stab"],"picked":"Quick Slash","floor":7},{"not_picked":["Acrobatics","Cloak And Dagger"],"picked":"Terror","floor":8},{"not_picked":["Sucker Punch","Underhanded Strike"],"picked":"Prepared","floor":10},{"not_picked":["Expertise","Endless Agony"],"picked":"Flying Knee","floor":11},{"not_picked":["Glass Knife","Expertise"],"picked":"Quick Slash","floor":14},{"not_picked":["Reflex","Deadly Poison"],"picked":"Prepared","floor":15},{"not_picked":["Die Die Die","Phantasmal Killer"],"picked":"A Thousand Cuts","floor":16},{"not_picked":["Bane","Endless Agony"],"picked":"Escape Plan+1","floor":18},{"not_picked":["Backflip","Deadly Poison"],"picked":"Choke","floor":19},{"not_picked":["Die Die Die","PiercingWail+1"],"picked":"Calculated Gamble","floor":23},{"not_picked":["PiercingWail","Outmaneuver"],"picked":"Endless Agony+1","floor":25},{"not_picked":["Underhanded Strike","Masterful Stab"],"picked":"Tactician","floor":27},{"not_picked":["Acrobatics","Blade Dance+1"],"picked":"Flechettes","floor":28},{"not_picked":["Deadly Poison","Quick Slash","Concentrate"],"picked":"SKIP","floor":30}],"player_experience":379145,"relics_obtained":[{"floor":6,"key":"Potion Belt"},{"floor":9,"key":"Dream Catcher"},{"floor":23,"key":"War Paint"},{"floor":23,"key":"Orichalcum"},{"floor":26,"key":"Turnip"},{"floor":27,"key":"Pen Nib"},{"floor":27,"key":"Paper Crane"}],"event_choices":[{"damage_healed":0,"gold_gain":0,"player_choice":"Ignored","damage_taken":0,"max_hp_gain":0,"max_hp_loss":0,"event_name":"Golden Idol","floor":2,"gold_loss":0},{"damage_healed":0,"gold_gain":0,"player_choice":"Damaged","damage_taken":7,"max_hp_gain":0,"max_hp_loss":0,"event_name":"Wheel of Change","floor":12,"gold_loss":0},{"damage_healed":0,"gold_gain":0,"player_choice":"Read","damage_taken":0,"max_hp_gain":0,"max_hp_loss":0,"event_name":"The Library","floor":21,"gold_loss":0,"cards_obtained":["Escape Plan"]},{"cards_removed":["Strike_G"],"damage_healed":0,"gold_gain":0,"player_choice":"Gave Gold","damage_taken":0,"max_hp_gain":0,"max_hp_loss":0,"event_name":"Beggar","floor":22,"gold_loss":75},{"damage_healed":0,"gold_gain":0,"player_choice":"Fight","damage_taken":0,"max_hp_gain":0,"max_hp_loss":0,"event_name":"Colosseum","floor":31,"gold_loss":0}],"is_beta":false,"boss_relics":[{"not_picked":["Orrery","Runic Pyramid"],"picked":"Black Star"}],"items_purged_floors":[20],"is_endless":false,"potions_floor_spawned":[1,3,7,8,16,18,19,27],"killed_by":"Colosseum Slavers","ascension_level":0}