{"gold_per_floor":[114,114,0,18,36,36,62,73,73,104,104,4,24,43,43,114,114,130,130,130,130,149,149,176,126,153,163,163],"floor_reached":28,"playtime":985,"items_purged":["Injury","Decay"],"score":484,"play_id":"f3a84c46-83cf-4152-9ff7-02e2cea7a604","local_time":"20190701194228","is_ascension_mode":true,"campfire_choices":[{"data":"Whirlwind","floor":6,"key":"SMITH"},{"data":"Carnage","floor":15,"key":"SMITH"},{"data":"Offering","floor":23,"key":"SMITH"}],"neow_cost":"TEN_PERCENT_HP_LOSS","seed_source_timestamp":1629686316412589,"circlet_count":0,"master_deck":["AscendersBane","Strike_R","Strike_R","Strike_R","Strike_R","Strike_R+1","Defend_R","Defend_R","Defend_R","Defend_R","Bash","Perfected Strike","Impervious","Whirlwind+1","Dropkick+1","Warcry","Armaments","Pommel Strike","Carnage+1","Headbutt","Sever Soul","Offering+1","Perfected Strike+1","Writhe","Perfected Strike"],"relics":["Burning Blood","Champion Belt","Blood Vial","Strawberry","Pear","Velvet Choker","Juzu Bracelet","Darkstone Periapt","Orichalcum"],"potions_floor_usage":[7,10,16,18,24],"damage_taken":[{"damage":6,"enemies":"Jaw Worm","floor":1,"turns":4},{"damage":0,"enemies":"Cultist","floor":4,"turns":3},{"damage":7,"enemies":"2 Louse","floor":5,"turns":2},{"damage":25,"enemies":"Lagavulin","floor":7,"turns":6},{"damage":0,"enemies":"Large Slime","floor":8,"turns":5},{"damage":30,"enemies":"3 Sentries","floor":10,"turns":6},{"damage":16,"enemies":"Gremlin Gang","floor":13,"turns":5},{"damage":7,"enemies":"2 Fungi Beasts","floor":14,"turns":4},{"damage":23,"enemies":"Slime Boss","floor":16,"turns":11},{"damage":27,"enemies":"Shell Parasite","floor":18,"turns":5},{"damage":1,"enemies":"Spheric Guardian","floor":22,"turns":3},{"damage":51,"enemies":"Book of Stabbing","floor":24,"turns":4},{"damage":12,"enemies":"Snecko","floor":27,"turns":4},{"damage":18,"enemies":"Gremlin Leader","floor":28,"turns":2}],"seed_played":"-990221033048669359","potions_obtained":[{"floor":5,"key":"Explosive Potion"},{"floor":8,"key":"Block Potion"},{"floor":13,"key":"PowerPotion"},{"floor":16,"key":"GamblersBrew"},{"floor":18,"key":"EssenceOfSteel"}],"is_trial":false,"path_per_floor":["M","?","$","M","M","R","E","M","T","E","?","$","M","M","R","B",null,"M","?","$","?","M","R","E","?","T","M","E"],"character_chosen":"IRONCLAD","items_purchased":["Whirlwind"],"campfire_rested":0,"item_purchase_floors":[3],"current_hp_per_floor":[68,68,68,68,67,67,48,56,63,51,51,51,43,44,44,29,71,52,52,52,52,59,59,16,16,16,12,0],"gold":163,"neow_bonus":"ONE_RARE_RELIC","is_prod":false,"is_daily":false,"chose_seed":false,"campfire_upgraded":3,"win_rate":0,"timestamp":1562035348,"path_taken":["M","?","?","M","M","R","E","?","T","E","?","$","?","M","R","BOSS","M","?","$","?","M","R","E","?","T","M","E"],"build_version":"2019-07-01","purchased_purges":2,"victory":false,"max_hp_per_floor":[68,68,68,68,68,68,68,68,75,85,85,85,85,85,85,85,85,85,85,85,85,85,85,85,85,85,85,85],"card_choices":[{"not_picked":["Shrug It Off","Warcry"],"picked":"Perfected Strike","floor":1},{"not_picked":["Cleave","Wild Strike"],"picked":"Dropkick","floor":4},{"not_picked":["Dark Embrace","Havoc"],"picked":"Warcry","floor":5},{"not_picked":["Clash","Blood for Blood"],"picked":"Armaments","floor":7},{"not_picked":["Havoc","True Grit"],"picked":"Pommel Strike","floor":8},{"not_picked":["Headbutt","Iron Wave"],"picked":"Carnage","floor":10},{"not_picked":["True Grit","Iron Wave"],"picked":"Headbutt","floor":13},{"not_picked":["Blood for Blood","Dropkick"],"picked":"Sever Soul","floor":14},{"not_picked":["Feed","Fiend Fire"],"picked":"Offering","floor":16},{"not_picked":["Havoc","Thunderclap"],"picked":"Perfected Strike+1","floor":18},{"not_picked":["Anger","Headbutt"],"picked":"Perfected Strike","floor":22},{"not_picked":["Dual Wield","Pommel Strike","Warcry+1"],"picked":"SKIP","floor":24},{"not_picked":["Clothesline","Hemokinesis","True Grit"],"picked":"SKIP","floor":27}],"player_experience":1109775,"relics_obtained":[{"floor":7,"key":"Blood Vial"},{"floor":9,"key":"Strawberry"},{"floor":10,"key":"Pear"},{"floor":24,"key":"Darkstone Periapt"},{"floor":26,"key":"Orichalcum"}],"event_choices":[{"damage_healed":0,"gold_gain":0,"player_choice":"2 cards matched","damage_taken":0,"max_hp_gain":0,"max_hp_loss":0,"event_name":"Match and Keep!","floor":2,"gold_loss":0,"cards_obtained":["Injury","Impervious"]},{"damage_healed":0,"gold_gain":0,"player_choice":"Cursed","damage_taken":0,"max_hp_gain":0,"max_hp_loss":0,"event_name":"Wheel of Change","floor":11,"gold_loss":0,"cards_obtained":["Decay"]},{"damage_healed":0,"gold_gain":0,"player_choice":"Ignored","damage_taken":0,"max_hp_gain":0,"max_hp_loss":0,"event_name":"Vampires","floor":19,"gold_loss":0},{"damage_healed":0,"gold_gain":0,"player_choice":"Opened","damage_taken":0,"relics_obtained":["Juzu Bracelet"],"max_hp_gain":0,"max_hp_loss":0,"event_name":"The Mausoleum","floor":21,"gold_loss":0,"cards_obtained":["Writhe"]},{"damage_healed":0,"gold_gain":0,"player_choice":"Upgraded Two","damage_taken":0,"max_hp_gain":0,"max_hp_loss":0,"event_name":"Designer","floor":25,"gold_loss":50,"cards_upgraded":["Strike_R","Dropkick"]}],"is_beta":false,"boss_relics":[{"not_picked":["Busted Crown","Runic Pyramid"],"picked":"Velvet Choker"}],"items_purged_floors":[3,12],"is_endless":false,"potions_floor_spawned":[5,8,13,16,18],"killed_by":"Gremlin Leader","ascension_level":19}