{"gold_per_floor":[117,117,131,306,150,178,178,195,195,206,231,246,573,573,573,668,668,680,95,95,105,116,116,126,145,145,145,57,77,87,107,107,212,212,224,236,236,253,253,253,266,266,317,317,317,34,45,60,60,60],"floor_reached":51,"playtime":4793,"items_purged":["Doubt","Strike_G"],"score":1063,"play_id":"fea26fe9-7c8b-4822-b9f6-50527e87e7ca","local_time":"20190301162637","is_ascension_mode":true,"campfire_choices":[{"data":"Footwork","floor":7,"key":"SMITH"},{"data":"Noxious Fumes","floor":15,"key":"SMITH"},{"data":"Reflex","floor":23,"key":"SMITH"},{"data":"After Image","floor":32,"key":"SMITH"},{"data":"Infinite Blades","floor":40,"key":"SMITH"},{"data":"Well Laid Plans","floor":42,"key":"SMITH"},{"data":"Footwork","floor":45,"key":"SMITH"},{"floor":49,"key":"REST"}],"neow_cost":"NONE","seed_source_timestamp":0,"circlet_count":0,"master_deck":["AscendersBane","Defend_G","Defend_G","Defend_G","Defend_G","Defend_G","Strike_G","Strike_G","Strike_G","Strike_G","Survivor","Neutralize","Venomology+1","Well Laid Plans+1","Dash","Footwork+1","Eviscerate","Footwork+1","Escape Plan","Backflip","Noxious Fumes+1","Underhanded Strike","Bullet Time","Prepared","Reflex+1","Flash of Steel","Footwork","Infinite Blades+1","After Image+1","Caltrops","Acrobatics","Calculated Gamble+1","Acrobatics","Doppelganger","Adrenaline","Tactician","Quick Slash+1","Pain","Quick Slash","Parasite","Backflip","Parasite","Die Die Die","Blur"],"special_seed":0,"relics":["Ring of the Snake","Tough Bandages","Turnip","Dead Branch","HoveringKite","Ninja Scroll","Nloth\u0027s Gift","Dodecahedron","Strawberry","Cursed Key","WarpedTongs","Pen Nib","Letter Opener"],"potions_floor_usage":[3,6,6,10,11,11,12,13,13,13,14,16,25,30,30,31,31,33,33,33,38,41,50,50,50],"damage_taken":[{"damage":1.0,"enemies":"2 Louse","floor":1.0,"turns":5.0},{"damage":2,"enemies":"Jaw Worm","floor":3,"turns":3},{"damage":4,"enemies":"Gremlin Nob","floor":6,"turns":5},{"damage":2,"enemies":"Cultist","floor":8,"turns":5},{"damage":0,"enemies":"2 Fungi Beasts","floor":10,"turns":4},{"damage":16,"enemies":"Lagavulin","floor":11,"turns":7},{"damage":4,"enemies":"Exordium Thugs","floor":12,"turns":8},{"damage":1,"enemies":"Gremlin Nob","floor":13,"turns":5},{"damage":2,"enemies":"Lots of Slimes","floor":14,"turns":2},{"damage":1,"enemies":"Hexaghost","floor":16,"turns":12},{"damage":5,"enemies":"Spheric Guardian","floor":18,"turns":5},{"damage":0,"enemies":"3 Byrds","floor":21,"turns":7},{"damage":0,"enemies":"Shelled Parasite and Fungi","floor":22,"turns":5},{"damage":0,"enemies":"Snake Plant","floor":24,"turns":5},{"damage":0,"enemies":"Centurion and Healer","floor":25,"turns":2},{"damage":0,"enemies":"Cultist and Chosen","floor":29,"turns":8},{"damage":0,"enemies":"Snecko","floor":30,"turns":4},{"damage":0,"enemies":"Snake Plant","floor":31,"turns":3},{"damage":5,"enemies":"Collector","floor":33,"turns":10},{"damage":0,"enemies":"3 Shapes","floor":35,"turns":5},{"damage":0,"enemies":"Orb Walker","floor":36,"turns":3},{"damage":0,"enemies":"Spire Growth","floor":38,"turns":7},{"damage":0,"enemies":"Transient","floor":41,"turns":5},{"damage":8,"enemies":"Writhing Mass","floor":47,"turns":6},{"damage":7,"enemies":"Jaw Worm Horde","floor":48,"turns":4},{"damage":2,"enemies":"Awakened One","floor":50,"turns":13}],"seed_played":"6503481945364087446","potions_obtained":[{"floor":8,"key":"Strength Potion"},{"floor":10,"key":"Block Potion"},{"floor":11,"key":"Energy Potion"},{"floor":25,"key":"Energy Potion"},{"floor":29,"key":"GhostInAJar"},{"floor":30,"key":"GamblersBrew"},{"floor":33,"key":"LiquidBronze"}],"is_trial":false,"path_per_floor":["M","?","M","?","$","E","R","M","T","M","E","M","E","M","R","B",null,"M","$","?","M","M","R","M","M","T","?","$","M","M","M","R","B",null,"M","M","?","M","?","R","M","R","T","?","R","$","M","M","R","B",null],"character_chosen":"THE_SILENT","items_purchased":["Footwork","Ninja Scroll","Reflex","Flash of Steel","Footwork","Caltrops","Acrobatics","Letter Opener","Backflip"],"campfire_rested":1,"item_purchase_floors":[5,19,19,19,19,28,28,46,46],"current_hp_per_floor":[62,62,60,60,60,56,56,54,54,54,38,34,33,31,31,30,60,55,55,55,55,55,55,55,55,55,62,62,62,62,62,62,57,72,72,72,72,72,72,72,72,72,72,72,72,72,64,57,77,75],"gold":60,"neow_bonus":"ONE_RANDOM_RARE_CARD","is_prod":false,"is_daily":false,"chose_seed":false,"campfire_upgraded":7,"win_rate":0,"timestamp":1551475597,"path_taken":["M","?","M","?","$","E","R","M","T","M","E","M","E","M","R","BOSS","M","$","?","?","M","R","M","M","T","?","?","?","M","M","R","BOSS","M","M","?","M","?","R","?","R","T","?","R","$","M","M","R","BOSS"],"build_version":"2019-01-23","purchased_purges":2,"victory":true,"max_hp_per_floor":[70,70,70,70,70,70,70,70,70,70,70,70,70,70,70,70,70,70,70,70,70,70,70,70,70,70,77,77,77,77,77,77,77,77,77,77,77,77,77,77,77,77,77,77,77,77,77,77,77,77],"card_choices":[{"not_picked":["Bane","Flying Knee"],"picked":"Well Laid Plans","floor":1},{"not_picked":["Acrobatics","Crippling Poison"],"picked":"Dash","floor":3},{"not_picked":["Flechettes","Endless Agony"],"picked":"Eviscerate","floor":6},{"not_picked":["Poisoned Stab","Backflip"],"picked":"Footwork","floor":8},{"not_picked":["Eviscerate","Outmaneuver"],"picked":"Escape Plan","floor":10},{"not_picked":["Expertise","Bane"],"picked":"Backflip","floor":11},{"not_picked":["Accuracy","Finisher"],"picked":"Noxious Fumes","floor":12},{"not_picked":["Bane","Heel Hook"],"picked":"Underhanded Strike","floor":13},{"not_picked":["A Thousand Cuts","Envenom"],"picked":"Bullet Time","floor":16},{"not_picked":["Noxious Fumes","Flying Knee+1"],"picked":"Prepared","floor":18},{"not_picked":["Cloak And Dagger","Venomology"],"picked":"Infinite Blades","floor":21},{"not_picked":["All Out Attack","Choke","Deflect"],"picked":"SKIP","floor":22},{"not_picked":["All Out Attack","Choke","Deflect"],"picked":"SKIP","floor":22},{"not_picked":["Flying Knee","Outmaneuver+1","Flechettes"],"picked":"SKIP","floor":24},{"not_picked":["Underhanded Strike","Backstab+1"],"picked":"After Image","floor":25},{"not_picked":["Underhanded Strike+1","Prepared"],"picked":"Calculated Gamble+1","floor":29},{"not_picked":["Bane+1","Outmaneuver+1"],"picked":"Acrobatics","floor":30},{"not_picked":["Dodge and Roll","Eviscerate"],"picked":"Doppelganger","floor":31},{"not_picked":["Glass Knife","Corpse Explosion"],"picked":"Adrenaline","floor":33},{"not_picked":["Underhanded Strike+1","Deflect+1"],"picked":"Tactician","floor":35},{"not_picked":["Poisoned Stab+1","Flechettes+1","Blade Dance+1"],"picked":"SKIP","floor":36},{"not_picked":["Terror+1","Accuracy+1"],"picked":"Quick Slash+1","floor":38},{"not_picked":["Slice","Leg Sweep+1"],"picked":"Quick Slash","floor":41},{"not_picked":["Flying Knee+1","Deadly Poison"],"picked":"Die Die Die","floor":47},{"not_picked":["Cloak And Dagger+1","Leg Sweep"],"picked":"Blur","floor":48}],"player_experience":347421,"relics_obtained":[{"floor":6,"key":"Tough Bandages"},{"floor":9,"key":"Turnip"},{"floor":11,"key":"Dead Branch"},{"floor":13,"key":"Old Coin"},{"floor":26,"key":"Dodecahedron"},{"floor":43,"key":"Pen Nib"}],"event_choices":[{"damage_healed":0,"gold_gain":0,"player_choice":"Grow","damage_taken":0,"max_hp_gain":0,"max_hp_loss":0,"event_name":"Living Wall","floor":2,"gold_loss":0,"cards_upgraded":["Venomology"]},{"damage_healed":0,"gold_gain":175,"player_choice":"AGREE","damage_taken":0,"max_hp_gain":0,"max_hp_loss":0,"event_name":"Liars Game","floor":4,"gold_loss":0,"cards_obtained":["Doubt"]},{"damage_healed":0,"gold_gain":0,"player_choice":"Traded Relic","damage_taken":0,"relics_obtained":["Nloth\u0027s Gift"],"max_hp_gain":0,"max_hp_loss":0,"event_name":"N\u0027loth","floor":20,"relics_lost":["Old Coin"],"gold_loss":0},{"damage_healed":0,"gold_gain":0,"player_choice":"Gave Potion","damage_taken":0,"relics_obtained":["Strawberry"],"max_hp_gain":0,"max_hp_loss":0,"event_name":"WeMeetAgain","floor":27,"gold_loss":0},{"damage_healed":0,"gold_gain":0,"player_choice":"Ignored","damage_taken":0,"max_hp_gain":0,"max_hp_loss":0,"event_name":"Tomb of Lord Red Mask","floor":37,"gold_loss":0},{"damage_healed":0,"gold_gain":0,"player_choice":"Rummage","damage_taken":0,"relics_obtained":["WarpedTongs"],"max_hp_gain":0,"max_hp_loss":0,"event_name":"Accursed Blacksmith","floor":39,"gold_loss":0,"cards_obtained":["Pain"]},{"damage_healed":0,"gold_gain":0,"player_choice":"Ignored","damage_taken":0,"max_hp_gain":0,"max_hp_loss":0,"event_name":"Mysterious Sphere","floor":44,"gold_loss":0}],"is_beta":false,"boss_relics":[{"not_picked":["White Beast Statue","Busted Crown"],"picked":"HoveringKite"},{"not_picked":["Tiny House","Calling Bell"],"picked":"Cursed Key"}],"items_purged_floors":[5,19],"is_endless":false,"potions_floor_spawned":[8,10,11,12,24,25,29,30,33,36,41,47],"ascension_level":10}