{"gold_per_floor":[109,121,271,271,291,324,359,390,390,390,449,476,125,158,158,232,232,247,247,22,22,22,55,87,117,142,167,199,229,229,261,261,337,337,349,349,84,129,129,164,164,196,196,223,257,51,79,91,91,91],"floor_reached":51,"playtime":3083,"items_purged":["Shame"],"score":2105,"play_id":"0ad56359-f562-4617-aac5-e632890960d6","local_time":"20190618122352","daily_mods":["Draft","Flight","Elite Swarm"],"is_ascension_mode":true,"campfire_choices":[{"data":"Electrodynamics","floor":10,"key":"SMITH"},{"data":"Machine Learning","floor":15,"key":"SMITH"},{"data":"1","floor":30,"key":"LIFT"},{"data":"2","floor":32,"key":"LIFT"},{"data":"3","floor":41,"key":"LIFT"},{"data":"Seek","floor":49,"key":"SMITH"}],"neow_cost":"","seed_source_timestamp":0,"circlet_count":0,"master_deck":["AscendersBane","Compile Driver","Cold Snap","Hologram","Doom and Gloom","Chill","Coolheaded","Conserve Battery","Coolheaded+1","Lockon","Sweeping Beam","Undo","Self Repair","Cold Snap","Ball Lightning","Rip and Tear","Conserve Battery+1","Core Surge","Core Surge","Electrodynamics+1","Machine Learning+1","Buffer","Echo Form","Conserve Battery+1","Defragment","Meteor Strike","Buffer","Biased Cognition","Core Surge","Seek+1","Creative AI","Hologram+1","Machine Learning","Echo Form","Echo Form","Stack+1"],"relics":["Cracked Core","Blue Candle","Emotion Chip","Ice Cream","Torii","Tiny Chest","Bag of Preparation","Strange Spoon","Happy Flower","Bag of Marbles","Coffee Dripper","Strawberry","Blood Vial","Juzu Bracelet","Nilry\u0027s Codex","Centennial Puzzle","Letter Opener","Girya","DataDisk","Cables","Question Card","Oddly Smooth Stone","War Paint","Nuclear Battery","FaceOfCleric","OrangePellets","Calipers","Lantern","FossilizedHelix","Peace Pipe","Smiling Mask","Ancient Tea Set","ClockworkSouvenir","Mango"],"potions_floor_usage":[16,16,27,33,35],"damage_taken":[{"damage":0,"enemies":"Cultist","floor":1,"turns":3},{"damage":0,"enemies":"2 Louse","floor":2,"turns":2},{"damage":0,"enemies":"Small Slimes","floor":5,"turns":2},{"damage":0,"enemies":"3 Sentries","floor":6,"turns":7},{"damage":5,"enemies":"Lagavulin","floor":7,"turns":6},{"damage":14,"enemies":"Gremlin Nob","floor":8,"turns":3},{"damage":8,"enemies":"3 Sentries","floor":11,"turns":4},{"damage":16,"enemies":"Lagavulin","floor":12,"turns":5},{"damage":2,"enemies":"3 Sentries","floor":14,"turns":3},{"damage":3,"enemies":"Hexaghost","floor":16,"turns":10},{"damage":9,"enemies":"Shell Parasite","floor":18,"turns":4},{"damage":15,"enemies":"Book of Stabbing","floor":23,"turns":5},{"damage":1,"enemies":"Gremlin Leader","floor":24,"turns":4},{"damage":36,"enemies":"Slavers","floor":25,"turns":4},{"damage":8,"enemies":"Gremlin Leader","floor":27,"turns":5},{"damage":29,"enemies":"Slavers","floor":28,"turns":2},{"damage":18,"enemies":"Gremlin Leader","floor":29,"turns":4},{"damage":1,"enemies":"Book of Stabbing","floor":31,"turns":5},{"damage":15,"enemies":"Champ","floor":33,"turns":9},{"damage":1,"enemies":"3 Shapes","floor":35,"turns":2},{"damage":13,"enemies":"2 Orb Walkers","floor":38,"turns":6},{"damage":0,"enemies":"Reptomancer","floor":40,"turns":5},{"damage":0,"enemies":"Nemesis","floor":42,"turns":8},{"damage":0,"enemies":"Giant Head","floor":44,"turns":7},{"damage":0,"enemies":"Nemesis","floor":45,"turns":5},{"damage":13,"enemies":"Reptomancer","floor":47,"turns":5},{"damage":0,"enemies":"3 Darklings","floor":48,"turns":2},{"damage":0,"enemies":"Awakened One","floor":50,"turns":11}],"seed_played":"-1416045502012787784","potions_obtained":[{"floor":2,"key":"Energy Potion"},{"floor":11,"key":"Swift Potion"},{"floor":25,"key":"Fire Potion"},{"floor":31,"key":"Swift Potion"},{"floor":33,"key":"Energy Potion"},{"floor":35,"key":"SkillPotion"},{"floor":40,"key":"FearPotion"}],"is_trial":true,"path_per_floor":["M","M","?","?","M","E","E","E","T","R","E","E","$","E","R","B",null,"M","T","$","?","?","E","E","E","T","E","E","E","R","E","R","B",null,"M","?","$","?","?","E","R","E","T","E","E","$","E","M","R","B",null],"character_chosen":"DEFECT","items_purchased":["Strange Spoon","Happy Flower","Defragment","Blood Vial","OrangePellets","ClockworkSouvenir"],"campfire_rested":0,"item_purchase_floors":[13,13,20,20,37,46],"current_hp_per_floor":[71,71,71,71,71,71,66,59,59,59,51,42,42,40,40,44,64,62,69,69,69,48,49,57,37,37,45,32,16,16,17,17,11,61,62,62,62,66,66,69,69,79,79,82,83,83,98,99,99,100],"gold":91,"neow_bonus":"","is_prod":false,"is_daily":false,"chose_seed":false,"campfire_upgraded":3,"win_rate":0,"timestamp":1560875032,"path_taken":["M","?","?","?","M","E","E","E","T","R","E","E","$","E","R","BOSS","M","?","$","?","?","E","E","E","T","E","E","E","R","E","R","BOSS","M","?","$","?","?","E","R","E","T","E","E","$","E","M","R","BOSS"],"build_version":"2019-01-23","purchased_purges":1,"victory":true,"max_hp_per_floor":[71,71,71,71,71,71,71,71,71,71,71,71,71,71,71,71,71,71,78,78,78,78,78,78,78,78,78,78,78,78,78,78,78,78,78,78,78,79,79,80,80,81,81,82,83,83,98,99,99,100],"card_choices":[{"not_picked":["Lockon","Barrage"],"picked":"Compile Driver","floor":0},{"not_picked":["Compile Driver","Sweeping Beam"],"picked":"Cold Snap","floor":0},{"not_picked":["Stack","Streamline"],"picked":"Hologram","floor":0},{"not_picked":["Recycle","Lockon"],"picked":"Doom and Gloom","floor":0},{"not_picked":["Turbo","Rebound"],"picked":"Chill","floor":0},{"not_picked":["Gash","Chaos"],"picked":"Coolheaded","floor":0},{"not_picked":["Streamline","Aggregate"],"picked":"Conserve Battery","floor":0},{"not_picked":["FTL","Tempest"],"picked":"Coolheaded","floor":0},{"not_picked":["Coolheaded","Leap"],"picked":"Lockon","floor":0},{"not_picked":["Go for the Eyes","Redo"],"picked":"Sweeping Beam","floor":0},{"not_picked":["Redo","Chaos"],"picked":"Undo","floor":0},{"not_picked":["Compile Driver","Leap"],"picked":"Self Repair","floor":0},{"not_picked":["Hologram","Reinforced Body"],"picked":"Rip and Tear","floor":0},{"not_picked":["Leap","Auto Shields"],"picked":"Cold Snap","floor":0},{"not_picked":["Hello World","Gash"],"picked":"Ball Lightning","floor":0},{"not_picked":["Streamline","Redo"],"picked":"Rip and Tear","floor":1},{"not_picked":["Recycle","Consume"],"picked":"Conserve Battery","floor":2},{"not_picked":["Chill","Redo","Hologram"],"picked":"SKIP","floor":5},{"not_picked":["Thunder Strike","Echo Form"],"picked":"Core Surge","floor":6},{"not_picked":["Seek","Reboot"],"picked":"Core Surge","floor":7},{"not_picked":["Fission","Reboot"],"picked":"Electrodynamics","floor":8},{"not_picked":["Fission","Multi-Cast"],"picked":"Machine Learning","floor":11},{"not_picked":["Multi-Cast","Fission","Rainbow"],"picked":"SKIP","floor":12},{"not_picked":["Reboot","Electrodynamics"],"picked":"Buffer","floor":14},{"not_picked":["Machine Learning","Meteor Strike"],"picked":"Echo Form","floor":16},{"not_picked":["Turbo","Rebound"],"picked":"Conserve Battery+1","floor":18},{"not_picked":["Machine Learning","Multi-Cast"],"picked":"Meteor Strike","floor":23},{"not_picked":["Meteor Strike","Multi-Cast"],"picked":"Buffer","floor":24},{"not_picked":["Fission","Hyperbeam","Reboot"],"picked":"SKIP","floor":25},{"not_picked":["Creative AI","Electrodynamics"],"picked":"Biased Cognition","floor":27},{"not_picked":["Machine Learning","Reboot","Meteor Strike"],"picked":"SKIP","floor":28},{"not_picked":["Amplify","Buffer","Biased Cognition"],"picked":"Core Surge","floor":29},{"not_picked":["Electrodynamics","Machine Learning","Meteor Strike"],"picked":"Seek","floor":31},{"not_picked":["All For One","Meteor Strike","Hyperbeam"],"picked":"Creative AI","floor":33},{"not_picked":["Tempest","Reprogram+1","Go for the Eyes+1","Gash"],"picked":"SKIP","floor":35},{"not_picked":["Conserve Battery","Cold Snap+1","Turbo"],"picked":"Hologram+1","floor":38},{"not_picked":["Seek","Hyperbeam","Core Surge"],"picked":"Machine Learning","floor":40},{"not_picked":["Biased Cognition","Creative AI","Electrodynamics"],"picked":"Echo Form","floor":42},{"not_picked":["Amplify","Electrodynamics","Creative AI","Hyperbeam"],"picked":"SKIP","floor":44},{"not_picked":["Hyperbeam","Amplify","Core Surge"],"picked":"Echo Form","floor":45},{"not_picked":["All For One","Thunder Strike","Seek","Meteor Strike"],"picked":"SKIP","floor":47},{"not_picked":["Streamline","Compile Driver+1","Ball Lightning"],"picked":"Stack+1","floor":48}],"player_experience":934344,"relics_obtained":[{"floor":6,"key":"Blue Candle"},{"floor":7,"key":"Emotion Chip"},{"floor":8,"key":"Ice Cream"},{"floor":9,"key":"Torii"},{"floor":11,"key":"Tiny Chest"},{"floor":12,"key":"Bag of Preparation"},{"floor":14,"key":"Bag of Marbles"},{"floor":19,"key":"Strawberry"},{"floor":22,"key":"Nilry\u0027s Codex"},{"floor":23,"key":"Centennial Puzzle"},{"floor":24,"key":"Letter Opener"},{"floor":25,"key":"Girya"},{"floor":26,"key":"DataDisk"},{"floor":27,"key":"Cables"},{"floor":28,"key":"Question Card"},{"floor":29,"key":"Oddly Smooth Stone"},{"floor":31,"key":"War Paint"},{"floor":38,"key":"Calipers"},{"floor":40,"key":"Lantern"},{"floor":42,"key":"FossilizedHelix"},{"floor":43,"key":"Peace Pipe"},{"floor":44,"key":"Smiling Mask"},{"floor":45,"key":"Ancient Tea Set"},{"floor":47,"key":"Mango"}],"event_choices":[{"damage_healed":0,"gold_gain":150,"player_choice":"AGREE","damage_taken":0,"max_hp_gain":0,"max_hp_loss":0,"event_name":"Liars Game","floor":3,"gold_loss":0,"cards_obtained":["Doubt"]},{"cards_removed":["Doubt"],"damage_healed":0,"gold_gain":0,"player_choice":"Purged","damage_taken":0,"max_hp_gain":0,"max_hp_loss":0,"event_name":"Purifier","floor":4,"gold_loss":0},{"damage_healed":0,"gold_gain":0,"player_choice":"Stole Relic","damage_taken":0,"relics_obtained":["Juzu Bracelet"],"max_hp_gain":0,"max_hp_loss":0,"event_name":"Addict","floor":21,"gold_loss":0,"cards_obtained":["Shame"]},{"damage_healed":0,"gold_gain":0,"player_choice":"Obtained Book","damage_taken":21,"max_hp_gain":0,"max_hp_loss":0,"event_name":"Cursed Tome","floor":22,"gold_loss":0},{"damage_healed":0,"gold_gain":0,"player_choice":"Trade","damage_taken":0,"relics_obtained":["FaceOfCleric"],"max_hp_gain":0,"max_hp_loss":0,"event_name":"FaceTrader","floor":36,"gold_loss":0},{"damage_healed":0,"gold_gain":0,"player_choice":"Fight","damage_taken":0,"max_hp_gain":0,"max_hp_loss":0,"event_name":"Mysterious Sphere","floor":38,"gold_loss":0},{"cards_removed":["Rip and Tear"],"damage_healed":0,"gold_gain":0,"player_choice":"Removed Attack","damage_taken":0,"max_hp_gain":0,"max_hp_loss":0,"event_name":"Falling","floor":39,"gold_loss":0}],"is_beta":false,"boss_relics":[{"not_picked":["Busted Crown","White Beast Statue"],"picked":"Coffee Dripper"},{"not_picked":["Velvet Choker","Calling Bell"],"picked":"Nuclear Battery"}],"items_purged_floors":[37],"is_endless":false,"potions_floor_spawned":[2,11,12,14,25,31,33,35,40,45,47],"ascension_level":15}