{"gold_per_floor":[111,111,124,136,148,175,175,175,175,188,188,203,235,250,250,350,350,368,387,387,142,160,195,195,215,239,250,250,260,288,305,305,404,404,423,441,441,441,457,457,486,486,486,521,621,621,621,639,639,639,639,639,27,60,60],"floor_reached":55,"playtime":5818,"items_purged":["Strike_R","Strike_R"],"score":731,"play_id":"bb977914-8804-49bf-8a95-733ddacf33df","local_time":"20190526131655","is_ascension_mode":false,"campfire_choices":[{"floor":7,"key":"REST"},{"data":"Battle Trance","floor":15,"key":"SMITH"},{"data":"Offering","floor":24,"key":"SMITH"},{"floor":32,"key":"REST"},{"floor":40,"key":"REST"},{"floor":42,"key":"RECALL"},{"data":"Bloodletting","floor":47,"key":"SMITH"},{"data":"Exhume","floor":49,"key":"SMITH"},{"data":"Impervious","floor":52,"key":"SMITH"}],"neow_cost":"NONE","seed_source_timestamp":355198541093801,"circlet_count":0,"master_deck":["Defend_R","Defend_R","Defend_R","Defend_R","Bash+1","Dropkick+1","Blood for Blood","Intimidate","Whirlwind+1","Warcry","Shrug It Off","Headbutt","Battle Trance+1","Offering+1","Metallicize+1","Flame Barrier+1","Thunderclap","Armaments+1","Dropkick","Dropkick","Bloodletting+1","Exhume+1","Pommel Strike+1","Flex+1","Bandage Up","Warcry+1","Dual Wield+1","Disarm+1","Dual Wield","Impervious+1","Limit Break"],"relics":["Burning Blood","Ornamental Fan","FossilizedHelix","Runic Cube","Bag of Preparation","Strawberry","Happy Flower","Vajra","Empty Cage","Mummified Hand","Letter Opener","Calipers","Magic Flower","Chemical X","Red Skull","Art of War","Paper Frog"],"potions_floor_usage":[13,13,16,16,19,19,22,23,23,25,30,31,36,44,45,45,45,54,55],"damage_taken":[{"damage":4,"enemies":"2 Louse","floor":1,"turns":3},{"damage":6,"enemies":"Cultist","floor":3,"turns":3},{"damage":2,"enemies":"Small Slimes","floor":4,"turns":4},{"damage":16,"enemies":"Gremlin Gang","floor":5,"turns":5},{"damage":31,"enemies":"Lagavulin","floor":6,"turns":4},{"damage":7,"enemies":"2 Fungi Beasts","floor":10,"turns":3},{"damage":0,"enemies":"3 Louse","floor":12,"turns":1},{"damage":2,"enemies":"Gremlin Nob","floor":13,"turns":3},{"damage":2,"enemies":"Looter","floor":14,"turns":3},{"damage":10,"enemies":"Slime Boss","floor":16,"turns":8},{"damage":0,"enemies":"Chosen","floor":18,"turns":3},{"damage":6,"enemies":"Shell Parasite","floor":19,"turns":3},{"damage":4,"enemies":"Snake Plant","floor":22,"turns":3},{"damage":27,"enemies":"Gremlin Leader","floor":23,"turns":5},{"damage":5,"enemies":"Sentry and Sphere","floor":25,"turns":8},{"damage":9,"enemies":"3 Cultists","floor":27,"turns":3},{"damage":3,"enemies":"Centurion and Healer","floor":29,"turns":6},{"damage":29,"enemies":"Slavers","floor":30,"turns":4},{"damage":11,"enemies":"Sentry and Sphere","floor":31,"turns":6},{"damage":30,"enemies":"Collector","floor":33,"turns":8},{"damage":15,"enemies":"3 Darklings","floor":35,"turns":4},{"damage":17,"enemies":"3 Shapes","floor":36,"turns":4},{"damage":32,"enemies":"Jaw Worm Horde","floor":39,"turns":5},{"damage":10,"enemies":"Nemesis","floor":41,"turns":5},{"damage":7,"enemies":"Reptomancer","floor":44,"turns":5},{"damage":0,"enemies":"Mind Bloom Boss Battle","floor":45,"turns":5},{"damage":15,"enemies":"4 Shapes","floor":48,"turns":1},{"damage":65,"enemies":"Donu and Deca","floor":50,"turns":9},{"damage":49,"enemies":"Shield and Spear","floor":54,"turns":6},{"damage":75,"enemies":"The Heart","floor":55,"turns":3}],"seed_played":"-2528019226514066156","potions_obtained":[{"floor":1,"key":"Swift Potion"},{"floor":6,"key":"FearPotion"},{"floor":10,"key":"Explosive Potion"},{"floor":13,"key":"Energy Potion"},{"floor":18,"key":"EntropicBrew"},{"floor":22,"key":"Regen Potion"},{"floor":23,"key":"Dexterity Potion"},{"floor":29,"key":"FearPotion"},{"floor":30,"key":"Strength Potion"},{"floor":35,"key":"PowerPotion"},{"floor":41,"key":"PowerPotion"},{"floor":44,"key":"EntropicBrew"},{"floor":45,"key":"FearPotion"}],"is_trial":false,"path_per_floor":["M","?","M","M","M","E","R","?","T","M","?","M","E","M","R","B",null,"M","M","?","$","M","E","R","M","T","M","?","M","E","M","R","B",null,"M","M","?","?","M","R","E","R","T","E","?","?","R","M","R","B",null,"R","$","E","B"],"character_chosen":"IRONCLAD","items_purchased":["Bag of Preparation","Thunderclap","Chemical X","Red Skull","Art of War"],"campfire_rested":3,"item_purchase_floors":[21,21,53,53,53],"current_hp_per_floor":[80,80,80,80,70,45,69,69,69,68,68,74,78,80,80,76,80,80,80,80,80,80,87,87,87,87,84,84,87,64,59,85,61,87,78,67,67,67,49,75,75,75,75,82,87,83,83,77,77,27,83,83,83,49,0],"gold":60,"neow_bonus":"UPGRADE_CARD","is_prod":false,"is_daily":false,"chose_seed":false,"campfire_upgraded":5,"win_rate":0,"timestamp":1558901815,"path_taken":["M","?","M","M","?","E","R","?","T","?","?","M","E","M","R","BOSS","M","M","?","$","M","E","R","M","T","M","?","M","E","?","R","BOSS","M","M","?","?","M","R","E","R","T","E","?","?","R","M","R","BOSS","R","$","E","BOSS"],"build_version":"2019-01-23","purchased_purges":2,"victory":false,"max_hp_per_floor":[80,80,80,80,80,80,80,80,80,80,80,80,80,80,80,80,80,80,80,80,80,80,87,87,87,87,87,87,87,87,87,87,87,87,87,87,87,87,87,87,87,87,87,87,87,83,83,83,83,83,83,83,83,83,83],"card_choices":[{"not_picked":["Flex","Shrug It Off"],"picked":"Dropkick","floor":1},{"not_picked":["Clash","Anger","Rupture"],"picked":"SKIP","floor":3},{"not_picked":["Entrench","Havoc"],"picked":"Blood for Blood","floor":4},{"not_picked":["Wild Strike","Pummel"],"picked":"Intimidate","floor":5},{"not_picked":["Clothesline","Flex"],"picked":"Whirlwind","floor":6},{"not_picked":["Warcry","Uppercut"],"picked":"Shrug It Off","floor":10},{"not_picked":["Pommel Strike","Exhume"],"picked":"Headbutt","floor":12},{"not_picked":["Ghostly Armor","Cleave"],"picked":"Combust","floor":13},{"not_picked":["Shockwave","Flex"],"picked":"Battle Trance","floor":14},{"not_picked":["Berserk","Dark Embrace"],"picked":"Offering","floor":16},{"not_picked":["Havoc","Blood for Blood","True Grit"],"picked":"SKIP","floor":18},{"not_picked":["Armaments","Sword Boomerang+1"],"picked":"Metallicize+1","floor":19},{"not_picked":["Intimidate","Battle Trance+1"],"picked":"Armaments+1","floor":22},{"not_picked":["Rupture+1","Warcry","True Grit+1"],"picked":"SKIP","floor":23},{"not_picked":["Anger","Armaments","Flex"],"picked":"SKIP","floor":25},{"not_picked":["Entrench","Warcry"],"picked":"Dropkick","floor":27},{"not_picked":["Burning Pact","Disarm+1"],"picked":"Dropkick","floor":29},{"not_picked":["Inflame","Uppercut"],"picked":"Bloodletting","floor":30},{"not_picked":["Flex","Heavy Blade","Anger"],"picked":"SKIP","floor":31},{"not_picked":["Limit Break","Brutality"],"picked":"Exhume","floor":33},{"not_picked":["Shrug It Off+1","Body Slam"],"picked":"Pommel Strike+1","floor":35},{"not_picked":["Twin Strike+1","Thunderclap"],"picked":"Flex+1","floor":36},{"not_picked":["Madness","Secret Weapon"],"picked":"Bandage Up","floor":38},{"not_picked":["Twin Strike","Heavy Blade"],"picked":"Warcry+1","floor":39},{"not_picked":["Infernal Blade+1","Flex+1"],"picked":"Dual Wield+1","floor":41},{"not_picked":["Carnage+1","Blood for Blood+1"],"picked":"Disarm+1","floor":44},{"not_picked":["Ghostly Armor","Warcry+1"],"picked":"Dual Wield","floor":45},{"not_picked":["Clothesline","Inflame"],"picked":"Impervious","floor":48},{"not_picked":["Perfected Strike","Havoc"],"picked":"Limit Break","floor":54}],"player_experience":236353,"relics_obtained":[{"floor":6,"key":"Ornamental Fan"},{"floor":13,"key":"FossilizedHelix"},{"floor":23,"key":"Strawberry"},{"floor":26,"key":"Happy Flower"},{"floor":30,"key":"Vajra"},{"floor":41,"key":"Mummified Hand"},{"floor":43,"key":"Letter Opener"},{"floor":44,"key":"Calipers"},{"floor":45,"key":"Magic Flower"},{"floor":54,"key":"Paper Frog"}],"event_choices":[{"damage_healed":0,"gold_gain":0,"player_choice":"Upgraded","damage_taken":0,"max_hp_gain":0,"max_hp_loss":0,"event_name":"Upgrade Shrine","floor":2,"gold_loss":0,"cards_upgraded":["Dropkick"]},{"damage_healed":0,"gold_gain":0,"cards_transformed":["Strike_R"],"player_choice":"Transformed","damage_taken":0,"max_hp_gain":0,"max_hp_loss":0,"event_name":"Transmorgrifier","floor":8,"gold_loss":0,"cards_obtained":["Warcry"]},{"damage_healed":0,"gold_gain":0,"player_choice":"Grow","damage_taken":0,"max_hp_gain":0,"max_hp_loss":0,"event_name":"Living Wall","floor":11,"gold_loss":0,"cards_upgraded":["Whirlwind"]},{"damage_healed":0,"gold_gain":0,"player_choice":"Read","damage_taken":0,"max_hp_gain":0,"max_hp_loss":0,"event_name":"The Library","floor":20,"gold_loss":0,"cards_obtained":["Flame Barrier"]},{"damage_healed":0,"gold_gain":0,"player_choice":"Upgraded","damage_taken":0,"max_hp_gain":0,"max_hp_loss":0,"event_name":"Upgrade Shrine","floor":28,"gold_loss":0,"cards_upgraded":["Flame Barrier"]},{"cards_removed":["Combust"],"damage_healed":0,"gold_gain":0,"player_choice":"Removed Power","damage_taken":0,"max_hp_gain":0,"max_hp_loss":0,"event_name":"Falling","floor":37,"gold_loss":0},{"damage_healed":0,"gold_gain":0,"player_choice":"Memory 1","damage_taken":0,"max_hp_gain":0,"max_hp_loss":0,"event_name":"SensoryStone","floor":38,"gold_loss":0},{"damage_healed":0,"gold_gain":0,"player_choice":"Fight","damage_taken":0,"max_hp_gain":0,"max_hp_loss":0,"event_name":"MindBloom","floor":45,"gold_loss":0},{"damage_healed":0,"gold_gain":0,"player_choice":"Max HP","damage_taken":0,"max_hp_gain":0,"max_hp_loss":4,"event_name":"Winding Halls","floor":46,"gold_loss":0}],"is_beta":false,"boss_relics":[{"not_picked":["Tiny House","Snecko Eye"],"picked":"Runic Cube"},{"not_picked":["Runic Dome","Pandora\u0027s Box"],"picked":"Empty Cage"}],"items_purged_floors":[21,53],"is_endless":false,"potions_floor_spawned":[1,6,10,12,13,18,22,23,29,30,35,41,44,45],"killed_by":"The Heart","ascension_level":0}