{"gold_per_floor":[110,110,110,110,128,158,158,192,192,267,267],"floor_reached":11,"playtime":251,"items_purged":[],"score":187,"play_id":"b7fa34b9-b58e-4efc-84d6-297d23f38c2b","local_time":"20190511190727","is_ascension_mode":true,"campfire_choices":[{"data":"Reckless Charge","floor":7,"key":"SMITH"}],"neow_cost":"NONE","seed_source_timestamp":487054748731160,"circlet_count":0,"master_deck":["AscendersBane","Strike_R","Strike_R","Strike_R","Strike_R","Defend_R","Defend_R","Defend_R","Defend_R","Bash","Reckless Charge+1","Clothesline","Spot Weakness","Reaper"],"relics":["Burning Blood","NeowsBlessing","Kunai","Omamori","Ornamental Fan"],"potions_floor_usage":[11],"damage_taken":[{"damage":0,"enemies":"Jaw Worm","floor":1,"turns":1},{"damage":0,"enemies":"2 Louse","floor":5,"turns":1},{"damage":0,"enemies":"Gremlin Nob","floor":6,"turns":1},{"damage":49,"enemies":"3 Sentries","floor":8,"turns":9},{"damage":30,"enemies":"Gremlin Nob","floor":11,"turns":3}],"seed_played":"-9009462931496204570","potions_obtained":[{"floor":8,"key":"Poison Potion"}],"is_trial":false,"path_per_floor":["M","?","$","?","M","E","R","E","T","?","E"],"character_chosen":"IRONCLAD","items_purchased":[],"campfire_rested":0,"item_purchase_floors":[],"current_hp_per_floor":[74,67,67,67,73,75,75,32,32,21,0],"gold":267,"neow_bonus":"THREE_ENEMY_KILL","is_prod":false,"is_daily":false,"chose_seed":false,"campfire_upgraded":1,"win_rate":0,"timestamp":1557626847,"path_taken":["M","?","$","?","M","E","R","E","T","?","E"],"build_version":"2019-01-23","purchased_purges":0,"victory":false,"max_hp_per_floor":[75,75,75,75,75,75,75,75,75,75,75],"card_choices":[{"not_picked":["Armaments","Iron Wave"],"picked":"Reckless Charge","floor":1},{"not_picked":["Havoc","Wild Strike"],"picked":"Clothesline","floor":5},{"not_picked":["Pommel Strike","Combust"],"picked":"Spot Weakness","floor":6},{"not_picked":["Feel No Pain","Wild Strike"],"picked":"Reaper","floor":8}],"player_experience":912161,"relics_obtained":[{"floor":6,"key":"Kunai"},{"floor":8,"key":"Omamori"},{"floor":9,"key":"Ornamental Fan"}],"event_choices":[{"cards_removed":["Strike_R"],"damage_healed":0,"gold_gain":0,"player_choice":"Card Removal","damage_taken":7,"max_hp_gain":0,"max_hp_loss":0,"event_name":"Golden Wing","floor":2,"gold_loss":0},{"damage_healed":0,"gold_gain":0,"player_choice":"Leave","damage_taken":0,"max_hp_gain":0,"max_hp_loss":0,"event_name":"The Cleric","floor":4,"gold_loss":0},{"damage_healed":0,"gold_gain":75,"player_choice":"Gather Gold","damage_taken":11,"max_hp_gain":0,"max_hp_loss":0,"event_name":"World of Goop","floor":10,"gold_loss":0}],"is_beta":false,"boss_relics":[],"items_purged_floors":[],"is_endless":false,"potions_floor_spawned":[8],"killed_by":"Gremlin Nob","ascension_level":16}