{"gold_per_floor":[110,124,124,100,117,117,217,5,57,74,74,89,89,102,102,173,173,183,183,201,126,143,174,174,194,194,194,194,210,226,226,226,226],"floor_reached":33,"playtime":1186,"items_purged":[],"score":579,"play_id":"2595cfcb-be87-4359-9fd5-695e8262aac0","local_time":"20190622220401","is_ascension_mode":true,"campfire_choices":[{"data":"Corruption","floor":6,"key":"SMITH"},{"data":"Apotheosis","floor":11,"key":"SMITH"},{"floor":15,"key":"REST"},{"floor":24,"key":"REST"},{"floor":27,"key":"REST"},{"data":"Bite","floor":32,"key":"SMITH"}],"neow_cost":"TEN_PERCENT_HP_LOSS","seed_source_timestamp":860383734487123,"circlet_count":0,"master_deck":["AscendersBane","Bash","Exhume","Corruption+1","Rampage","Shrug It Off","Iron Wave","Apotheosis+1","Fiend Fire+1","Spot Weakness","Impervious","Offering","Shrug It Off","Dual Wield","Flame Barrier","Offering","Limit Break","Burning Pact","Blood for Blood","Seeing Red","Armaments+1","Inflame+1","Bite","Bite","Bite+1","Bite","Bite"],"relics":["Burning Blood","NlothsMask","Pandora\u0027s Box","Pen Nib","Paper Frog"],"potions_floor_usage":[5,12,19],"damage_taken":[{"damage":24,"enemies":"Jaw Worm","floor":1,"turns":4},{"damage":18,"enemies":"Cultist","floor":2,"turns":5},{"damage":11,"enemies":"Small Slimes","floor":5,"turns":4},{"damage":2,"enemies":"2 Fungi Beasts","floor":10,"turns":4},{"damage":5,"enemies":"Large Slime","floor":12,"turns":6},{"damage":5,"enemies":"Exordium Thugs","floor":14,"turns":5},{"damage":40,"enemies":"Hexaghost","floor":16,"turns":9},{"damage":12,"enemies":"3 Byrds","floor":18,"turns":2},{"damage":0,"enemies":"Masked Bandits","floor":19,"turns":2},{"damage":33,"enemies":"Shell Parasite","floor":20,"turns":2},{"damage":19,"enemies":"Cultist and Chosen","floor":22,"turns":5},{"damage":12,"enemies":"Gremlin Leader","floor":23,"turns":4},{"damage":18,"enemies":"Sentry and Sphere","floor":25,"turns":3},{"damage":6,"enemies":"Snake Plant","floor":29,"turns":4},{"damage":12,"enemies":"Snecko","floor":30,"turns":3},{"damage":51,"enemies":"Automaton","floor":33,"turns":4}],"seed_played":"3274527399173060393","potions_obtained":[{"floor":1,"key":"FearPotion"},{"floor":10,"key":"SkillPotion"},{"floor":14,"key":"SteroidPotion"},{"floor":16,"key":"SmokeBomb"},{"floor":20,"key":"SteroidPotion"}],"is_trial":false,"path_per_floor":["M","M","?","$","M","R","?","$","T","M","R","M","?","M","R","B",null,"M","?","M","?","M","E","R","M","T","R","?","M","M","?","R","B"],"character_chosen":"IRONCLAD","items_purchased":["Shrug It Off","Apotheosis"],"campfire_rested":3,"item_purchase_floors":[4,8],"current_hp_per_floor":[50,38,38,38,33,33,33,33,33,37,37,38,38,39,59,25,57,51,57,30,30,17,11,31,19,19,39,53,53,47,47,47,0],"gold":226,"neow_bonus":"THREE_RARE_CARDS","is_prod":false,"is_daily":false,"chose_seed":false,"campfire_upgraded":3,"win_rate":0,"timestamp":1561266241,"path_taken":["M","M","?","$","?","R","?","$","T","?","R","M","?","M","R","BOSS","M","?","M","?","M","E","R","?","T","R","?","M","M","?","R","BOSS"],"build_version":"2019-01-23","purchased_purges":0,"victory":false,"max_hp_per_floor":[68,68,68,68,68,68,68,68,68,68,68,68,68,68,68,68,68,68,68,68,68,68,68,68,68,68,68,68,68,68,47,47,47],"card_choices":[{"not_picked":["Demon Form","Berserk"],"picked":"Exhume","floor":0},{"not_picked":["Fire Breathing","Hemokinesis"],"picked":"Corruption","floor":1},{"not_picked":["Sword Boomerang","Havoc"],"picked":"Rampage","floor":2},{"not_picked":["Combust","Heavy Blade"],"picked":"Iron Wave","floor":5},{"not_picked":["Pummel","Anger","Perfected Strike"],"picked":"SKIP","floor":10},{"not_picked":["Rupture","Armaments"],"picked":"Fiend Fire","floor":12},{"not_picked":["Pommel Strike","Twin Strike"],"picked":"Spot Weakness","floor":14},{"not_picked":["Immolate","Bludgeon"],"picked":"Impervious","floor":16},{"not_picked":["Sword Boomerang","Entrench","Havoc"],"picked":"SKIP","floor":18},{"not_picked":["Clothesline","Rupture"],"picked":"Seeing Red","floor":20},{"not_picked":["Perfected Strike","Rage+1"],"picked":"Armaments+1","floor":22},{"not_picked":["Power Through","Havoc","Carnage"],"picked":"SKIP","floor":23},{"not_picked":["Reckless Charge","Bloodletting","Havoc"],"picked":"SKIP","floor":25},{"not_picked":["Clash","Anger","Wild Strike+1"],"picked":"SKIP","floor":29},{"not_picked":["Perfected Strike","Clothesline+1"],"picked":"Inflame+1","floor":30}],"player_experience":1054451,"relics_obtained":[{"floor":23,"key":"Pen Nib"},{"floor":26,"key":"Paper Frog"}],"event_choices":[{"damage_healed":0,"gold_gain":0,"player_choice":"Trade","damage_taken":0,"relics_obtained":["NlothsMask"],"max_hp_gain":0,"max_hp_loss":0,"event_name":"FaceTrader","floor":3,"gold_loss":0},{"damage_healed":0,"gold_gain":100,"player_choice":"Gold","damage_taken":0,"max_hp_gain":0,"max_hp_loss":0,"event_name":"Wheel of Change","floor":7,"gold_loss":0},{"damage_healed":0,"gold_gain":0,"player_choice":"Grow","damage_taken":0,"max_hp_gain":0,"max_hp_loss":0,"event_name":"Living Wall","floor":13,"gold_loss":0,"cards_upgraded":["Fiend Fire"]},{"damage_healed":0,"gold_gain":0,"player_choice":"Fought Bandits","damage_taken":0,"max_hp_gain":0,"max_hp_loss":0,"event_name":"Masked Bandits","floor":19,"gold_loss":0},{"cards_removed":["Fire Breathing"],"damage_healed":0,"gold_gain":0,"player_choice":"Gave Gold","damage_taken":0,"max_hp_gain":0,"max_hp_loss":0,"event_name":"Beggar","floor":21,"gold_loss":75},{"damage_healed":14,"gold_gain":0,"player_choice":"Heal","damage_taken":0,"max_hp_gain":0,"max_hp_loss":0,"event_name":"The Library","floor":28,"gold_loss":0},{"damage_healed":0,"gold_gain":0,"player_choice":"Became a vampire","damage_taken":0,"max_hp_gain":0,"max_hp_loss":21,"event_name":"Vampires","floor":31,"gold_loss":0,"cards_obtained":["Bite","Bite","Bite","Bite","Bite"]}],"is_beta":false,"boss_relics":[{"not_picked":["Ectoplasm","Velvet Choker"],"picked":"Pandora\u0027s Box"}],"items_purged_floors":[],"is_endless":false,"potions_floor_spawned":[1,10,14,16,19,20,22,25],"killed_by":"Automaton","ascension_level":19}