{"gold_per_floor":[119,119,119,119,144,184,184,359,359,359,379,379,48,67,67,67],"floor_reached":16,"playtime":369,"items_purged":["Doubt"],"score":209,"play_id":"09621f87-157f-45f4-984f-0a8ea770acdc","local_time":"20181119185628","is_ascension_mode":true,"campfire_choices":[{"data":"Flame Barrier","floor":7,"key":"SMITH"},{"data":"Flex","floor":10,"key":"SMITH"},{"data":"Cleave","floor":12,"key":"SMITH"},{"data":"Bash","floor":15,"key":"SMITH"}],"neow_cost":"NONE","seed_source_timestamp":5270504077033,"circlet_count":0,"master_deck":["AscendersBane","Strike_R","Strike_R","Strike_R","Strike_R","Strike_R","Defend_R","Defend_R","Defend_R","Defend_R","Bash+1","Flex+1","True Grit","Flame Barrier+1","Cleave+1","Armaments+1"],"relics":["Burning Blood","NeowsBlessing","Golden Idol","Regal Pillow","Red Skull","Toxic Egg 2"],"potions_floor_usage":[16,16],"damage_taken":[{"damage":0,"enemies":"Jaw Worm","floor":1,"turns":1},{"damage":0,"enemies":"Small Slimes","floor":5,"turns":1},{"damage":0,"enemies":"Gremlin Nob","floor":6,"turns":1},{"damage":4,"enemies":"2 Louse","floor":11,"turns":3},{"damage":13,"enemies":"Blue Slaver","floor":14,"turns":4},{"damage":67,"enemies":"Slime Boss","floor":16,"turns":13}],"seed_played":"-6858558856312157515","potions_obtained":[{"floor":5,"key":"SneckoOil"},{"floor":14,"key":"LiquidBronze"}],"is_trial":false,"path_per_floor":["M","?","?","$","M","E","R","?","T","R","M","R","$","M","R","B"],"character_chosen":"IRONCLAD","items_purchased":["Toxic Egg 2"],"campfire_rested":0,"item_purchase_floors":[13],"current_hp_per_floor":[74,79,74,74,74,74,74,74,74,74,74,74,74,67,67,0],"gold":67,"neow_bonus":"THREE_ENEMY_KILL","is_prod":false,"is_daily":false,"chose_seed":false,"campfire_upgraded":4,"win_rate":0,"timestamp":1542682588,"path_taken":["M","?","?","$","M","E","R","?","T","R","M","R","$","M","R","BOSS"],"build_version":"2018-11-15","purchased_purges":1,"victory":false,"max_hp_per_floor":[75,80,74,74,74,74,74,74,74,74,74,74,74,74,74,74],"card_choices":[{"not_picked":["Cleave","Clothesline"],"picked":"Flex","floor":1},{"not_picked":["Anger","Dropkick"],"picked":"True Grit","floor":5},{"not_picked":["Pummel","Blood for Blood"],"picked":"Flame Barrier","floor":6},{"not_picked":["True Grit","Iron Wave"],"picked":"Cleave","floor":11},{"not_picked":["Burning Pact+1","Uppercut"],"picked":"Armaments+1","floor":14}],"player_experience":787106,"relics_obtained":[{"floor":6,"key":"Regal Pillow"},{"floor":9,"key":"Red Skull"}],"event_choices":[{"damage_healed":0,"gold_gain":0,"player_choice":"Donut","damage_taken":0,"max_hp_gain":5,"max_hp_loss":0,"event_name":"Big Fish","floor":2,"gold_loss":0},{"damage_healed":0,"gold_gain":0,"player_choice":"Lose Max HP","damage_taken":0,"relics_obtained":["Golden Idol"],"max_hp_gain":0,"max_hp_loss":6,"event_name":"Golden Idol","floor":3,"gold_loss":0},{"damage_healed":0,"gold_gain":175,"player_choice":"AGREE","damage_taken":0,"max_hp_gain":0,"max_hp_loss":0,"event_name":"Liars Game","floor":8,"gold_loss":0,"cards_obtained":["Doubt"]}],"is_beta":false,"boss_relics":[],"items_purged_floors":[13],"is_endless":false,"potions_floor_spawned":[5,14],"killed_by":"Slime Boss","ascension_level":14}