{"gold_per_floor":[11,11,11,27,102,133,145,145,213,247,7,7,7,27,27,104,104,118,37,37,37,54,54,64,64,64,74,101,26,26,76,76,150,150,167,167,167,167,183,183,196,196,246,246,246,88,108,128,128,128],"floor_reached":51,"playtime":2689,"items_purged":["Strike_G","Strike_G"],"score":1199,"play_id":"bc831c9d-0b7a-4186-9961-cc8f6b08e95b","local_time":"20190522101823","is_ascension_mode":true,"campfire_choices":[{"floor":8,"key":"REST"},{"data":"A Thousand Cuts","floor":12,"key":"SMITH"},{"data":"Footwork","floor":15,"key":"SMITH"},{"data":"A Thousand Cuts","floor":23,"key":"SMITH"},{"floor":30,"key":"REST"},{"floor":32,"key":"REST"},{"floor":40,"key":"REST"},{"data":"Burst","floor":42,"key":"SMITH"},{"data":"Well Laid Plans","floor":45,"key":"SMITH"},{"floor":49,"key":"REST"}],"neow_cost":"NO_GOLD","seed_source_timestamp":404981338383548,"circlet_count":0,"master_deck":["AscendersBane","Defend_G","Defend_G","Defend_G","Defend_G+1","Strike_G+1","Survivor+1","Neutralize","Bouncing Flask","Noxious Fumes","A Thousand Cuts+1","Footwork+1","Dagger Spray+1","Leg Sweep","A Thousand Cuts+1","Well Laid Plans+1","Footwork","Bane","Blur","Burst+1","Sadistic Nature","Catalyst+1","Parasite","Deadly Poison","Cloak And Dagger+1"],"relics":["Ring of the Snake","Blood Vial","Ornamental Fan","Orichalcum","Oddly Smooth Stone","War Paint","Busted Crown","Whetstone","Ice Cream","Philosopher\u0027s Stone","Strawberry"],"potions_floor_usage":[10,16,28,41,48,50],"damage_taken":[{"damage":3,"enemies":"2 Louse","floor":1,"turns":3},{"damage":1,"enemies":"Small Slimes","floor":4,"turns":4},{"damage":33,"enemies":"3 Sentries","floor":6,"turns":9},{"damage":0,"enemies":"Cultist","floor":7,"turns":4},{"damage":6,"enemies":"Lagavulin","floor":10,"turns":9},{"damage":4,"enemies":"Red Slaver","floor":14,"turns":4},{"damage":23,"enemies":"Slime Boss","floor":16,"turns":12},{"damage":14,"enemies":"Chosen","floor":18,"turns":5},{"damage":4,"enemies":"Shell Parasite","floor":22,"turns":7},{"damage":0,"enemies":"Snake Plant","floor":24,"turns":6},{"damage":0,"enemies":"3 Cultists","floor":27,"turns":4},{"damage":26,"enemies":"Gremlin Leader","floor":28,"turns":8},{"damage":60,"enemies":"Champ","floor":33,"turns":14},{"damage":21,"enemies":"Orb Walker","floor":35,"turns":7},{"damage":31,"enemies":"3 Shapes","floor":39,"turns":5},{"damage":0,"enemies":"Writhing Mass","floor":41,"turns":5},{"damage":9,"enemies":"4 Shapes","floor":47,"turns":6},{"damage":17,"enemies":"Transient","floor":48,"turns":6},{"damage":63,"enemies":"Awakened One","floor":50,"turns":13}],"seed_played":"-7504553954591822475","potions_obtained":[{"floor":6,"key":"Block Potion"},{"floor":7,"key":"GhostInAJar"},{"floor":16,"key":"GamblersBrew"},{"floor":21,"key":"Dexterity Potion"},{"floor":21,"key":"Fire Potion"},{"floor":28,"key":"LiquidBronze"},{"floor":33,"key":"PowerPotion"},{"floor":39,"key":"Regen Potion"},{"floor":41,"key":"Regen Potion"}],"is_trial":false,"path_per_floor":["M","?","?","M","?","E","M","R","T","E","$","R","T","M","R","B",null,"M","$","?","?","M","R","M","$","T","M","E","$","R","?","R","B",null,"M","?","?","$","M","R","M","R","T","?","R","$","M","M","R","B",null],"character_chosen":"THE_SILENT","items_purchased":["Oddly Smooth Stone","Well Laid Plans","Blur","Deadly Poison"],"campfire_rested":5,"item_purchase_floors":[11,19,29,46],"current_hp_per_floor":[56,56,61,60,49,16,18,39,39,35,35,35,35,33,33,12,56,44,44,44,44,42,42,44,44,44,46,22,22,43,43,64,6,55,36,36,36,36,7,28,45,45,52,52,52,52,45,45,68,7],"gold":128,"neow_bonus":"REMOVE_TWO","is_prod":false,"is_daily":false,"chose_seed":false,"campfire_upgraded":5,"win_rate":0,"timestamp":1558534703,"path_taken":["M","?","?","M","?","E","M","R","T","E","$","R","?","M","R","BOSS","M","$","?","?","M","R","M","$","T","?","E","?","R","?","R","BOSS","M","?","?","$","M","R","M","R","T","?","R","$","M","M","R","BOSS"],"build_version":"2019-01-23","purchased_purges":2,"victory":true,"max_hp_per_floor":[66,66,71,71,71,71,71,71,71,71,71,71,71,71,71,71,71,71,71,71,71,71,71,71,71,71,71,71,71,71,71,71,71,71,71,71,71,71,71,71,71,71,78,78,78,78,78,78,78,78],"card_choices":[{"not_picked":["Dodge and Roll","Deflect"],"picked":"Bouncing Flask","floor":1},{"not_picked":["Dodge and Roll","Blade Dance"],"picked":"Noxious Fumes","floor":4},{"not_picked":["PiercingWail","Noxious Fumes"],"picked":"A Thousand Cuts","floor":6},{"not_picked":["Backflip","Setup"],"picked":"Footwork","floor":7},{"not_picked":["Flying Knee","Choke"],"picked":"Dagger Spray","floor":10},{"not_picked":["Cloak And Dagger","Acrobatics"],"picked":"Leg Sweep","floor":14},{"not_picked":["Malaise","Grand Finale"],"picked":"A Thousand Cuts","floor":16},{"not_picked":["Skewer"],"picked":"SKIP","floor":18},{"not_picked":["Sucker Punch"],"picked":"SKIP","floor":22},{"not_picked":["Cloak And Dagger"],"picked":"SKIP","floor":24},{"not_picked":[],"picked":"Bane","floor":27},{"not_picked":["Dagger Throw"],"picked":"SKIP","floor":28},{"not_picked":[],"picked":"Burst","floor":33},{"not_picked":["Tactician"],"picked":"SKIP","floor":35},{"not_picked":[],"picked":"Sadistic Nature","floor":37},{"not_picked":[],"picked":"Catalyst+1","floor":39},{"not_picked":["Dagger Spray"],"picked":"SKIP","floor":41},{"not_picked":[],"picked":"Cloak And Dagger+1","floor":47},{"not_picked":["Expertise"],"picked":"SKIP","floor":48}],"player_experience":741950,"relics_obtained":[{"floor":6,"key":"Blood Vial"},{"floor":9,"key":"Ornamental Fan"},{"floor":10,"key":"Orichalcum"},{"floor":13,"key":"War Paint"},{"floor":26,"key":"Whetstone"},{"floor":28,"key":"Ice Cream"},{"floor":43,"key":"Strawberry"}],"event_choices":[{"damage_healed":0,"gold_gain":0,"player_choice":"Leave","damage_taken":0,"max_hp_gain":0,"max_hp_loss":0,"event_name":"The Cleric","floor":2,"gold_loss":0},{"damage_healed":0,"gold_gain":0,"player_choice":"Donut","damage_taken":0,"max_hp_gain":5,"max_hp_loss":0,"event_name":"Big Fish","floor":3,"gold_loss":0},{"damage_healed":0,"gold_gain":75,"player_choice":"Gather Gold","damage_taken":11,"max_hp_gain":0,"max_hp_loss":0,"event_name":"World of Goop","floor":5,"gold_loss":0},{"damage_healed":0,"gold_gain":0,"player_choice":"Read","damage_taken":0,"max_hp_gain":0,"max_hp_loss":0,"event_name":"The Library","floor":20,"gold_loss":0,"cards_obtained":["Footwork"]},{"damage_healed":0,"gold_gain":0,"player_choice":"Got Potions","damage_taken":0,"max_hp_gain":0,"max_hp_loss":0,"event_name":"Lab","floor":21,"gold_loss":0},{"damage_healed":0,"gold_gain":50,"player_choice":"Stole From Cult","damage_taken":0,"max_hp_gain":0,"max_hp_loss":0,"event_name":"Nest","floor":31,"gold_loss":0},{"damage_healed":0,"gold_gain":0,"player_choice":"Ignored","damage_taken":0,"max_hp_gain":0,"max_hp_loss":0,"event_name":"Mysterious Sphere","floor":36,"gold_loss":0},{"damage_healed":0,"gold_gain":0,"player_choice":"Memory 1","damage_taken":0,"max_hp_gain":0,"max_hp_loss":0,"event_name":"SensoryStone","floor":37,"gold_loss":0},{"cards_removed":["Strike_G"],"damage_healed":0,"gold_gain":0,"player_choice":"Removed Attack","damage_taken":0,"max_hp_gain":0,"max_hp_loss":0,"event_name":"Falling","floor":44,"gold_loss":0}],"is_beta":false,"boss_relics":[{"not_picked":["Black Star","Astrolabe"],"picked":"Busted Crown"},{"not_picked":["Velvet Choker","Empty Cage"],"picked":"Philosopher\u0027s Stone"}],"items_purged_floors":[11,46],"is_endless":false,"potions_floor_spawned":[6,7,16,22,24,28,33,35,39,41],"ascension_level":17}