{"gold_per_floor":[116,266,191,210,222,222,255,255,255,255,272,290,290,305,305,305],"floor_reached":16,"playtime":425,"items_purged":["Doubt"],"score":199,"play_id":"4d5f4727-1e6e-42f2-82ce-5cfc1ec88df9","local_time":"20190624162212","is_ascension_mode":true,"campfire_choices":[{"data":"Rampage","floor":6,"key":"SMITH"},{"data":"True Grit","floor":8,"key":"SMITH"},{"data":"Inflame","floor":10,"key":"SMITH"},{"data":"Whirlwind","floor":15,"key":"SMITH"}],"neow_cost":"NONE","seed_source_timestamp":1013437742199907,"circlet_count":0,"master_deck":["AscendersBane","Strike_R","Strike_R","Strike_R","Strike_R","Strike_R","Defend_R","Defend_R","Defend_R","Defend_R","Bash","Rampage+1","Inflame+1","True Grit+1","Clothesline","Ghostly Armor","Whirlwind+1"],"relics":["Burning Blood","NeowsBlessing","Ornamental Fan","Smiling Mask"],"potions_floor_usage":[11,12,14,16,16],"damage_taken":[{"damage":0,"enemies":"2 Louse","floor":1,"turns":1},{"damage":0,"enemies":"Cultist","floor":4,"turns":1},{"damage":0,"enemies":"Jaw Worm","floor":5,"turns":1},{"damage":45,"enemies":"3 Sentries","floor":7,"turns":8},{"damage":9,"enemies":"3 Louse","floor":11,"turns":4},{"damage":10,"enemies":"Red Slaver","floor":12,"turns":5},{"damage":19,"enemies":"Large Slime","floor":14,"turns":7},{"damage":21,"enemies":"Hexaghost","floor":16,"turns":9}],"seed_played":"-8132092066873860277","potions_obtained":[{"floor":4,"key":"SpeedPotion"},{"floor":5,"key":"FearPotion"},{"floor":7,"key":"AttackPotion"},{"floor":13,"key":"Energy Potion"},{"floor":13,"key":"SneckoOil"},{"floor":14,"key":"Energy Potion"}],"is_trial":false,"path_per_floor":["M","?","$","M","M","R","E","R","T","R","M","M","?","M","R","B"],"character_chosen":"IRONCLAD","items_purchased":[],"campfire_rested":0,"item_purchase_floors":[],"current_hp_per_floor":[74,74,74,75,75,75,36,36,36,36,33,29,29,16,16,0],"gold":305,"neow_bonus":"THREE_ENEMY_KILL","is_prod":false,"is_daily":false,"chose_seed":false,"campfire_upgraded":4,"win_rate":0,"timestamp":1561418532,"path_taken":["M","?","$","M","M","R","E","R","T","R","M","M","?","?","R","BOSS"],"build_version":"2019-01-23","purchased_purges":1,"victory":false,"max_hp_per_floor":[75,75,75,75,75,75,75,75,75,75,75,75,75,75,75,75],"card_choices":[{"not_picked":["Flex","Armaments","Sentinel"],"picked":"SKIP","floor":1},{"not_picked":["Anger","Headbutt"],"picked":"Rampage","floor":4},{"not_picked":["Sentinel","Rage"],"picked":"Inflame","floor":5},{"not_picked":["Flex","Brutality"],"picked":"True Grit","floor":7},{"not_picked":["Thunderclap","Havoc"],"picked":"Clothesline","floor":11},{"not_picked":["Clash","Second Wind"],"picked":"Ghostly Armor","floor":12},{"not_picked":["Cleave","Anger"],"picked":"Whirlwind","floor":14}],"player_experience":1059586,"relics_obtained":[{"floor":7,"key":"Ornamental Fan"},{"floor":9,"key":"Smiling Mask"}],"event_choices":[{"damage_healed":0,"gold_gain":150,"player_choice":"AGREE","damage_taken":0,"max_hp_gain":0,"max_hp_loss":0,"event_name":"Liars Game","floor":2,"gold_loss":0,"cards_obtained":["Doubt"]},{"damage_healed":0,"gold_gain":0,"player_choice":"Got Potions","damage_taken":0,"max_hp_gain":0,"max_hp_loss":0,"event_name":"Lab","floor":13,"gold_loss":0}],"is_beta":false,"boss_relics":[],"items_purged_floors":[3],"is_endless":false,"potions_floor_spawned":[4,5,7,14],"killed_by":"Hexaghost","ascension_level":19}