{"gold_per_floor":[131,103,127,152,164,211,237,279,291,303],"floor_reached":10,"playtime":357,"items_purged":[],"score":156,"play_id":"81b9c4bb-bbe5-490d-8d46-ccccaac286c4","local_time":"20190622170634","is_ascension_mode":true,"campfire_choices":[],"neow_cost":"NONE","seed_source_timestamp":78354522776882,"circlet_count":0,"master_deck":["AscendersBane","Strike_R","Strike_R+1","Strike_R","Strike_R","Strike_R","Defend_R","Defend_R","Defend_R","Defend_R","Bash","Sword Boomerang+1","Perfected Strike","Perfected Strike","Armaments","Burning Pact","Immolate"],"relics":["Burning Blood","MawBank","Whetstone","Letter Opener","Pear"],"potions_floor_usage":[4,6,8,10],"damage_taken":[{"damage":4,"enemies":"Small Slimes","floor":1,"turns":4},{"damage":7,"enemies":"Cultist","floor":3,"turns":4},{"damage":0,"enemies":"2 Louse","floor":4,"turns":3},{"damage":35,"enemies":"Lagavulin","floor":6,"turns":5},{"damage":3,"enemies":"Exordium Wildlife","floor":7,"turns":3},{"damage":44,"enemies":"Gremlin Nob","floor":8,"turns":5},{"damage":40,"enemies":"Lagavulin","floor":10,"turns":6}],"seed_played":"6699157141000678128","potions_obtained":[{"floor":2,"key":"SkillPotion"},{"floor":2,"key":"SpeedPotion"},{"floor":4,"key":"Poison Potion"},{"floor":6,"key":"Weak Potion"}],"is_trial":false,"path_per_floor":["M","?","M","M","?","E","M","E","T","E"],"character_chosen":"IRONCLAD","items_purchased":[],"campfire_rested":0,"item_purchase_floors":[],"current_hp_per_floor":[70,70,69,75,80,51,54,16,26,0],"gold":303,"neow_bonus":"RANDOM_COMMON_RELIC","is_prod":false,"is_daily":false,"chose_seed":false,"campfire_upgraded":0,"win_rate":0,"timestamp":1561237594,"path_taken":["M","?","?","M","?","E","M","E","T","E"],"build_version":"2019-01-23","purchased_purges":0,"victory":false,"max_hp_per_floor":[75,75,75,75,80,80,80,80,90,90],"card_choices":[{"not_picked":["True Grit","Body Slam"],"picked":"Sword Boomerang","floor":1},{"not_picked":["Body Slam","Armaments"],"picked":"Perfected Strike","floor":3},{"not_picked":["Dropkick","Intimidate"],"picked":"Perfected Strike","floor":4},{"not_picked":["Burning Pact","Dual Wield"],"picked":"Armaments","floor":6},{"not_picked":["Sever Soul","Flex"],"picked":"Burning Pact","floor":7},{"not_picked":["Pommel Strike","Perfected Strike"],"picked":"Immolate","floor":8}],"player_experience":962539,"relics_obtained":[{"floor":6,"key":"Whetstone"},{"floor":8,"key":"Letter Opener"},{"floor":9,"key":"Pear"}],"event_choices":[{"damage_healed":0,"gold_gain":0,"player_choice":"Bought 3 Potions","damage_taken":0,"max_hp_gain":0,"max_hp_loss":0,"event_name":"The Woman in Blue","floor":2,"gold_loss":0},{"damage_healed":0,"gold_gain":0,"player_choice":"Donut","damage_taken":0,"max_hp_gain":5,"max_hp_loss":0,"event_name":"Big Fish","floor":5,"gold_loss":0}],"is_beta":false,"boss_relics":[],"items_purged_floors":[],"is_endless":false,"potions_floor_spawned":[4,6,7],"killed_by":"Lagavulin","ascension_level":20}