{"gold_per_floor":[113,113,113,123,123,123,149,149,198,213,285,33,46,63,63,140,140,95,10,10,10,10,10,10,10,10,10],"floor_reached":27,"playtime":800,"items_purged":[],"score":405,"play_id":"907ef9d2-4897-40e6-a6c8-81d4fe97a4b1","local_time":"20181119232658","is_ascension_mode":true,"campfire_choices":[{"data":"Blood for Blood","floor":6,"key":"SMITH"},{"data":"Barricade","floor":8,"key":"SMITH"},{"data":"Body Slam","floor":15,"key":"SMITH"},{"floor":23,"key":"REST"}],"neow_cost":"NONE","seed_source_timestamp":21070766432974,"circlet_count":0,"master_deck":["AscendersBane","Strike_R+1","Strike_R","Strike_R","Strike_R","Strike_R+1","Defend_R","Defend_R","Defend_R","Defend_R","Bash","Blood for Blood+1","Sword Boomerang","Barricade+1","Shrug It Off","Body Slam+1","Double Tap","Entrench+1"],"relics":["Burning Blood","NeowsBlessing","Bronze Scales","Kunai","Whetstone","Toolbox","Ectoplasm","Happy Flower","Paper Frog"],"potions_floor_usage":[13,20,25,27],"damage_taken":[{"damage":0,"enemies":"Small Slimes","floor":1,"turns":1},{"damage":0,"enemies":"2 Louse","floor":4,"turns":1},{"damage":0,"enemies":"Lagavulin","floor":7,"turns":1},{"damage":7,"enemies":"Jaw Worm","floor":10,"turns":3},{"damage":18,"enemies":"Large Slime","floor":13,"turns":5},{"damage":24,"enemies":"Exordium Wildlife","floor":14,"turns":5},{"damage":23,"enemies":"The Guardian","floor":16,"turns":14},{"damage":15,"enemies":"2 Thieves","floor":18,"turns":4},{"damage":31,"enemies":"Colosseum Slavers","floor":20,"turns":4},{"damage":12,"enemies":"Shell Parasite","floor":21,"turns":4},{"damage":19,"enemies":"Snecko","floor":22,"turns":5},{"damage":37,"enemies":"Cultist and Chosen","floor":25,"turns":6},{"damage":14,"enemies":"Snake Plant","floor":27,"turns":1}],"seed_played":"-3496634325011676647","potions_obtained":[{"floor":4,"key":"Energy Potion"},{"floor":16,"key":"GamblersBrew"},{"floor":22,"key":"BloodPotion"},{"floor":25,"key":"SteroidPotion"}],"is_trial":false,"path_per_floor":["M","$","?","M","?","R","E","R","T","M","?","$","M","M","R","B",null,"M","?","?","M","M","R","?","M","T","M"],"character_chosen":"IRONCLAD","items_purchased":["Shrug It Off","Toolbox"],"campfire_rested":1,"item_purchase_floors":[12,12],"current_hp_per_floor":[74,74,74,75,75,75,75,75,75,74,74,74,62,44,44,27,63,54,54,29,23,10,32,32,8,8,0],"gold":10,"neow_bonus":"THREE_ENEMY_KILL","is_prod":false,"is_daily":false,"chose_seed":false,"campfire_upgraded":3,"win_rate":0,"timestamp":1542698818,"path_taken":["M","$","?","M","?","R","E","R","T","M","?","$","?","M","R","BOSS","M","?","?","M","M","R","?","M","T","?"],"build_version":"2018-11-15","purchased_purges":0,"victory":false,"max_hp_per_floor":[75,75,75,75,75,75,75,75,75,75,75,75,75,75,75,75,75,75,75,75,75,75,75,75,75,75,75],"card_choices":[{"not_picked":["Armaments","Shockwave"],"picked":"Blood for Blood","floor":1},{"not_picked":["Iron Wave","Havoc"],"picked":"Sword Boomerang","floor":4},{"not_picked":["Shrug It Off","Perfected Strike"],"picked":"Barricade","floor":7},{"not_picked":["Flex","Uppercut","Intimidate"],"picked":"SKIP","floor":10},{"not_picked":["Twin Strike","Clash","Warcry"],"picked":"SKIP","floor":13},{"not_picked":["Headbutt","Carnage"],"picked":"Body Slam","floor":14},{"not_picked":["Dark Embrace","Barricade"],"picked":"Double Tap","floor":16},{"not_picked":["Clash","Heavy Blade","Twin Strike+1"],"picked":"SKIP","floor":18},{"not_picked":["Iron Wave","Armaments"],"picked":"Entrench+1","floor":21},{"not_picked":["Burning Pact","Rupture","Sever Soul"],"picked":"SKIP","floor":22},{"not_picked":["Headbutt+1","Clash","Bloodletting"],"picked":"SKIP","floor":25}],"player_experience":798161,"relics_obtained":[{"floor":7,"key":"Kunai"},{"floor":9,"key":"Whetstone"},{"floor":26,"key":"Paper Frog"}],"event_choices":[{"damage_healed":0,"gold_gain":0,"player_choice":"Box","damage_taken":0,"relics_obtained":["Bronze Scales"],"max_hp_gain":0,"max_hp_loss":0,"event_name":"Big Fish","floor":3,"gold_loss":0,"cards_obtained":["Regret"]},{"cards_removed":["Regret"],"damage_healed":0,"gold_gain":0,"player_choice":"Forget","damage_taken":0,"max_hp_gain":0,"max_hp_loss":0,"event_name":"Living Wall","floor":5,"gold_loss":0},{"damage_healed":0,"gold_gain":72,"player_choice":"Gained Gold","damage_taken":0,"max_hp_gain":0,"max_hp_loss":0,"event_name":"Golden Wing","floor":11,"gold_loss":0},{"damage_healed":0,"gold_gain":0,"player_choice":"Obtained Relic","damage_taken":0,"relics_obtained":["Happy Flower"],"max_hp_gain":0,"max_hp_loss":0,"event_name":"Addict","floor":19,"gold_loss":85},{"damage_healed":0,"gold_gain":0,"player_choice":"Fight","damage_taken":0,"max_hp_gain":0,"max_hp_loss":0,"event_name":"Colosseum","floor":20,"gold_loss":0},{"damage_healed":0,"gold_gain":0,"player_choice":"Fled From Nobs","damage_taken":0,"max_hp_gain":0,"max_hp_loss":0,"event_name":"Colosseum","floor":20,"gold_loss":0},{"damage_healed":0,"gold_gain":99,"player_choice":"Stole From Cult","damage_taken":0,"max_hp_gain":0,"max_hp_loss":0,"event_name":"Nest","floor":24,"gold_loss":0}],"is_beta":false,"boss_relics":[{"not_picked":["Fusion Hammer","Eternal Feather"],"picked":"Ectoplasm"}],"items_purged_floors":[],"is_endless":false,"potions_floor_spawned":[4,16,20,22,25],"killed_by":"Snake Plant","ascension_level":14}