{"gold_per_floor":[211,42,62,81,6,6,6,6,33,51,69,84,84,102,102,102],"floor_reached":16,"playtime":580,"items_purged":["Defend_G"],"score":179,"play_id":"5811e0eb-6e04-4b88-a288-8f1e965429a5","local_time":"20190617220831","is_ascension_mode":true,"campfire_choices":[{"data":"After Image","floor":6,"key":"SMITH"},{"floor":15,"key":"REST"}],"neow_cost":"NONE","seed_source_timestamp":429265779570347,"circlet_count":0,"master_deck":["AscendersBane","Defend_G","Defend_G","Defend_G","Defend_G","Strike_G+1","Strike_G","Strike_G","Strike_G","Strike_G+1","Survivor","Neutralize","Blur","After Image+1","Footwork","Cloak And Dagger","Dagger Spray","Poisoned Stab","Acrobatics","Parasite","Riddle With Holes"],"relics":["Ring of the Snake","Vajra","Whetstone"],"potions_floor_usage":[3,11,12],"damage_taken":[{"damage":1,"enemies":"2 Louse","floor":1,"turns":4},{"damage":0,"enemies":"Small Slimes","floor":3,"turns":6},{"damage":0,"enemies":"Jaw Worm","floor":4,"turns":8},{"damage":0,"enemies":"Blue Slaver","floor":10,"turns":6},{"damage":14,"enemies":"Large Slime","floor":11,"turns":9},{"damage":0,"enemies":"2 Fungi Beasts","floor":12,"turns":3},{"damage":0,"enemies":"3 Louse","floor":14,"turns":2},{"damage":54,"enemies":"Slime Boss","floor":16,"turns":8}],"seed_played":"-5213497489630711470","potions_obtained":[{"floor":1,"key":"SpeedPotion"},{"floor":3,"key":"GamblersBrew"},{"floor":11,"key":"SkillPotion"}],"is_trial":false,"path_per_floor":["M","$","M","M","$","R","?","?","T","M","M","M","?","M","R","B"],"character_chosen":"THE_SILENT","items_purchased":["After Image"],"campfire_rested":1,"item_purchase_floors":[2],"current_hp_per_floor":[58,58,58,58,58,58,32,32,32,32,18,18,34,34,53,0],"gold":102,"neow_bonus":"HUNDRED_GOLD","is_prod":false,"is_daily":false,"chose_seed":false,"campfire_upgraded":1,"win_rate":0,"timestamp":1560834511,"path_taken":["M","$","M","M","$","R","?","?","T","M","M","?","?","M","R","BOSS"],"build_version":"2019-01-23","purchased_purges":1,"victory":false,"max_hp_per_floor":[66,66,66,66,66,66,66,66,66,66,66,66,66,66,66,66],"card_choices":[{"not_picked":["Riddle With Holes","Quick Slash"],"picked":"Blur","floor":1},{"not_picked":["Prepared","Deadly Poison"],"picked":"Footwork","floor":3},{"not_picked":["Acrobatics","Riddle With Holes"],"picked":"Cloak And Dagger","floor":4},{"not_picked":["Bane","Reflex"],"picked":"Dagger Spray","floor":10},{"not_picked":["Sucker Punch","Bane"],"picked":"Poisoned Stab","floor":11},{"not_picked":["Predator","Finisher"],"picked":"Acrobatics","floor":12},{"not_picked":["Reflex","Blade Dance"],"picked":"Riddle With Holes","floor":14}],"player_experience":1030307,"relics_obtained":[{"floor":9,"key":"Whetstone"}],"event_choices":[{"damage_healed":0,"gold_gain":0,"player_choice":"Success","damage_taken":26,"relics_obtained":["Vajra"],"max_hp_gain":0,"max_hp_loss":0,"event_name":"Scrap Ooze","floor":7,"gold_loss":0},{"damage_healed":0,"gold_gain":0,"player_choice":"Ignored","damage_taken":0,"max_hp_gain":0,"max_hp_loss":0,"event_name":"Golden Idol","floor":8,"gold_loss":0},{"damage_healed":16,"gold_gain":0,"player_choice":"Healed and dodged fight","damage_taken":0,"max_hp_gain":0,"max_hp_loss":0,"event_name":"Mushrooms","floor":13,"gold_loss":0,"cards_obtained":["Parasite"]}],"is_beta":false,"boss_relics":[],"items_purged_floors":[5],"is_endless":false,"potions_floor_spawned":[1,3,11],"killed_by":"Slime Boss","ascension_level":18}