{"gold_per_floor":[17,35,53,66,86,86,112,126,178,197,212,162,162,195,195,195],"floor_reached":16,"playtime":1106,"items_purged":[],"score":106,"play_id":"78db1fde-45ce-46a8-88dd-1cb7dd529bbc","local_time":"20190612215646","is_ascension_mode":false,"campfire_choices":[{"data":"Dash","floor":6,"key":"SMITH"},{"data":"Backflip","floor":13,"key":"SMITH"},{"data":"Defend_G","floor":15,"key":"SMITH"}],"neow_cost":"NO_GOLD","seed_source_timestamp":425486627509362,"circlet_count":0,"master_deck":["Defend_G","Defend_G","Defend_G","Defend_G","Defend_G+1","Strike_G","Strike_G","Strike_G","Strike_G","Survivor","Neutralize","Backflip+1","Masterful Stab","Slice","Dash+1","Flying Knee","Wraith Form v2","PiercingWail"],"relics":["Ring of the Snake","StoneCalendar","Odd Mushroom","Boot","Meat on the Bone"],"potions_floor_usage":[4,8,11,14,16],"damage_taken":[{"damage":0,"enemies":"2 Louse","floor":1,"turns":3},{"damage":0,"enemies":"Jaw Worm","floor":2,"turns":5},{"damage":0,"enemies":"Cultist","floor":3,"turns":3},{"damage":0,"enemies":"Blue Slaver","floor":4,"turns":1},{"damage":0,"enemies":"Looter","floor":5,"turns":3},{"damage":8,"enemies":"The Mushroom Lair","floor":7,"turns":4},{"damage":0,"enemies":"2 Fungi Beasts","floor":8,"turns":2},{"damage":0,"enemies":"Large Slime","floor":10,"turns":4},{"damage":6,"enemies":"3 Louse","floor":11,"turns":3},{"damage":22,"enemies":"Lagavulin","floor":14,"turns":7},{"damage":34,"enemies":"The Guardian","floor":16,"turns":12}],"seed_played":"-1377882085889823214","potions_obtained":[{"floor":3,"key":"Fire Potion"},{"floor":7,"key":"Explosive Potion"},{"floor":10,"key":"Fire Potion"},{"floor":11,"key":"Swift Potion"},{"floor":14,"key":"PowerPotion"}],"is_trial":false,"path_per_floor":["M","M","M","M","M","R","?","M","T","M","M","?","R","E","R","B"],"character_chosen":"THE_SILENT","items_purchased":[],"campfire_rested":0,"item_purchase_floors":[],"current_hp_per_floor":[70,70,70,70,70,70,62,62,62,62,56,56,56,34,34,0],"gold":195,"neow_bonus":"ONE_RARE_RELIC","is_prod":false,"is_daily":false,"chose_seed":false,"campfire_upgraded":3,"win_rate":0,"timestamp":1560401806,"path_taken":["M","M","M","M","M","R","?","M","T","M","M","?","R","E","R","BOSS"],"build_version":"2019-01-23","purchased_purges":0,"victory":false,"max_hp_per_floor":[70,70,70,70,70,70,70,70,70,70,70,70,70,70,70,70],"card_choices":[{"not_picked":["Acrobatics","Concentrate"],"picked":"Backflip","floor":1},{"not_picked":["Choke","Underhanded Strike"],"picked":"Masterful Stab","floor":2},{"not_picked":["Terror","Deflect"],"picked":"Slice","floor":3},{"not_picked":["Distraction","Deadly Poison"],"picked":"Dash","floor":4},{"not_picked":["Quick Slash","Cloak And Dagger","Deadly Poison"],"picked":"SKIP","floor":5},{"not_picked":["Dagger Throw","Riddle With Holes"],"picked":"Flying Knee","floor":8},{"not_picked":["Deadly Poison","Outmaneuver"],"picked":"Wraith Form v2","floor":10},{"not_picked":["Dodge and Roll","Flechettes"],"picked":"PiercingWail","floor":11},{"not_picked":["Dodge and Roll","Deflect","Bouncing Flask"],"picked":"SKIP","floor":14}],"player_experience":356524,"relics_obtained":[{"floor":7,"key":"Odd Mushroom"},{"floor":9,"key":"Boot"},{"floor":14,"key":"Meat on the Bone"}],"event_choices":[{"damage_healed":0,"gold_gain":0,"player_choice":"Fought Mushrooms","damage_taken":0,"max_hp_gain":0,"max_hp_loss":0,"event_name":"Mushrooms","floor":7,"gold_loss":0},{"cards_removed":["Strike_G"],"damage_healed":0,"gold_gain":0,"player_choice":"Card Removal","damage_taken":0,"max_hp_gain":0,"max_hp_loss":0,"event_name":"The Cleric","floor":12,"gold_loss":50}],"is_beta":false,"boss_relics":[],"items_purged_floors":[],"is_endless":false,"potions_floor_spawned":[3,7,10,11,14],"killed_by":"The Guardian","ascension_level":0}