{"gold_per_floor":[119,43,43,56,75,107,107,122,122,197,217,87,87,98,98,177,177,189,22,41,59,73,73,91,91,91,91,91,110,35,35,35,35],"floor_reached":33,"playtime":1491,"items_purged":["Strike_B"],"score":448,"play_id":"5a65dbde-8aed-4ebf-b2c9-e93f11157964","local_time":"20190602164708","is_ascension_mode":true,"campfire_choices":[{"data":"Defragment","floor":7,"key":"SMITH"},{"floor":15,"key":"REST"},{"data":"Loop","floor":23,"key":"SMITH"},{"data":"Echo Form","floor":25,"key":"SMITH"},{"data":"Self Repair","floor":27,"key":"SMITH"},{"floor":32,"key":"REST"}],"neow_cost":"NONE","seed_source_timestamp":90589865502867,"circlet_count":0,"master_deck":["AscendersBane","Strike_B","Strike_B","Defend_B","Defend_B","Defend_B","Defend_B","Zap","Dualcast","Sweeping Beam","Defragment+1","Echo Form+1","Barrage","Coolheaded","Auto Shields","Cold Snap","Biased Cognition+1","Go for the Eyes+1","Self Repair+1","Loop+1","Defragment"],"relics":["Cracked Core","NeowsBlessing","Pantograph","Bird Faced Urn","Sozu","Oddly Smooth Stone","Regal Pillow"],"potions_floor_usage":[6,8,8,14,16],"damage_taken":[{"damage":0,"enemies":"2 Louse","floor":1,"turns":1},{"damage":0,"enemies":"Cultist","floor":4,"turns":1},{"damage":0,"enemies":"Small Slimes","floor":5,"turns":1},{"damage":25,"enemies":"Lagavulin","floor":6,"turns":9},{"damage":7,"enemies":"Blue Slaver","floor":8,"turns":5},{"damage":8,"enemies":"Red Slaver","floor":11,"turns":4},{"damage":0,"enemies":"2 Fungi Beasts","floor":14,"turns":3},{"damage":16,"enemies":"The Guardian","floor":16,"turns":16},{"damage":11,"enemies":"3 Byrds","floor":18,"turns":7},{"damage":15,"enemies":"Shell Parasite","floor":20,"turns":6},{"damage":19,"enemies":"Snake Plant","floor":21,"turns":7},{"damage":14,"enemies":"Sentry and Sphere","floor":22,"turns":9},{"damage":10,"enemies":"Centurion and Healer","floor":24,"turns":10},{"damage":62,"enemies":"3 Cultists","floor":29,"turns":8},{"damage":76,"enemies":"Collector","floor":33,"turns":6}],"seed_played":"-4027682670397744560","potions_obtained":[{"floor":3,"key":"Weak Potion"},{"floor":3,"key":"SkillPotion"},{"floor":6,"key":"Regen Potion"},{"floor":8,"key":"SpeedPotion"},{"floor":16,"key":"SteroidPotion"}],"is_trial":false,"path_per_floor":["M","$","?","M","M","E","R","M","T","?","M","$","?","M","R","B",null,"M","$","M","M","M","R","M","R","T","R","?","M","$","?","R","B"],"character_chosen":"DEFECT","items_purchased":["Defragment","Fire Potion","Auto Shields","Oddly Smooth Stone"],"campfire_rested":2,"item_purchase_floors":[2,12,12,19],"current_hp_per_floor":[64,64,64,64,64,39,39,46,46,35,29,29,29,31,52,57,68,59,59,52,59,69,69,71,71,71,71,71,43,43,43,71,0],"gold":35,"neow_bonus":"THREE_ENEMY_KILL","is_prod":false,"is_daily":false,"chose_seed":false,"campfire_upgraded":4,"win_rate":0,"timestamp":1559519228,"path_taken":["M","$","?","M","?","E","R","M","T","?","M","$","?","?","R","BOSS","M","$","M","M","M","R","M","R","T","R","?","?","$","?","R","BOSS"],"build_version":"2019-01-23","purchased_purges":1,"victory":false,"max_hp_per_floor":[71,71,71,71,71,71,71,71,71,71,71,71,71,71,71,71,71,71,71,71,71,71,71,71,71,71,71,71,71,71,71,71,71],"card_choices":[{"not_picked":["Static Discharge","Go for the Eyes"],"picked":"Sweeping Beam","floor":1},{"not_picked":["Hello World","Rebound","Heatsinks"],"picked":"SKIP","floor":4},{"not_picked":["Barrage","Turbo","Steam"],"picked":"SKIP","floor":5},{"not_picked":["Melter","Blizzard"],"picked":"Echo Form","floor":6},{"not_picked":["Stack","Fusion"],"picked":"Barrage","floor":8},{"not_picked":["Hologram","Blizzard"],"picked":"Coolheaded","floor":11},{"not_picked":["Go for the Eyes","Chill"],"picked":"Cold Snap","floor":14},{"not_picked":["Fission","Hyperbeam"],"picked":"Biased Cognition","floor":16},{"not_picked":["Steam","Sweeping Beam+1"],"picked":"Go for the Eyes+1","floor":18},{"not_picked":["Auto Shields","Leap"],"picked":"Self Repair","floor":20},{"not_picked":["Coolheaded","Chaos"],"picked":"Loop","floor":21},{"not_picked":["Beam Cell","Skim","Steam"],"picked":"SKIP","floor":22},{"not_picked":["Rebound","Turbo","Streamline"],"picked":"SKIP","floor":24},{"not_picked":["Barrage","Genetic Algorithm"],"picked":"Defragment","floor":29}],"player_experience":943889,"relics_obtained":[{"floor":6,"key":"Pantograph"},{"floor":9,"key":"Bird Faced Urn"},{"floor":26,"key":"Regal Pillow"}],"event_choices":[{"damage_healed":0,"gold_gain":0,"player_choice":"Got Potions","damage_taken":0,"max_hp_gain":0,"max_hp_loss":0,"event_name":"Lab","floor":3,"gold_loss":0},{"damage_healed":0,"gold_gain":75,"player_choice":"Gather Gold","damage_taken":11,"max_hp_gain":0,"max_hp_loss":0,"event_name":"World of Goop","floor":10,"gold_loss":0},{"cards_removed":["Strike_B"],"damage_healed":0,"gold_gain":0,"player_choice":"Offered Basic","damage_taken":0,"max_hp_gain":0,"max_hp_loss":0,"event_name":"Bonfire Elementals","floor":13,"gold_loss":0},{"damage_healed":0,"gold_gain":0,"player_choice":"Forge","damage_taken":0,"max_hp_gain":0,"max_hp_loss":0,"event_name":"Accursed Blacksmith","floor":28,"gold_loss":0,"cards_upgraded":["Biased Cognition"]},{"damage_healed":0,"gold_gain":0,"player_choice":"Ignored","damage_taken":0,"max_hp_gain":0,"max_hp_loss":0,"event_name":"Vampires","floor":31,"gold_loss":0}],"is_beta":false,"boss_relics":[{"not_picked":["Eternal Feather","Philosopher\u0027s Stone"],"picked":"Sozu"}],"items_purged_floors":[30],"is_endless":false,"potions_floor_spawned":[4,5,6,8,16,21,24],"killed_by":"Collector","ascension_level":16}