{"gold_per_floor":[116,129,54,54,129,156,166,166,191,202,202,213,213,62,62,62],"floor_reached":16,"playtime":1149,"items_purged":["Strike_G"],"score":160,"play_id":"cce69058-479a-48aa-a12c-6d60fc1b73dc","local_time":"20180817184841","is_ascension_mode":true,"campfire_choices":[{"data":"Bullet Time","floor":15,"key":"SMITH"}],"neow_cost":"","seed_source_timestamp":93715353935802,"circlet_count":0,"master_deck":["Defend_G","Defend_G","Defend_G","Defend_G","Strike_G","Strike_G","Strike_G","Strike_G","Survivor","Neutralize+1","AscendersBane","Deadly Poison","Skewer","Flying Knee","Parasite","Bullet Time+1"],"relics":["Ring of the Snake","Strawberry","Bag of Preparation"],"potions_floor_usage":[7,16,16],"damage_taken":[{"damage":3,"enemies":"Jaw Worm","floor":1,"turns":5},{"damage":1,"enemies":"2 Louse","floor":2,"turns":5},{"damage":39,"enemies":"3 Sentries","floor":6,"turns":12},{"damage":3,"enemies":"Small Slimes","floor":7,"turns":4},{"damage":5,"enemies":"Blue Slaver","floor":10,"turns":4},{"damage":7,"enemies":"3 Louse","floor":12,"turns":5},{"damage":53,"enemies":"Hexaghost","floor":16,"turns":13}],"seed_played":"7451527900925806242","potions_obtained":[{"floor":6,"key":"Energy Potion"},{"floor":7,"key":"Regen Potion"},{"floor":10,"key":"EntropicBrew"}],"is_trial":false,"path_per_floor":["M","M","$","?","?","E","M","?","T","M","?","M","?","$","R"],"character_chosen":"THE_SILENT","items_purchased":["Bullet Time"],"campfire_rested":0,"item_purchase_floors":[14],"current_hp_per_floor":[60,59,59,52,41,9,6,31,31,26,45,38,38,38,38,0],"gold":62,"neow_bonus":"","is_prod":false,"is_daily":false,"chose_seed":false,"campfire_upgraded":1,"win_rate":0,"timestamp":1534556921,"path_taken":["M","M","$","?","?","E","M","?","T","M","?","M","?","$","R","BOSS"],"build_version":"2018-08-16","purchased_purges":1,"victory":false,"max_hp_per_floor":[70,70,70,70,70,77,77,77,77,77,77,77,77,77,77,77],"card_choices":[{"not_picked":["Deflect","Backflip"],"picked":"Deadly Poison","floor":1},{"not_picked":["Blade Dance","Endless Agony"],"picked":"Skewer","floor":2},{"not_picked":["Expertise","Underhanded Strike"],"picked":"Flying Knee","floor":6},{"not_picked":["Prepared","Distraction","Flying Knee"],"picked":"SKIP","floor":7},{"not_picked":["Cloak And Dagger","Reflex","Dagger Throw"],"picked":"SKIP","floor":10},{"not_picked":["Prepared","PiercingWail","Expertise"],"picked":"SKIP","floor":12}],"player_experience":776910,"relics_obtained":[{"floor":6,"key":"Strawberry"},{"floor":9,"key":"Bag of Preparation"}],"event_choices":[{"event_name":"Golden Wing","player_choice":"Card Removal","floor":4,"damage_taken":0},{"event_name":"World of Goop","player_choice":"Gather Gold","floor":5,"damage_taken":0},{"event_name":"Big Fish","player_choice":"Banana","floor":8,"damage_taken":0},{"event_name":"Mushrooms","player_choice":"Healed and dodged fight","floor":11,"damage_taken":0},{"event_name":"Living Wall","player_choice":"Grow","floor":13,"damage_taken":0}],"is_beta":true,"boss_relics":[],"items_purged_floors":[3],"is_endless":false,"potions_floor_spawned":[6,7,10],"killed_by":"Hexaghost","ascension_level":12}