{"gold_per_floor":[109,68,68,68,87,118,118,143,225,146,146,162,176,205,205,279,279,299,299,71,86,86],"floor_reached":22,"playtime":614,"items_purged":["Writhe"],"score":499,"play_id":"e8ccb85b-15c3-4f06-a0be-9a1133ecd1ff","local_time":"20190331210121","is_ascension_mode":true,"campfire_choices":[{"data":"Defragment","floor":7,"key":"SMITH"},{"data":"Zap","floor":11,"key":"SMITH"},{"data":"Conserve Battery","floor":15,"key":"SMITH"}],"neow_cost":"NONE","seed_source_timestamp":962486476921335,"circlet_count":0,"master_deck":["AscendersBane","Strike_B","Strike_B","Defend_B","Defend_B","Defend_B","Zap+1","Dualcast","Ball Lightning","Defragment+1","Sweeping Beam","Rainbow","Conserve Battery+1","Self Repair","Coolheaded","Capacitor","Buffer","Biased Cognition","Go for the Eyes+1","Multi-Cast+1","Sweeping Beam+1","Defragment","Creative AI","Consume"],"relics":["Cracked Core","NeowsBlessing","NlothsMask","Boot","Gremlin Horn","WingedGreaves","Astrolabe","Incense Burner"],"potions_floor_usage":[8,16,16],"damage_taken":[{"damage":0,"enemies":"2 Louse","floor":1,"turns":1},{"damage":0,"enemies":"Cultist","floor":5,"turns":1},{"damage":0,"enemies":"Lagavulin","floor":6,"turns":1},{"damage":16,"enemies":"3 Sentries","floor":8,"turns":6},{"damage":3,"enemies":"Small Slimes","floor":12,"turns":4},{"damage":9,"enemies":"Looter","floor":13,"turns":3},{"damage":16,"enemies":"Lagavulin","floor":14,"turns":5},{"damage":0,"enemies":"Hexaghost","floor":16,"turns":9},{"damage":3,"enemies":"Chosen","floor":18,"turns":4},{"damage":11,"enemies":"Spheric Guardian","floor":21,"turns":4},{"damage":57,"enemies":"Cultist and Chosen","floor":22,"turns":5}],"seed_played":"-174786490101214166","potions_obtained":[{"floor":1,"key":"Dexterity Potion"},{"floor":6,"key":"SteroidPotion"},{"floor":13,"key":"EssenceOfSteel"},{"floor":18,"key":"Ancient Potion"}],"is_trial":false,"path_per_floor":["M","$","?","$","M","E","R","E","T","$","R","M","M","E","R","B",null,"M","?","$","M","M"],"character_chosen":"DEFECT","items_purchased":["Defragment","Self Repair","Creative AI"],"campfire_rested":0,"item_purchase_floors":[2,10,20],"current_hp_per_floor":[64,64,64,64,64,64,64,48,48,48,48,45,43,34,34,41,64,61,61,61,50,0],"gold":86,"neow_bonus":"THREE_ENEMY_KILL","is_prod":false,"is_daily":false,"chose_seed":false,"campfire_upgraded":3,"win_rate":0,"timestamp":1554080481,"path_taken":["M","$","?","$","?","E","R","E","T","$","R","?","M","E","R","BOSS","M","?","$","M","M"],"build_version":"2019-01-23","purchased_purges":1,"victory":false,"max_hp_per_floor":[71,71,71,71,71,71,71,71,71,71,71,71,71,71,71,71,71,71,71,71,71,71],"card_choices":[{"not_picked":["Coolheaded","Beam Cell"],"picked":"Ball Lightning","floor":1},{"not_picked":["Leap","Stack"],"picked":"Sweeping Beam","floor":5},{"not_picked":["Hologram","Storm"],"picked":"Rainbow","floor":6},{"not_picked":["Fusion","Loop"],"picked":"Conserve Battery","floor":8},{"not_picked":["Stack","Force Field"],"picked":"Coolheaded","floor":12},{"not_picked":["Streamline","Fusion"],"picked":"Capacitor","floor":13},{"not_picked":["Stack","Streamline"],"picked":"Buffer","floor":14},{"not_picked":["Reboot","Rainbow"],"picked":"Biased Cognition","floor":16},{"not_picked":["Self Repair","Ball Lightning"],"picked":"Defragment","floor":18},{"not_picked":["Steam Power","Cold Snap"],"picked":"Consume","floor":21}],"player_experience":489343,"relics_obtained":[{"floor":6,"key":"Boot"},{"floor":8,"key":"Gremlin Horn"},{"floor":14,"key":"WingedGreaves"}],"event_choices":[{"damage_healed":0,"gold_gain":0,"player_choice":"Trade","damage_taken":0,"relics_obtained":["NlothsMask"],"max_hp_gain":0,"max_hp_loss":0,"event_name":"FaceTrader","floor":3,"gold_loss":0},{"damage_healed":0,"gold_gain":0,"player_choice":"Opened","damage_taken":0,"relics_obtained":["Incense Burner"],"max_hp_gain":0,"max_hp_loss":0,"event_name":"The Mausoleum","floor":19,"gold_loss":0,"cards_obtained":["Writhe"]}],"is_beta":false,"boss_relics":[{"not_picked":["Eternal Feather","Tiny House"],"picked":"Astrolabe"}],"items_purged_floors":[20],"is_endless":false,"potions_floor_spawned":[1,6,13,18],"killed_by":"Cultist and Chosen","ascension_level":16}