{"gold_per_floor":[111,111,122,122,137,137,37,67,67,11,24,24,54,74,74,74],"floor_reached":16,"playtime":482,"items_purged":["Regret"],"score":193,"play_id":"89a166ec-e760-40e5-8bcf-ded758d4ba21","local_time":"20190503192809","is_ascension_mode":true,"campfire_choices":[{"data":"Genetic Algorithm","floor":6,"key":"SMITH"},{"floor":12,"key":"REST"},{"floor":15,"key":"REST"}],"neow_cost":"NONE","seed_source_timestamp":602436607989108,"circlet_count":0,"master_deck":["AscendersBane","Strike_B","Strike_B","Strike_B","Defend_B","Defend_B","Defend_B","Defend_B","Zap","Dualcast","Genetic Algorithm+1","Compile Driver+1","Undo","Streamline+1","Stack","Doom and Gloom+1","Streamline+1","Conserve Battery","Self Repair"],"relics":["Cracked Core","NeowsBlessing","Molten Egg 2","Omamori","Blood Vial","Shuriken","Gambling Chip"],"potions_floor_usage":[8,16],"damage_taken":[{"damage":0,"enemies":"Small Slimes","floor":1,"turns":1},{"damage":0,"enemies":"Cultist","floor":3,"turns":1},{"damage":0,"enemies":"2 Louse","floor":5,"turns":1},{"damage":50,"enemies":"Lagavulin","floor":8,"turns":6},{"damage":8,"enemies":"Red Slaver","floor":11,"turns":4},{"damage":14,"enemies":"3 Sentries","floor":13,"turns":6},{"damage":3,"enemies":"3 Louse","floor":14,"turns":5},{"damage":40,"enemies":"Hexaghost","floor":16,"turns":10}],"seed_played":"3971476601281235816","potions_obtained":[{"floor":1,"key":"PowerPotion"},{"floor":5,"key":"Fire Potion"},{"floor":13,"key":"FearPotion"},{"floor":14,"key":"Energy Potion"}],"is_trial":false,"path_per_floor":["M","?","M","?","M","R","$","E","T","?","M","R","E","M","R","B"],"character_chosen":"DEFECT","items_purchased":["Stack"],"campfire_rested":2,"item_purchase_floors":[7],"current_hp_per_floor":[64,64,64,64,64,64,64,14,14,14,8,29,17,16,37,0],"gold":74,"neow_bonus":"THREE_ENEMY_KILL","is_prod":false,"is_daily":false,"chose_seed":false,"campfire_upgraded":1,"win_rate":0,"timestamp":1556936889,"path_taken":["M","?","M","?","?","R","$","E","T","?","M","R","E","M","R","BOSS"],"build_version":"2019-01-23","purchased_purges":1,"victory":false,"max_hp_per_floor":[71,71,71,71,71,71,71,71,71,71,71,71,71,71,71,71],"card_choices":[{"not_picked":["Barrage","Storm"],"picked":"Genetic Algorithm","floor":1},{"not_picked":["Loop","Auto Shields"],"picked":"Compile Driver+1","floor":3},{"not_picked":["Rebound+1","Turbo"],"picked":"Streamline+1","floor":5},{"not_picked":["Compile Driver+1","Ball Lightning+1"],"picked":"Doom and Gloom+1","floor":8},{"not_picked":["Cold Snap+1","Tempest"],"picked":"Streamline+1","floor":11},{"not_picked":["Doom and Gloom+1","Ball Lightning+1"],"picked":"Conserve Battery","floor":13},{"not_picked":["Hologram","Biased Cognition"],"picked":"Self Repair","floor":14}],"player_experience":902426,"relics_obtained":[{"floor":8,"key":"Omamori"},{"floor":9,"key":"Blood Vial"},{"floor":13,"key":"Gambling Chip"}],"event_choices":[{"damage_healed":0,"gold_gain":0,"player_choice":"Box","damage_taken":0,"relics_obtained":["Molten Egg 2"],"max_hp_gain":0,"max_hp_loss":0,"event_name":"Big Fish","floor":2,"gold_loss":0,"cards_obtained":["Regret"]},{"damage_healed":0,"gold_gain":0,"cards_transformed":["Strike_B"],"player_choice":"Transformed","damage_taken":0,"max_hp_gain":0,"max_hp_loss":0,"event_name":"Transmorgrifier","floor":4,"gold_loss":0,"cards_obtained":["Undo"]},{"damage_healed":0,"gold_gain":0,"player_choice":"Paid Gold","damage_taken":0,"relics_obtained":["Shuriken"],"max_hp_gain":0,"max_hp_loss":0,"event_name":"WeMeetAgain","floor":10,"gold_loss":56}],"is_beta":false,"boss_relics":[],"items_purged_floors":[7],"is_endless":false,"potions_floor_spawned":[1,5,13,14],"killed_by":"Hexaghost","ascension_level":15}