{"gold_per_floor":[117,117,129,87,102,102,112,112,138,148,148,212,225,240,240,240],"floor_reached":16,"playtime":593,"items_purged":[],"score":300,"play_id":"d7879457-ece7-472a-b18a-8f86663ef903","local_time":"20190627225358","is_ascension_mode":true,"campfire_choices":[{"data":"Fiend Fire","floor":6,"key":"SMITH"},{"data":"Armaments","floor":8,"key":"SMITH"},{"floor":15,"key":"REST"}],"neow_cost":"NONE","seed_source_timestamp":1295972690847454,"circlet_count":0,"master_deck":["AscendersBane","Strike_R","Strike_R","Strike_R","Strike_R","Strike_R","Defend_R","Defend_R","Defend_R","Defend_R","Bash","Fiend Fire+1","Flex","Corruption","Sentinel","Armaments+1","Inflame","Sever Soul","Shockwave","Whirlwind"],"relics":["Burning Blood","Red Skull","Tiny Chest"],"potions_floor_usage":[7,12,13,13,16],"damage_taken":[{"damage":12,"enemies":"Jaw Worm","floor":1,"turns":2},{"damage":1,"enemies":"Cultist","floor":3,"turns":3},{"damage":3,"enemies":"2 Louse","floor":5,"turns":1},{"damage":22,"enemies":"Lots of Slimes","floor":7,"turns":6},{"damage":7,"enemies":"Looter","floor":10,"turns":3},{"damage":22,"enemies":"Lagavulin","floor":12,"turns":6},{"damage":3,"enemies":"Large Slime","floor":13,"turns":4},{"damage":42,"enemies":"Gremlin Gang","floor":14,"turns":5}],"seed_played":"7039958672361054600","potions_obtained":[{"floor":1,"key":"SkillPotion"},{"floor":7,"key":"Fire Potion"},{"floor":10,"key":"AttackPotion"},{"floor":12,"key":"FearPotion"},{"floor":14,"key":"Poison Potion"}],"is_trial":false,"path_per_floor":["M","?","M","$","M","R","M","R","T","M","?","E","M","M","R","B"],"character_chosen":"IRONCLAD","items_purchased":["Corruption"],"campfire_rested":1,"item_purchase_floors":[4],"current_hp_per_floor":[62,58,63,63,66,66,50,50,50,49,75,59,62,26,48,0],"gold":240,"neow_bonus":"ONE_RANDOM_RARE_CARD","is_prod":false,"is_daily":false,"chose_seed":false,"campfire_upgraded":2,"win_rate":0,"timestamp":1561701238,"path_taken":["M","?","M","$","M","R","M","R","T","?","?","E","M","M","R","BOSS"],"build_version":"2019-01-23","purchased_purges":0,"victory":false,"max_hp_per_floor":[75,75,75,75,75,75,75,75,75,75,75,75,75,75,75,75],"card_choices":[{"not_picked":["Fire Breathing","Cleave"],"picked":"Flex","floor":1},{"not_picked":["Burning Pact","Perfected Strike"],"picked":"Hemokinesis","floor":3},{"not_picked":["Perfected Strike","Anger"],"picked":"Sentinel","floor":5},{"not_picked":["Flex","Clash"],"picked":"Armaments","floor":7},{"not_picked":["Anger","Heavy Blade"],"picked":"Inflame","floor":10},{"not_picked":["Body Slam","Armaments"],"picked":"Sever Soul","floor":12},{"not_picked":["Warcry","Twin Strike"],"picked":"Shockwave","floor":13},{"not_picked":["True Grit","Iron Wave"],"picked":"Whirlwind","floor":14}],"player_experience":1094514,"relics_obtained":[{"floor":9,"key":"Red Skull"},{"floor":12,"key":"Tiny Chest"}],"event_choices":[{"damage_healed":0,"gold_gain":0,"player_choice":"Bought 0 Potions","damage_taken":0,"max_hp_gain":0,"max_hp_loss":0,"event_name":"The Woman in Blue","floor":2,"gold_loss":0},{"cards_removed":["Hemokinesis"],"damage_healed":26,"gold_gain":0,"player_choice":"Offered Uncommon","damage_taken":0,"max_hp_gain":0,"max_hp_loss":0,"event_name":"Bonfire Elementals","floor":11,"gold_loss":0}],"is_beta":false,"boss_relics":[],"items_purged_floors":[],"is_endless":false,"potions_floor_spawned":[1,7,10,12,14],"killed_by":"The Guardian","ascension_level":19}