{"gold_per_floor":[112,112,15,31,49,65,100,120,120,120,100,100,128,148,148,227,227,240,21,31,31,31,31,44,44,70,70,88,101,26,26,26,104,104,124,124,124,137,137],"floor_reached":39,"playtime":1380,"items_purged":["Strike_G"],"score":762,"play_id":"466c2374-1ef5-4deb-be07-b38c616fe168","local_time":"20190529102534","is_ascension_mode":true,"campfire_choices":[{"floor":10,"key":"REST"},{"data":"Bouncing Flask","floor":12,"key":"SMITH"},{"floor":15,"key":"REST"},{"floor":23,"key":"REST"},{"data":"Burst","floor":25,"key":"SMITH"},{"data":"Panacea","floor":27,"key":"SMITH"},{"floor":32,"key":"REST"}],"neow_cost":"TEN_PERCENT_HP_LOSS","seed_source_timestamp":1011555243084446,"circlet_count":0,"master_deck":["AscendersBane","Defend_G","Defend_G","Defend_G","Defend_G","Strike_G","Strike_G","Survivor","Neutralize","Corpse Explosion","PiercingWail","Glass Knife","Panacea+1","Dagger Spray","Predator","Bouncing Flask+1","Backstab","Dodge and Roll","Noxious Fumes","Backflip","Burst+1","Flechettes+1","Leg Sweep","Wraith Form v2","Glass Knife+1","Adrenaline+1","Dash+1","Decay"],"relics":["Ring of the Snake","Centennial Puzzle","Snake Skull","Omamori","Cursed Key","MealTicket","PreservedInsect","Astrolabe"],"potions_floor_usage":[16,20,20,24,33,38],"damage_taken":[{"damage":0,"enemies":"2 Louse","floor":1,"turns":2},{"damage":1,"enemies":"Cultist","floor":4,"turns":5},{"damage":12,"enemies":"Jaw Worm","floor":5,"turns":4},{"damage":0,"enemies":"Looter","floor":6,"turns":3},{"damage":32,"enemies":"Gremlin Nob","floor":7,"turns":4},{"damage":0,"enemies":"3 Louse","floor":8,"turns":2},{"damage":19,"enemies":"Lagavulin","floor":13,"turns":7},{"damage":0,"enemies":"Gremlin Gang","floor":14,"turns":2},{"damage":8,"enemies":"The Guardian","floor":16,"turns":10},{"damage":25,"enemies":"3 Byrds","floor":18,"turns":3},{"damage":5,"enemies":"2 Thieves","floor":20,"turns":3},{"damage":4,"enemies":"Chosen and Byrds","floor":24,"turns":5},{"damage":22,"enemies":"Sentry and Sphere","floor":28,"turns":6},{"damage":2,"enemies":"Cultist and Chosen","floor":29,"turns":4},{"damage":35,"enemies":"Champ","floor":33,"turns":11},{"damage":25,"enemies":"Orb Walker","floor":35,"turns":5},{"damage":30,"enemies":"3 Darklings","floor":38,"turns":3},{"damage":1,"enemies":"Transient","floor":39,"turns":1}],"seed_played":"-7643047269107446667","potions_obtained":[{"floor":1,"key":"Dexterity Potion"},{"floor":4,"key":"Dexterity Potion"},{"floor":7,"key":"PowerPotion"},{"floor":16,"key":"Dexterity Potion"},{"floor":21,"key":"GhostInAJar"},{"floor":21,"key":"SmokeBomb"},{"floor":24,"key":"Fruit Juice"},{"floor":28,"key":"Weak Potion"}],"is_trial":false,"path_per_floor":["M","?","$","M","M","M","E","M","T","R","?","R","E","M","R","B",null,"M","$","M","?","$","R","M","R","T","R","M","M","$","?","R","B",null,"M","?","?","M","M"],"character_chosen":"THE_SILENT","items_purchased":["Panacea","MealTicket"],"campfire_rested":4,"item_purchase_floors":[3,19],"current_hp_per_floor":[59,59,59,58,46,46,14,14,14,32,32,32,13,13,31,23,51,26,26,21,21,36,54,55,55,55,55,33,31,46,46,65,30,56,31,31,31,1,0],"gold":137,"neow_bonus":"THREE_RARE_CARDS","is_prod":false,"is_daily":false,"chose_seed":false,"campfire_upgraded":3,"win_rate":0,"timestamp":1559139934,"path_taken":["M","?","$","M","M","?","E","M","T","R","?","R","E","M","R","BOSS","M","$","M","?","$","R","M","R","T","R","M","?","$","?","R","BOSS","M","?","?","?","?"],"build_version":"2019-01-23","purchased_purges":1,"victory":false,"max_hp_per_floor":[60,60,60,60,60,60,60,60,60,60,60,60,60,60,60,60,60,60,60,60,60,60,60,65,65,65,65,65,65,65,65,65,65,65,65,65,65,65,65],"card_choices":[{"not_picked":["Malaise","Burst"],"picked":"Corpse Explosion","floor":0},{"not_picked":["Accuracy","Acrobatics"],"picked":"PiercingWail","floor":1},{"not_picked":["Heel Hook","Reflex"],"picked":"Dagger Spray","floor":4},{"not_picked":["Outmaneuver","Setup"],"picked":"Predator","floor":5},{"not_picked":["Prepared","Bane"],"picked":"Bouncing Flask","floor":6},{"not_picked":["Dagger Throw","Backflip"],"picked":"Backstab","floor":7},{"not_picked":["Bane","Noxious Fumes"],"picked":"Dodge and Roll","floor":8},{"not_picked":["Outmaneuver","Dodge and Roll"],"picked":"Noxious Fumes","floor":13},{"not_picked":["Slice","Storm of Steel"],"picked":"Backflip","floor":14},{"not_picked":["A Thousand Cuts","Corpse Explosion"],"picked":"Burst","floor":16},{"not_picked":["Backflip","PiercingWail","Tactician+1"],"picked":"SKIP","floor":18},{"not_picked":["Outmaneuver","Prepared","Bane"],"picked":"SKIP","floor":20},{"not_picked":["Acrobatics","All Out Attack","Sucker Punch"],"picked":"SKIP","floor":24},{"not_picked":["Cloak And Dagger","Acrobatics"],"picked":"Flechettes+1","floor":28},{"not_picked":["Blur","Outmaneuver"],"picked":"Leg Sweep","floor":29},{"not_picked":["Tools of the Trade","A Thousand Cuts"],"picked":"Wraith Form v2","floor":33},{"not_picked":["Outmaneuver","Acrobatics","Blade Dance"],"picked":"SKIP","floor":35},{"not_picked":["PiercingWail","Distraction+1","Deadly Poison+1"],"picked":"SKIP","floor":38}],"player_experience":787510,"relics_obtained":[{"floor":7,"key":"Centennial Puzzle"},{"floor":9,"key":"Snake Skull"},{"floor":13,"key":"Omamori"},{"floor":26,"key":"PreservedInsect"}],"event_choices":[{"damage_healed":0,"gold_gain":0,"player_choice":"1 cards matched","damage_taken":0,"max_hp_gain":0,"max_hp_loss":0,"event_name":"Match and Keep!","floor":2,"gold_loss":0,"cards_obtained":["Glass Knife"]},{"damage_healed":0,"gold_gain":0,"player_choice":"Bought 1 Potion","damage_taken":0,"max_hp_gain":0,"max_hp_loss":0,"event_name":"The Woman in Blue","floor":11,"gold_loss":0},{"damage_healed":0,"gold_gain":0,"player_choice":"Got Potions","damage_taken":0,"max_hp_gain":0,"max_hp_loss":0,"event_name":"Lab","floor":21,"gold_loss":0},{"damage_healed":0,"gold_gain":0,"player_choice":"Smashed Altar","damage_taken":0,"max_hp_gain":0,"max_hp_loss":0,"event_name":"Forgotten Altar","floor":31,"gold_loss":0,"cards_obtained":["Decay"]},{"damage_healed":0,"gold_gain":0,"player_choice":"Memory 1","damage_taken":0,"max_hp_gain":0,"max_hp_loss":0,"event_name":"SensoryStone","floor":36,"gold_loss":0},{"damage_healed":0,"gold_gain":0,"player_choice":"Cursed","damage_taken":0,"max_hp_gain":0,"max_hp_loss":0,"event_name":"Wheel of Change","floor":37,"gold_loss":0,"cards_obtained":["Decay"]}],"is_beta":false,"boss_relics":[{"not_picked":["Calling Bell","Pandora\u0027s Box"],"picked":"Cursed Key"},{"not_picked":["White Beast Statue","Black Star"],"picked":"Astrolabe"}],"items_purged_floors":[30],"is_endless":false,"potions_floor_spawned":[1,4,7,16,24,28],"killed_by":"Transient","ascension_level":19}