{"gold_per_floor":[145,160,160,4,4,30,47,47,74,99,111,135,147,169,181,193],"floor_reached":16,"playtime":614,"items_purged":["Strike_R"],"score":182,"play_id":"33d75809-ae61-4532-9246-4b79e7f24e0a","local_time":"20190315193017","is_ascension_mode":true,"campfire_choices":[{"data":"Panacea","floor":8,"key":"SMITH"},{"data":"Offering","floor":13,"key":"SMITH"},{"floor":15,"key":"REST"}],"neow_cost":"NONE","seed_source_timestamp":2416521970765946,"circlet_count":0,"master_deck":["AscendersBane","Strike_R","Strike_R","Strike_R","Strike_R","Defend_R","Defend_R","Defend_R","Defend_R","Bash+1","Whirlwind+1","Iron Wave+1","Panacea+1","Offering+1","Dropkick","Ghostly Armor"],"relics":["Burning Blood","Tiny Chest","Whetstone","Oddly Smooth Stone","MawBank"],"potions_floor_usage":[6,12,16,16,16],"damage_taken":[{"damage":11,"enemies":"Jaw Worm","floor":1,"turns":4},{"damage":12,"enemies":"Small Slimes","floor":2,"turns":3},{"damage":22,"enemies":"3 Sentries","floor":6,"turns":6},{"damage":0,"enemies":"2 Louse","floor":7,"turns":2},{"damage":26,"enemies":"Lagavulin","floor":10,"turns":6},{"damage":6,"enemies":"Looter","floor":12,"turns":2},{"damage":15,"enemies":"Gremlin Gang","floor":14,"turns":3},{"damage":48,"enemies":"The Guardian","floor":16,"turns":15}],"seed_played":"-3323216731097701585","potions_obtained":[{"floor":2,"key":"SkillPotion"},{"floor":6,"key":"Swift Potion"},{"floor":7,"key":"EntropicBrew"},{"floor":12,"key":"LiquidBronze"}],"is_trial":false,"path_per_floor":["M","M","?","$","?","E","M","R","T","E","?","M","R","M","R","B"],"character_chosen":"IRONCLAD","items_purchased":["Panacea"],"campfire_rested":1,"item_purchase_floors":[4],"current_hp_per_floor":[67,61,61,61,61,45,51,51,51,31,31,31,31,22,46,0],"gold":193,"neow_bonus":"RANDOM_COMMON_RELIC","is_prod":false,"is_daily":false,"chose_seed":false,"campfire_upgraded":2,"win_rate":0,"timestamp":1552692617,"path_taken":["M","M","?","$","?","E","M","R","T","E","?","M","R","M","R","BOSS"],"build_version":"2019-01-23","purchased_purges":1,"victory":false,"max_hp_per_floor":[80,80,80,80,80,80,80,80,80,80,80,80,80,80,80,80],"card_choices":[{"not_picked":["Twin Strike","Cleave"],"picked":"Whirlwind","floor":1},{"not_picked":["Hemokinesis","Whirlwind"],"picked":"Iron Wave","floor":2},{"not_picked":["Blood for Blood","Shockwave"],"picked":"Offering","floor":6},{"not_picked":["Headbutt","Cleave"],"picked":"Dropkick","floor":7},{"not_picked":["Brutality","Headbutt"],"picked":"Ghostly Armor","floor":10},{"not_picked":["Twin Strike","Anger","Fire Breathing"],"picked":"SKIP","floor":12},{"not_picked":["Corruption","Twin Strike","Intimidate"],"picked":"SKIP","floor":14}],"player_experience":394594,"relics_obtained":[{"floor":6,"key":"Whetstone"},{"floor":9,"key":"Oddly Smooth Stone"},{"floor":10,"key":"MawBank"}],"event_choices":[{"damage_healed":0,"gold_gain":0,"player_choice":"Grow","damage_taken":0,"max_hp_gain":0,"max_hp_loss":0,"event_name":"Living Wall","floor":3,"gold_loss":0,"cards_upgraded":["Whirlwind"]},{"damage_healed":0,"gold_gain":0,"player_choice":"Leave","damage_taken":0,"max_hp_gain":0,"max_hp_loss":0,"event_name":"The Cleric","floor":5,"gold_loss":0},{"damage_healed":0,"gold_gain":0,"player_choice":"Ignored","damage_taken":0,"max_hp_gain":0,"max_hp_loss":0,"event_name":"Liars Game","floor":11,"gold_loss":0}],"is_beta":false,"boss_relics":[],"items_purged_floors":[4],"is_endless":false,"potions_floor_spawned":[2,6,7,12],"killed_by":"The Guardian","ascension_level":13}