{"gold_per_floor":[117,117,117,128,148,182,25,35,59,75,101,101,112,128,128,227,227,241,11,11,23,33,33],"floor_reached":23,"playtime":3877,"items_purged":["Corruption"],"score":297,"play_id":"468fa1bc-64bb-412b-9b56-620c752ccdda","local_time":"20190702113627","is_ascension_mode":true,"campfire_choices":[{"floor":12,"key":"REST"},{"floor":15,"key":"REST"}],"neow_cost":"NONE","seed_source_timestamp":235459741408100,"circlet_count":0,"master_deck":["Bash","Ghostly Armor","Second Wind","Iron Wave","Power Through","Corruption","Juggernaut","Feel No Pain","Iron Wave","Iron Wave","Dark Embrace","Battle Trance","Wild Strike","Juggernaut","Body Slam","Fiend Fire","Corruption","Clothesline","Flex","Warcry+1","Intimidate","Evolve+1"],"relics":["Burning Blood","Anchor","Art of War","Boot","Vajra","Centennial Puzzle","Pandora\u0027s Box","Membership Card","Molten Egg 2"],"potions_floor_usage":[8,11,11,11,16,16,22,23,23],"damage_taken":[{"damage":3,"enemies":"Small Slimes","floor":1,"turns":3},{"damage":1,"enemies":"Jaw Worm","floor":4,"turns":4},{"damage":11,"enemies":"Cultist","floor":5,"turns":4},{"damage":45,"enemies":"3 Sentries","floor":6,"turns":11},{"damage":0,"enemies":"Looter","floor":8,"turns":4},{"damage":5,"enemies":"3 Louse","floor":10,"turns":5},{"damage":31,"enemies":"Gremlin Nob","floor":11,"turns":6},{"damage":10,"enemies":"Exordium Thugs","floor":13,"turns":5},{"damage":6,"enemies":"2 Fungi Beasts","floor":14,"turns":3},{"damage":68,"enemies":"Slime Boss","floor":16,"turns":14},{"damage":17,"enemies":"3 Byrds","floor":18,"turns":3},{"damage":8,"enemies":"Spheric Guardian","floor":21,"turns":3},{"damage":17,"enemies":"Cultist and Chosen","floor":22,"turns":5},{"damage":40,"enemies":"Gremlin Leader","floor":23,"turns":3}],"seed_played":"5330739621420313839","potions_obtained":[{"floor":1,"key":"Swift Potion"},{"floor":3,"key":"Weak Potion"},{"floor":3,"key":"Strength Potion"},{"floor":6,"key":"Dexterity Potion"},{"floor":10,"key":"Ancient Potion"},{"floor":13,"key":"GamblersBrew"},{"floor":14,"key":"Regen Potion"},{"floor":16,"key":"Strength Potion"},{"floor":21,"key":"AttackPotion"},{"floor":22,"key":"Block Potion"}],"is_trial":false,"path_per_floor":["M","?","?","M","M","E","$","M","T","M","E","R","M","M","R","B",null,"M","$","?","M","M","E"],"character_chosen":"IRONCLAD","items_purchased":["Boot","Membership Card"],"campfire_rested":2,"item_purchase_floors":[7,19],"current_hp_per_floor":[75,75,75,80,75,36,36,42,42,43,18,42,38,38,62,15,64,53,53,53,51,40,0],"gold":33,"neow_bonus":"RANDOM_COMMON_RELIC","is_prod":false,"is_daily":false,"chose_seed":false,"campfire_upgraded":0,"win_rate":0,"timestamp":1562063787,"path_taken":["M","?","?","?","M","E","$","M","T","M","E","R","M","M","R","BOSS","M","$","?","M","M","E"],"build_version":"2019-07-01","purchased_purges":1,"victory":false,"max_hp_per_floor":[80,80,80,80,80,80,80,80,80,80,80,80,80,80,80,80,80,80,80,80,80,80,80],"card_choices":[{"not_picked":["Shockwave","Perfected Strike"],"picked":"Ghostly Armor","floor":1},{"not_picked":["Whirlwind","Wild Strike"],"picked":"Second Wind","floor":4},{"not_picked":["Sword Boomerang","Anger"],"picked":"Iron Wave","floor":5},{"not_picked":["Armaments","Shockwave"],"picked":"Power Through","floor":6},{"not_picked":["Wild Strike","Infernal Blade"],"picked":"Corruption","floor":8},{"not_picked":["Battle Trance","Havoc"],"picked":"Juggernaut","floor":10},{"not_picked":["Bloodletting","Havoc"],"picked":"Feel No Pain","floor":11},{"not_picked":["Bloodletting","Havoc"],"picked":"Iron Wave","floor":13},{"not_picked":["Clothesline","Blood for Blood"],"picked":"Iron Wave","floor":14},{"not_picked":["Fiend Fire","Double Tap"],"picked":"Dark Embrace","floor":16},{"not_picked":["Seeing Red","Flex"],"picked":"Warcry+1","floor":18},{"not_picked":["Headbutt+1","True Grit"],"picked":"Intimidate","floor":21},{"not_picked":["Warcry","Heavy Blade+1"],"picked":"Evolve+1","floor":22}],"player_experience":920769,"relics_obtained":[{"floor":6,"key":"Art of War"},{"floor":9,"key":"Vajra"},{"floor":11,"key":"Centennial Puzzle"}],"event_choices":[{"damage_healed":0,"gold_gain":0,"player_choice":"Leave","damage_taken":0,"max_hp_gain":0,"max_hp_loss":0,"event_name":"The Cleric","floor":2,"gold_loss":0},{"damage_healed":0,"gold_gain":0,"player_choice":"Got Potions","damage_taken":0,"max_hp_gain":0,"max_hp_loss":0,"event_name":"Lab","floor":3,"gold_loss":0},{"damage_healed":0,"gold_gain":0,"player_choice":"Opened","damage_taken":0,"relics_obtained":["Molten Egg 2"],"max_hp_gain":0,"max_hp_loss":0,"event_name":"The Mausoleum","floor":20,"gold_loss":0}],"is_beta":false,"boss_relics":[{"not_picked":["Runic Pyramid","Eternal Feather"],"picked":"Pandora\u0027s Box"}],"items_purged_floors":[19],"is_endless":false,"potions_floor_spawned":[1,6,10,13,14,16,21,22],"killed_by":"Gremlin Leader","ascension_level":9}