{"gold_per_floor":[112,123,136,136,156,156,167,202,226,257,274,274,151,163,163,259,259,278,292,207,74,93,123,123,139,139,194,212,257,270,293,293,293],"floor_reached":33,"playtime":2109,"items_purged":["Strike_R","Strike_R"],"score":361,"play_id":"d8a154b3-d662-46df-8703-5b126c61e654","local_time":"20190629082336","is_ascension_mode":true,"campfire_choices":[{"data":"Anger","floor":6,"key":"SMITH"},{"floor":12,"key":"REST"},{"data":"Body Slam","floor":15,"key":"SMITH"},{"floor":24,"key":"REST"},{"floor":32,"key":"REST"}],"neow_cost":"NONE","seed_source_timestamp":543490583030995,"circlet_count":0,"master_deck":["Strike_R+1","Strike_R","Defend_R","Defend_R","Defend_R","Defend_R","Bash+1","Anger+1","Battle Trance","Cleave","True Grit","Flame Barrier","Shrug It Off","Body Slam+1","Clothesline","Offering","Armaments+1","Sentinel+1","Burning Pact","Rage+1","Power Through+1","Power Through","Shrug It Off"],"relics":["Burning Blood","NeowsBlessing","Peace Pipe","Regal Pillow","Pen Nib","Philosopher\u0027s Stone","Anchor","Sundial","Self Forming Clay","Tiny Chest","War Paint","Whetstone"],"potions_floor_usage":[5,10,11,16,23,25,33,33],"damage_taken":[{"damage":0,"enemies":"Cultist","floor":1,"turns":1},{"damage":0,"enemies":"Jaw Worm","floor":2,"turns":1},{"damage":0,"enemies":"2 Louse","floor":3,"turns":1},{"damage":0,"enemies":"Lots of Slimes","floor":5,"turns":2},{"damage":4,"enemies":"Red Slaver","floor":7,"turns":5},{"damage":34,"enemies":"Gremlin Nob","floor":8,"turns":4},{"damage":40,"enemies":"Lagavulin","floor":10,"turns":8},{"damage":2,"enemies":"Exordium Wildlife","floor":11,"turns":5},{"damage":1,"enemies":"Looter","floor":14,"turns":2},{"damage":54,"enemies":"The Guardian","floor":16,"turns":16},{"damage":14,"enemies":"2 Thieves","floor":18,"turns":4},{"damage":11,"enemies":"Chosen","floor":19,"turns":5},{"damage":6,"enemies":"Centurion and Healer","floor":22,"turns":5},{"damage":40,"enemies":"Slavers","floor":23,"turns":6},{"damage":25,"enemies":"Cultist and Chosen","floor":25,"turns":8},{"damage":30,"enemies":"Book of Stabbing","floor":27,"turns":6},{"damage":12,"enemies":"3 Cultists","floor":28,"turns":6},{"damage":1,"enemies":"Centurion and Healer","floor":30,"turns":6},{"damage":87,"enemies":"Collector","floor":33,"turns":17}],"seed_played":"-5222439286253489262","potions_obtained":[{"floor":3,"key":"AttackPotion"},{"floor":7,"key":"PowerPotion"},{"floor":10,"key":"GamblersBrew"},{"floor":14,"key":"LiquidBronze"},{"floor":19,"key":"Poison Potion"},{"floor":23,"key":"Regen Potion"},{"floor":27,"key":"Swift Potion"},{"floor":30,"key":"Strength Potion"}],"is_trial":false,"path_per_floor":["M","M","M","?","M","R","M","E","T","E","M","R","$","M","R","B",null,"M","M","?","$","M","E","R","M","T","E","M","T","M","T","R","B"],"character_chosen":"IRONCLAD","items_purchased":["Body Slam","Sentinel"],"campfire_rested":3,"item_purchase_floors":[13,21],"current_hp_per_floor":[80,80,80,73,79,79,80,52,52,18,22,61,61,66,66,18,80,72,67,67,67,67,33,72,58,58,34,28,28,33,33,72,0],"gold":293,"neow_bonus":"THREE_ENEMY_KILL","is_prod":false,"is_daily":false,"chose_seed":false,"campfire_upgraded":2,"win_rate":0,"timestamp":1561821816,"path_taken":["M","M","M","?","M","R","M","E","T","E","M","R","$","M","R","BOSS","M","M","?","$","M","E","R","M","T","E","M","?","M","?","R","BOSS"],"build_version":"2019-01-23","purchased_purges":2,"victory":false,"max_hp_per_floor":[80,80,80,80,80,80,80,80,80,80,80,80,80,80,80,80,80,80,80,80,80,80,80,80,80,80,80,80,80,80,80,80,80],"card_choices":[{"not_picked":["Flex","Seeing Red"],"picked":"Anger","floor":1},{"not_picked":["Blood for Blood","Flex","Havoc"],"picked":"SKIP","floor":2},{"not_picked":["Body Slam","Thunderclap"],"picked":"Battle Trance","floor":3},{"not_picked":["True Grit","Hemokinesis"],"picked":"Cleave","floor":5},{"not_picked":["Feel No Pain","Thunderclap"],"picked":"True Grit","floor":7},{"not_picked":["Entrench","Metallicize"],"picked":"Flame Barrier","floor":8},{"not_picked":["Wild Strike","Dark Embrace"],"picked":"Shrug It Off","floor":10},{"not_picked":["Thunderclap","Iron Wave","Warcry"],"picked":"SKIP","floor":11},{"not_picked":["Blood for Blood","Thunderclap"],"picked":"Clothesline","floor":14},{"not_picked":["Exhume","Reaper"],"picked":"Offering","floor":16},{"not_picked":["Warcry","Rampage","Rupture"],"picked":"SKIP","floor":18},{"not_picked":["Dropkick","Searing Blow"],"picked":"Armaments+1","floor":19},{"not_picked":["Dual Wield","Corruption+1"],"picked":"Burning Pact","floor":22},{"not_picked":["Heavy Blade","Twin Strike"],"picked":"Rage","floor":23},{"not_picked":["Body Slam","Headbutt+1"],"picked":"Power Through+1","floor":25},{"not_picked":["Heavy Blade+1","Blood for Blood","Twin Strike"],"picked":"SKIP","floor":27},{"not_picked":["Pommel Strike","Intimidate"],"picked":"Power Through","floor":28},{"not_picked":["Clothesline","Heavy Blade"],"picked":"Shrug It Off","floor":30}],"player_experience":511477,"relics_obtained":[{"floor":8,"key":"Peace Pipe"},{"floor":9,"key":"Regal Pillow"},{"floor":10,"key":"Pen Nib"},{"floor":23,"key":"Sundial"},{"floor":26,"key":"Self Forming Clay"},{"floor":27,"key":"Tiny Chest"},{"floor":29,"key":"War Paint"},{"floor":31,"key":"Whetstone"}],"event_choices":[{"cards_removed":["Strike_R"],"damage_healed":0,"gold_gain":0,"player_choice":"Card Removal","damage_taken":7,"max_hp_gain":0,"max_hp_loss":0,"event_name":"Golden Wing","floor":4,"gold_loss":0},{"damage_healed":0,"gold_gain":0,"player_choice":"Obtained Relic","damage_taken":0,"relics_obtained":["Anchor"],"max_hp_gain":0,"max_hp_loss":0,"event_name":"Addict","floor":20,"gold_loss":85}],"is_beta":false,"boss_relics":[{"not_picked":["Pandora\u0027s Box","Black Star"],"picked":"Philosopher\u0027s Stone"}],"items_purged_floors":[13,21],"is_endless":false,"potions_floor_spawned":[3,7,10,14,19,23,27,30],"killed_by":"Collector","ascension_level":4}