{"gold_per_floor":[116,14,14,28,28,41,41,41,88,88,101,101,139,164,164,292,292,315,315,18,43,43,43,43,76,153,176,176,86,48,64,64,194,194,219,245,266,266,117,117,138,163,210,222,272,308,335,380,392,404],"floor_reached":51,"playtime":2387,"items_purged":["Defend_B"],"score":800,"play_id":"ba9ad614-94e5-461e-a91c-add4d63e6eeb","local_time":"20190502134021","is_ascension_mode":false,"campfire_choices":[{"data":"Streamline","floor":7,"key":"SMITH"},{"data":"Zap","floor":10,"key":"SMITH"},{"data":"Consume","floor":12,"key":"SMITH"},{"data":"Melter","floor":15,"key":"SMITH"},{"floor":23,"key":"REST"},{"data":"Dualcast","floor":28,"key":"SMITH"},{"floor":32,"key":"REST"},{"data":"Conserve Battery","floor":40,"key":"SMITH"},{"data":"Conserve Battery","floor":44,"key":"SMITH"},{"floor":49,"key":"REST"}],"neow_cost":"NONE","seed_source_timestamp":321315349748210,"circlet_count":0,"master_deck":["Strike_B","Strike_B","Defend_B","Defend_B+1","Defend_B","Zap+1","Dualcast+1","Conserve Battery+1","Conserve Battery+1","Streamline+1","Consume+1","Melter+1","Creative AI+1","Hologram+1","Hologram+1","Heatsinks+1","Electrodynamics+1","Leap+1","Glacier+1","Fusion+1","Parasite","Redo+1"],"relics":["Cracked Core","NeowsBlessing","Golden Idol","Frozen Egg 2","Juzu Bracelet","Mummified Hand","Busted Crown","Nilry\u0027s Codex","Toxic Egg 2","Ornamental Fan","Oddly Smooth Stone","Tiny Chest","Black Star","Dream Catcher","MawBank","Bag of Preparation","Bottled Tornado","Centennial Puzzle","Omamori"],"potions_floor_usage":[13,13,25,27,45,45,45],"damage_taken":[{"damage":0,"enemies":"2 Louse","floor":1,"turns":1},{"damage":0,"enemies":"Jaw Worm","floor":4,"turns":1},{"damage":0,"enemies":"Small Slimes","floor":6,"turns":1},{"damage":3,"enemies":"Exordium Thugs","floor":11,"turns":5},{"damage":0,"enemies":"Gremlin Nob","floor":13,"turns":2},{"damage":6,"enemies":"Exordium Wildlife","floor":14,"turns":3},{"damage":23,"enemies":"The Guardian","floor":16,"turns":10},{"damage":27,"enemies":"2 Thieves","floor":18,"turns":5},{"damage":0,"enemies":"Spheric Guardian","floor":21,"turns":3},{"damage":10,"enemies":"Book of Stabbing","floor":25,"turns":6},{"damage":4,"enemies":"Centurion and Healer","floor":27,"turns":4},{"damage":0,"enemies":"Snecko","floor":31,"turns":4},{"damage":24,"enemies":"Champ","floor":33,"turns":12},{"damage":0,"enemies":"3 Shapes","floor":35,"turns":1},{"damage":7,"enemies":"3 Darklings","floor":37,"turns":4},{"damage":0,"enemies":"Transient","floor":41,"turns":5},{"damage":4,"enemies":"Maw","floor":42,"turns":8},{"damage":20,"enemies":"Reptomancer","floor":45,"turns":5},{"damage":12,"enemies":"Writhing Mass","floor":46,"turns":11},{"damage":0,"enemies":"4 Shapes","floor":47,"turns":12},{"damage":0,"enemies":"Nemesis","floor":48,"turns":9},{"damage":20,"enemies":"Time Eater","floor":50,"turns":9}],"seed_played":"-2670350699001659720","potions_obtained":[{"floor":1,"key":"AttackPotion"},{"floor":6,"key":"Explosive Potion"},{"floor":14,"key":"FocusPotion"},{"floor":18,"key":"Poison Potion"},{"floor":21,"key":"EssenceOfSteel"},{"floor":31,"key":"FocusPotion"},{"floor":35,"key":"SteroidPotion"},{"floor":45,"key":"Energy Potion"},{"floor":47,"key":"Weak Potion"}],"is_trial":false,"path_per_floor":["M","$","?","M","T","M","R","?","T","R","M","R","E","M","R","B",null,"M","?","$","M","T","R","?","E","T","M","R","?","$","M","R","B",null,"M","T","M","?","$","R","M","M","T","R","E","M","M","E","R","B",null],"character_chosen":"DEFECT","items_purchased":["Conserve Battery","Toxic Egg 2","Hologram+1","Heatsinks+1","Glacier+1","Fusion+1"],"campfire_rested":3,"item_purchase_floors":[2,20,20,30,39,39],"current_hp_per_floor":[75,75,57,57,57,57,57,57,57,57,54,54,54,48,48,25,75,48,32,32,32,32,54,54,44,44,40,40,40,40,40,62,38,75,75,75,68,68,68,68,68,64,64,64,44,32,32,32,54,34],"gold":416,"neow_bonus":"THREE_ENEMY_KILL","is_prod":false,"is_daily":false,"chose_seed":false,"campfire_upgraded":7,"win_rate":0,"timestamp":1556818821,"path_taken":["M","$","?","M","?","M","R","?","T","R","M","R","E","M","R","BOSS","M","?","$","M","?","R","?","E","T","M","R","?","$","M","R","BOSS","M","?","M","?","$","R","M","M","T","R","E","M","M","E","R","BOSS"],"build_version":"2019-01-23","purchased_purges":1,"victory":true,"max_hp_per_floor":[75,75,75,75,75,75,75,75,75,75,75,75,75,75,75,75,75,75,75,75,75,75,75,75,75,75,75,75,75,75,75,75,75,75,75,75,75,75,75,75,75,75,75,75,75,75,75,75,75,75],"card_choices":[{"not_picked":["Coolheaded","Gash"],"picked":"Conserve Battery","floor":1},{"not_picked":["Go for the Eyes","Leap"],"picked":"Streamline","floor":4},{"not_picked":["Thunder Strike","Rebound","Beam Cell"],"picked":"SKIP","floor":6},{"not_picked":["Stack","Barrage"],"picked":"Consume","floor":11},{"not_picked":["Leap","Barrage"],"picked":"Melter","floor":13},{"not_picked":["Go for the Eyes","Sweeping Beam","Barrage"],"picked":"SKIP","floor":14},{"not_picked":["Seek","Amplify"],"picked":"Creative AI+1","floor":16},{"not_picked":["Double Energy"],"picked":"SKIP","floor":18},{"not_picked":[],"picked":"Hologram+1","floor":21},{"not_picked":["Ball Lightning"],"picked":"SKIP","floor":25},{"not_picked":["Rebound"],"picked":"SKIP","floor":27},{"not_picked":["Beam Cell"],"picked":"SKIP","floor":31},{"not_picked":[],"picked":"Electrodynamics+1","floor":33},{"not_picked":[],"picked":"Leap+1","floor":35},{"not_picked":["Sweeping Beam+1"],"picked":"SKIP","floor":37},{"not_picked":["Turbo+1"],"picked":"SKIP","floor":41},{"not_picked":["Blizzard+1"],"picked":"SKIP","floor":42},{"not_picked":["Aggregate+1"],"picked":"SKIP","floor":45},{"not_picked":["Ball Lightning+1"],"picked":"SKIP","floor":46},{"not_picked":["Redo+1"],"picked":"SKIP","floor":47},{"not_picked":[],"picked":"Redo+1","floor":47},{"not_picked":["Lockon"],"picked":"SKIP","floor":48}],"player_experience":641460,"relics_obtained":[{"floor":5,"key":"Frozen Egg 2"},{"floor":9,"key":"Juzu Bracelet"},{"floor":13,"key":"Mummified Hand"},{"floor":19,"key":"Nilry\u0027s Codex"},{"floor":22,"key":"Ornamental Fan"},{"floor":25,"key":"Oddly Smooth Stone"},{"floor":26,"key":"Tiny Chest"},{"floor":36,"key":"Dream Catcher"},{"floor":43,"key":"MawBank"},{"floor":45,"key":"Bag of Preparation"},{"floor":45,"key":"Bottled Tornado"},{"floor":48,"key":"Centennial Puzzle"},{"floor":48,"key":"Omamori"}],"event_choices":[{"damage_healed":0,"gold_gain":0,"player_choice":"Take Damage","damage_taken":18,"relics_obtained":["Golden Idol"],"max_hp_gain":0,"max_hp_loss":0,"event_name":"Golden Idol","floor":3,"gold_loss":0},{"cards_removed":["Strike_B"],"damage_healed":0,"gold_gain":0,"player_choice":"Offered Basic","damage_taken":0,"max_hp_gain":0,"max_hp_loss":0,"event_name":"Bonfire Elementals","floor":8,"gold_loss":0},{"damage_healed":0,"gold_gain":0,"player_choice":"Obtained Book","damage_taken":16,"max_hp_gain":0,"max_hp_loss":0,"event_name":"Cursed Tome","floor":19,"gold_loss":0},{"damage_healed":0,"gold_gain":0,"player_choice":"Ignored","damage_taken":0,"max_hp_gain":0,"max_hp_loss":0,"event_name":"Beggar","floor":24,"gold_loss":0},{"cards_removed":["Strike_B"],"damage_healed":0,"gold_gain":0,"player_choice":"Upgrade and Remove","damage_taken":0,"max_hp_gain":0,"max_hp_loss":0,"event_name":"Designer","floor":29,"gold_loss":90,"cards_upgraded":["Defend_B"]},{"damage_healed":0,"gold_gain":0,"player_choice":"Ignored","damage_taken":0,"max_hp_gain":0,"max_hp_loss":0,"event_name":"Tomb of Lord Red Mask","floor":38,"gold_loss":0}],"is_beta":false,"boss_relics":[{"not_picked":["Empty Cage","Runic Dome"],"picked":"Busted Crown"},{"not_picked":["Lizard Tail","Calling Bell"],"picked":"Black Star"}],"items_purged_floors":[2],"is_endless":false,"potions_floor_spawned":[1,6,14,18,21,31,35,37,45,47],"ascension_level":0}