{"gold_per_floor":[110,110,130,130,144,170,42,42,42,77,77,77,87,104,104,104],"floor_reached":16,"playtime":480,"items_purged":[],"score":215,"play_id":"6b676f96-3c28-4649-a063-cc04fe3f3292","local_time":"20190407231612","is_ascension_mode":true,"campfire_choices":[{"floor":12,"key":"REST"},{"data":"Defragment","floor":15,"key":"SMITH"}],"neow_cost":"NONE","seed_source_timestamp":192261039396180,"circlet_count":0,"master_deck":["AscendersBane","Strike_B","Strike_B","Strike_B+1","Strike_B","Defend_B","Defend_B","Defend_B+1","Defend_B","Zap","Dualcast","Coolheaded","Leap","Sweeping Beam","Thunder Strike","Undo","Biased Cognition+1","Defragment+1","Doom and Gloom","Seek","Ball Lightning"],"relics":["Cracked Core","NeowsBlessing","Centennial Puzzle","Pear","Happy Flower"],"potions_floor_usage":[6,6],"damage_taken":[{"damage":0,"enemies":"Cultist","floor":1,"turns":1},{"damage":0,"enemies":"Small Slimes","floor":3,"turns":1},{"damage":0,"enemies":"2 Louse","floor":5,"turns":1},{"damage":3,"enemies":"Lagavulin","floor":6,"turns":9},{"damage":34,"enemies":"3 Sentries","floor":10,"turns":7},{"damage":11,"enemies":"2 Fungi Beasts","floor":13,"turns":3},{"damage":0,"enemies":"Looter","floor":14,"turns":2},{"damage":29,"enemies":"Hexaghost","floor":16,"turns":10}],"seed_played":"-6262493379502153747","potions_obtained":[{"floor":1,"key":"FocusPotion"},{"floor":3,"key":"Weak Potion"}],"is_trial":false,"path_per_floor":["M","$","M","?","M","E","$","?","T","E","?","R","M","M","R","B"],"character_chosen":"DEFECT","items_purchased":["Defragment","Doom and Gloom"],"campfire_rested":1,"item_purchase_floors":[7,7],"current_hp_per_floor":[64,64,64,64,64,61,61,40,50,16,16,40,29,29,29,0],"gold":104,"neow_bonus":"THREE_ENEMY_KILL","is_prod":false,"is_daily":false,"chose_seed":false,"campfire_upgraded":1,"win_rate":0,"timestamp":1554693372,"path_taken":["M","?","?","?","?","E","$","?","T","E","?","R","M","M","R","BOSS"],"build_version":"2019-01-23","purchased_purges":0,"victory":false,"max_hp_per_floor":[71,71,71,71,71,71,71,71,81,81,81,81,81,81,81,81],"card_choices":[{"not_picked":["Force Field","Redo"],"picked":"Coolheaded","floor":1},{"not_picked":["Cold Snap","BootSequence"],"picked":"Leap","floor":3},{"not_picked":["Compile Driver","Streamline"],"picked":"Undo","floor":5},{"not_picked":["Defragment","Stack"],"picked":"Biased Cognition","floor":6},{"not_picked":["Stack","Compile Driver"],"picked":"Seek","floor":10},{"not_picked":["Aggregate","Compile Driver"],"picked":"Ball Lightning","floor":13},{"not_picked":["Rebound","Turbo","Steam"],"picked":"SKIP","floor":14}],"player_experience":544262,"relics_obtained":[{"floor":6,"key":"Centennial Puzzle"},{"floor":9,"key":"Pear"},{"floor":10,"key":"Happy Flower"}],"event_choices":[{"damage_healed":0,"gold_gain":0,"player_choice":"2 cards matched","damage_taken":0,"max_hp_gain":0,"max_hp_loss":0,"event_name":"Match and Keep!","floor":4,"gold_loss":0,"cards_obtained":["Sweeping Beam","Thunder Strike"]},{"damage_healed":0,"gold_gain":0,"player_choice":"Entered Light","damage_taken":21,"max_hp_gain":0,"max_hp_loss":0,"event_name":"Shining Light","floor":8,"gold_loss":0,"cards_upgraded":["Defend_B","Strike_B"]},{"damage_healed":0,"gold_gain":0,"player_choice":"Grow","damage_taken":0,"max_hp_gain":0,"max_hp_loss":0,"event_name":"Living Wall","floor":11,"gold_loss":0,"cards_upgraded":["Biased Cognition"]}],"is_beta":false,"boss_relics":[],"items_purged_floors":[],"is_endless":false,"potions_floor_spawned":[1,3,5],"killed_by":"Hexaghost","ascension_level":19}