{"gold_per_floor":[214,227,227,237,256,288,288,318,367,367,382,382,139,139,139,210,210,210,130,130],"floor_reached":20,"playtime":669,"items_purged":[],"score":350,"play_id":"e56493eb-3109-4285-be50-bec006d2d5f8","local_time":"20190324194848","is_ascension_mode":true,"campfire_choices":[{"floor":7,"key":"REST"},{"data":"Bash","floor":10,"key":"SMITH"},{"data":"Inflame","floor":12,"key":"SMITH"},{"data":"Limit Break","floor":15,"key":"SMITH"}],"neow_cost":"NONE","seed_source_timestamp":353264939728549,"circlet_count":0,"master_deck":["AscendersBane","Strike_R","Strike_R","Strike_R","Strike_R","Strike_R","Defend_R","Defend_R","Defend_R","Defend_R","Bash+1","Thunderclap","Pommel Strike","Cleave","Inflame+1","Limit Break+1","Inflame","Double Tap","True Grit+1"],"relics":["Burning Blood","PreservedInsect","Dodecahedron","Lantern","Ectoplasm"],"potions_floor_usage":[5,6,8,16],"damage_taken":[{"damage":27,"enemies":"Small Slimes","floor":1,"turns":5},{"damage":9,"enemies":"Jaw Worm","floor":2,"turns":5},{"damage":11,"enemies":"2 Louse","floor":4,"turns":2},{"damage":0,"enemies":"2 Fungi Beasts","floor":5,"turns":2},{"damage":32,"enemies":"Gremlin Nob","floor":6,"turns":4},{"damage":15,"enemies":"3 Sentries","floor":8,"turns":4},{"damage":11,"enemies":"Blue Slaver","floor":11,"turns":4},{"damage":30,"enemies":"The Guardian","floor":16,"turns":8},{"damage":6,"enemies":"Spheric Guardian","floor":18,"turns":3},{"damage":36,"enemies":"2 Thieves","floor":19,"turns":5},{"damage":30,"enemies":"Colosseum Slavers","floor":20,"turns":2}],"seed_played":"-3710324330118499928","potions_obtained":[{"floor":1,"key":"Fire Potion"},{"floor":2,"key":"Regen Potion"},{"floor":6,"key":"Fire Potion"},{"floor":8,"key":"SteroidPotion"}],"is_trial":false,"path_per_floor":["M","M","?","M","M","E","R","E","T","R","M","R","$","?","R","B",null,"M","M","?"],"character_chosen":"IRONCLAD","items_purchased":["Limit Break","Inflame"],"campfire_rested":1,"item_purchase_floors":[13,13],"current_hp_per_floor":[47,44,44,39,45,31,53,44,44,44,39,39,39,39,39,15,60,60,30,0],"gold":130,"neow_bonus":"HUNDRED_GOLD","is_prod":false,"is_daily":false,"chose_seed":false,"campfire_upgraded":3,"win_rate":0,"timestamp":1553471328,"path_taken":["M","M","?","M","M","E","R","E","T","R","M","R","$","?","R","BOSS","M","M","?"],"build_version":"2019-01-23","purchased_purges":0,"victory":false,"max_hp_per_floor":[75,75,75,75,75,75,75,75,75,75,75,75,75,75,75,75,75,75,75,75],"card_choices":[{"not_picked":["Rage","Anger"],"picked":"Thunderclap","floor":1},{"not_picked":["True Grit","Shockwave"],"picked":"Pommel Strike","floor":2},{"not_picked":["Headbutt","Warcry","Infernal Blade"],"picked":"SKIP","floor":4},{"not_picked":["Wild Strike","Flex"],"picked":"Cleave","floor":5},{"not_picked":["Blood for Blood","Pummel","Shockwave"],"picked":"SKIP","floor":6},{"not_picked":["Headbutt","Sword Boomerang","Power Through"],"picked":"SKIP","floor":8},{"not_picked":["Pommel Strike","Sword Boomerang"],"picked":"Inflame","floor":11},{"not_picked":["Impervious","Offering"],"picked":"Double Tap","floor":16},{"not_picked":["Dual Wield","Anger+1","Twin Strike"],"picked":"SKIP","floor":18},{"not_picked":["Bloodletting","Clash+1"],"picked":"True Grit+1","floor":19}],"player_experience":460953,"relics_obtained":[{"floor":6,"key":"PreservedInsect"},{"floor":8,"key":"Dodecahedron"},{"floor":9,"key":"Lantern"}],"event_choices":[{"damage_healed":0,"gold_gain":0,"player_choice":"Ignored","damage_taken":0,"max_hp_gain":0,"max_hp_loss":0,"event_name":"Golden Wing","floor":3,"gold_loss":0},{"damage_healed":0,"gold_gain":0,"player_choice":"Ignored","damage_taken":0,"max_hp_gain":0,"max_hp_loss":0,"event_name":"Shining Light","floor":14,"gold_loss":0},{"damage_healed":0,"gold_gain":0,"player_choice":"Fight","damage_taken":0,"max_hp_gain":0,"max_hp_loss":0,"event_name":"Colosseum","floor":20,"gold_loss":0}],"is_beta":false,"boss_relics":[{"not_picked":["Astrolabe","Lizard Tail"],"picked":"Ectoplasm"}],"items_purged_floors":[],"is_endless":false,"potions_floor_spawned":[1,2,6,8],"killed_by":"Colosseum Slavers","ascension_level":18}