{"gold_per_floor":[114,114,127,152,152,152,166,205,205,246,246,262,280,43,43,164,164,183,18,18,33,46,46,61,61,88,100,147,183,214,33,33,33],"floor_reached":33,"playtime":2136,"items_purged":["Defend_R"],"score":360,"play_id":"61a79b1a-8a78-4cdf-85c5-4a6c89db46e2","local_time":"20190629152229","is_ascension_mode":true,"campfire_choices":[{"data":"Bash","floor":6,"key":"SMITH"},{"floor":11,"key":"REST"},{"data":"Double Tap","floor":15,"key":"SMITH"},{"data":"Apotheosis","floor":23,"key":"SMITH"},{"data":"Fiend Fire","floor":25,"key":"SMITH"},{"data":"Feed","floor":27,"key":"SMITH"},{"floor":32,"key":"REST"}],"neow_cost":"NONE","seed_source_timestamp":568594278046427,"circlet_count":0,"master_deck":["Strike_R","Strike_R","Strike_R","Strike_R","Strike_R","Defend_R","Defend_R","Defend_R","Bash+1","Shrug It Off","Combust","Battle Trance","Power Through","Double Tap+1","Reaper","Cleave","Fiend Fire+1","Feed+1","Intimidate+1","Apotheosis+1","Headbutt"],"relics":["Burning Blood","Golden Idol","Pear","Shuriken","Mercury Hourglass","Runic Pyramid","MawBank","Sundial","Strange Spoon"],"potions_floor_usage":[8,8,8,8,13,13,16,18,21,24,33,33],"damage_taken":[{"damage":0,"enemies":"Small Slimes","floor":1,"turns":3},{"damage":7,"enemies":"Jaw Worm","floor":3,"turns":3},{"damage":2,"enemies":"Cultist","floor":4,"turns":3},{"damage":13,"enemies":"Exordium Wildlife","floor":7,"turns":5},{"damage":16,"enemies":"Gremlin Nob","floor":8,"turns":5},{"damage":41,"enemies":"Lagavulin","floor":10,"turns":10},{"damage":9,"enemies":"Gremlin Gang","floor":12,"turns":3},{"damage":10,"enemies":"Large Slime","floor":13,"turns":7},{"damage":56,"enemies":"The Guardian","floor":16,"turns":14},{"damage":22,"enemies":"Spheric Guardian","floor":18,"turns":4},{"damage":4,"enemies":"Shell Parasite","floor":21,"turns":3},{"damage":5,"enemies":"Snake Plant","floor":22,"turns":3},{"damage":20,"enemies":"Centurion and Healer","floor":24,"turns":6},{"damage":63,"enemies":"Slavers","floor":28,"turns":5},{"damage":7,"enemies":"Snecko","floor":29,"turns":4},{"damage":4,"enemies":"Cultist and Chosen","floor":30,"turns":4},{"damage":104,"enemies":"Champ","floor":33,"turns":11}],"seed_played":"3125528325840367552","potions_obtained":[{"floor":4,"key":"LiquidBronze"},{"floor":5,"key":"EntropicBrew"},{"floor":5,"key":"Block Potion"},{"floor":10,"key":"Poison Potion"},{"floor":12,"key":"SkillPotion"},{"floor":16,"key":"Swift Potion"},{"floor":18,"key":"Weak Potion"},{"floor":22,"key":"BloodPotion"},{"floor":29,"key":"SpeedPotion"},{"floor":30,"key":"Block Potion"}],"is_trial":false,"path_per_floor":["M","?","M","M","?","R","M","E","T","E","R","M","M","$","R","B",null,"M","$","?","M","M","R","M","R","T","R","E","M","M","$","R","B"],"character_chosen":"IRONCLAD","items_purchased":["Fiend Fire","Apotheosis","Strange Spoon"],"campfire_rested":2,"item_purchase_floors":[14,19,31],"current_hp_per_floor":[88,81,80,81,81,81,74,74,74,39,66,67,63,63,63,21,91,75,75,75,77,78,78,89,89,89,89,51,64,70,70,100,0],"gold":33,"neow_bonus":"TEN_PERCENT_HP_BONUS","is_prod":false,"is_daily":false,"chose_seed":false,"campfire_upgraded":5,"win_rate":0,"timestamp":1561846949,"path_taken":["M","?","M","M","?","R","M","E","T","E","R","M","?","$","R","BOSS","M","$","?","M","?","R","M","R","T","R","E","M","M","$","R","BOSS"],"build_version":"2019-01-23","purchased_purges":1,"victory":false,"max_hp_per_floor":[88,81,81,81,81,81,81,91,91,91,91,91,91,91,91,91,91,91,91,91,91,91,91,95,95,95,95,99,99,103,103,103,103],"card_choices":[{"not_picked":["Ghostly Armor","Metallicize"],"picked":"Shrug It Off","floor":1},{"not_picked":["Seeing Red","Power Through"],"picked":"Combust","floor":3},{"not_picked":["Flame Barrier","Iron Wave"],"picked":"Battle Trance","floor":4},{"not_picked":["Uppercut","Evolve"],"picked":"Power Through","floor":7},{"not_picked":["Cleave","Clash"],"picked":"Double Tap","floor":8},{"not_picked":["Flex","Inflame"],"picked":"Reaper","floor":10},{"not_picked":["Twin Strike","Sword Boomerang","Flex"],"picked":"SKIP","floor":12},{"not_picked":["Whirlwind","Sword Boomerang"],"picked":"Cleave","floor":13},{"not_picked":["Offering","Berserk"],"picked":"Feed","floor":16},{"not_picked":["Pommel Strike+1","Cleave"],"picked":"Intimidate+1","floor":18},{"not_picked":["Warcry","Clothesline+1","Clash"],"picked":"SKIP","floor":21},{"not_picked":["Shockwave+1","Dropkick+1","Rage+1"],"picked":"SKIP","floor":22},{"not_picked":["Iron Wave","Cleave","Armaments"],"picked":"SKIP","floor":24},{"not_picked":["Whirlwind","Dropkick","Berserk"],"picked":"SKIP","floor":28},{"not_picked":["Havoc+1","Warcry+1","Clash+1"],"picked":"SKIP","floor":29},{"not_picked":["Shrug It Off","Dual Wield"],"picked":"Headbutt","floor":30}],"player_experience":524450,"relics_obtained":[{"floor":8,"key":"Pear"},{"floor":9,"key":"Shuriken"},{"floor":10,"key":"Mercury Hourglass"},{"floor":26,"key":"MawBank"},{"floor":28,"key":"Sundial"}],"event_choices":[{"damage_healed":0,"gold_gain":0,"player_choice":"Lose Max HP","damage_taken":0,"relics_obtained":["Golden Idol"],"max_hp_gain":0,"max_hp_loss":7,"event_name":"Golden Idol","floor":2,"gold_loss":0},{"damage_healed":0,"gold_gain":0,"player_choice":"Got Potions","damage_taken":0,"max_hp_gain":0,"max_hp_loss":0,"event_name":"Lab","floor":5,"gold_loss":0},{"damage_healed":0,"gold_gain":0,"player_choice":"Ignored","damage_taken":0,"max_hp_gain":0,"max_hp_loss":0,"event_name":"N\u0027loth","floor":20,"gold_loss":0}],"is_beta":false,"boss_relics":[{"not_picked":["Runic Cube","Coffee Dripper"],"picked":"Runic Pyramid"}],"items_purged_floors":[14],"is_endless":false,"potions_floor_spawned":[4,10,12,16,18,22,29,30],"killed_by":"Champ","ascension_level":4}