{"gold_per_floor":[18,18,34,9,27,27,59,59,59,93,103,103,123,142,142,246,246,261,186,197,172,72,103,103,118,118,153,153,203,203,253,253,351,351,368,50,100,164,177,177,227,326,381,341,341,353,258,285,285,285],"floor_reached":51,"playtime":2714,"items_purged":["Defend_B","Defend_B"],"score":816,"play_id":"98106379-1250-4000-8602-3445a148d501","local_time":"20190604235819","is_ascension_mode":true,"campfire_choices":[{"data":"Hologram","floor":6,"key":"SMITH"},{"data":"Gash","floor":8,"key":"SMITH"},{"data":"Gash","floor":12,"key":"SMITH"},{"floor":15,"key":"REST"},{"floor":24,"key":"REST"},{"data":"Hologram","floor":28,"key":"SMITH"},{"data":"Buffer","floor":30,"key":"SMITH"},{"floor":32,"key":"REST"},{"data":"Genetic Algorithm","floor":40,"key":"SMITH"},{"data":"Zap","floor":45,"key":"SMITH"},{"floor":49,"key":"REST"}],"neow_cost":"NO_GOLD","seed_source_timestamp":4218052818148,"circlet_count":0,"master_deck":["Strike_B+1","Defend_B","Zap+1","Dualcast","Gash+1","FTL","Hologram+1","Buffer+1","Gash+1","Hologram+1","Genetic Algorithm+1","Hologram+1","Reboot","Panache+1","Flash of Steel"],"relics":["Cracked Core","SsserpentHead","Cables","Pantograph","Bag of Preparation","Empty Cage","Regal Pillow","Shuriken","Letter Opener","MutagenicStrength","Busted Crown","Anchor","Dead Branch","Bronze Scales","Vajra"],"potions_floor_usage":[7,16,18,18,25,48,50],"damage_taken":[{"damage":2,"enemies":"2 Louse","floor":1,"turns":3},{"damage":0,"enemies":"Cultist","floor":3,"turns":3},{"damage":0,"enemies":"Small Slimes","floor":5,"turns":2},{"damage":18,"enemies":"Gremlin Nob","floor":7,"turns":3},{"damage":25,"enemies":"3 Sentries","floor":10,"turns":6},{"damage":2,"enemies":"Exordium Wildlife","floor":11,"turns":4},{"damage":1,"enemies":"Looter","floor":13,"turns":3},{"damage":1,"enemies":"2 Fungi Beasts","floor":14,"turns":2},{"damage":34,"enemies":"The Guardian","floor":16,"turns":8},{"damage":2,"enemies":"Chosen","floor":18,"turns":5},{"damage":21,"enemies":"2 Thieves","floor":20,"turns":4},{"damage":33,"enemies":"Gremlin Leader","floor":23,"turns":4},{"damage":3,"enemies":"Cultist and Chosen","floor":25,"turns":4},{"damage":35,"enemies":"Slavers","floor":27,"turns":5},{"damage":45,"enemies":"Collector","floor":33,"turns":8},{"damage":0,"enemies":"3 Shapes","floor":35,"turns":2},{"damage":0,"enemies":"Orb Walker","floor":38,"turns":2},{"damage":0,"enemies":"Sphere and 2 Shapes","floor":39,"turns":3},{"damage":17,"enemies":"2 Orb Walkers","floor":42,"turns":4},{"damage":0,"enemies":"Maw","floor":46,"turns":5},{"damage":0,"enemies":"Giant Head","floor":48,"turns":3},{"damage":16,"enemies":"Donu and Deca","floor":50,"turns":6}],"seed_played":"1098151923544082308","potions_obtained":[{"floor":3,"key":"Fire Potion"},{"floor":10,"key":"Ancient Potion"},{"floor":11,"key":"Strength Potion"},{"floor":13,"key":"PowerPotion"},{"floor":23,"key":"SpeedPotion"},{"floor":33,"key":"Regen Potion"},{"floor":35,"key":"FearPotion"},{"floor":38,"key":"Regen Potion"}],"is_trial":false,"path_per_floor":["M","?","M","$","M","R","E","R","T","E","M","R","M","M","R","B",null,"M","$","M","?","$","E","R","M","T","E","R","?","R","?","R","B",null,"M","$","?","M","M","R","?","?","T","?","R","M","$","E","R","B",null],"character_chosen":"DEFECT","items_purchased":["FTL","Panache","Anchor","Flash of Steel"],"campfire_rested":4,"item_purchase_floors":[4,36,36,47],"current_hp_per_floor":[87,87,87,87,87,87,69,69,69,44,42,42,41,40,66,55,89,87,87,66,66,66,33,74,71,71,36,36,36,36,36,77,44,89,89,89,89,89,89,89,85,68,68,68,68,68,68,68,85,74],"gold":285,"neow_bonus":"TWENTY_PERCENT_HP_BONUS","is_prod":false,"is_daily":false,"chose_seed":false,"campfire_upgraded":7,"win_rate":0,"timestamp":1559717899,"path_taken":["M","?","M","?","M","R","E","R","T","E","M","R","M","M","R","BOSS","M","$","M","?","$","E","R","M","T","E","R","?","R","?","R","BOSS","M","$","?","?","M","R","?","?","T","?","R","M","$","E","R","BOSS"],"build_version":"2019-01-23","purchased_purges":2,"victory":true,"max_hp_per_floor":[89,89,89,89,89,89,89,89,89,89,89,89,89,89,89,89,89,89,89,89,89,89,89,89,89,89,89,89,89,89,89,89,89,89,89,89,89,89,89,89,85,85,85,85,85,85,85,85,85,85],"card_choices":[{"not_picked":["Sweeping Beam","Cold Snap"],"picked":"Gash","floor":1},{"not_picked":["Melter","Go for the Eyes","Conserve Battery"],"picked":"SKIP","floor":3},{"not_picked":["Barrage","Conserve Battery"],"picked":"Hologram","floor":5},{"not_picked":["Streamline","Hello World","Recycle"],"picked":"SKIP","floor":7},{"not_picked":["Darkness","White Noise"],"picked":"Buffer","floor":10},{"not_picked":["Static Discharge","Blizzard"],"picked":"Gash","floor":11},{"not_picked":["Barrage","Doom and Gloom","Self Repair"],"picked":"SKIP","floor":13},{"not_picked":["Stack","Reprogram","Rip and Tear"],"picked":"SKIP","floor":14},{"not_picked":["Chill","Streamline"],"picked":"Hologram+1","floor":18},{"not_picked":["Force Field","Leap","Stack+1"],"picked":"SKIP","floor":20},{"not_picked":["Fission","Compile Driver"],"picked":"Genetic Algorithm","floor":23},{"not_picked":["Conserve Battery","Cold Snap"],"picked":"Hologram","floor":25},{"not_picked":["Hologram","Static Discharge","Cold Snap"],"picked":"SKIP","floor":27},{"not_picked":["Hyperbeam","Electrodynamics"],"picked":"Reboot","floor":33},{"not_picked":["Sweeping Beam"],"picked":"SKIP","floor":35},{"not_picked":["Conserve Battery"],"picked":"SKIP","floor":38},{"not_picked":["Hello World+1"],"picked":"SKIP","floor":39},{"not_picked":["Sunder"],"picked":"SKIP","floor":46},{"not_picked":["Cold Snap"],"picked":"SKIP","floor":48}],"player_experience":318243,"relics_obtained":[{"floor":7,"key":"Cables"},{"floor":9,"key":"Pantograph"},{"floor":10,"key":"Bag of Preparation"},{"floor":23,"key":"Regal Pillow"},{"floor":26,"key":"Shuriken"},{"floor":27,"key":"Letter Opener"},{"floor":42,"key":"Dead Branch"},{"floor":43,"key":"Bronze Scales"},{"floor":48,"key":"Vajra"}],"event_choices":[{"damage_healed":0,"gold_gain":0,"player_choice":"Trade","damage_taken":0,"relics_obtained":["SsserpentHead"],"max_hp_gain":0,"max_hp_loss":0,"event_name":"FaceTrader","floor":2,"gold_loss":0},{"cards_removed":["Strike_B"],"damage_healed":0,"gold_gain":0,"player_choice":"Gave Gold","damage_taken":0,"max_hp_gain":0,"max_hp_loss":0,"event_name":"Beggar","floor":21,"gold_loss":75},{"damage_healed":0,"gold_gain":0,"player_choice":"Inject Mutagens","damage_taken":0,"relics_obtained":["MutagenicStrength"],"max_hp_gain":0,"max_hp_loss":0,"event_name":"Drug Dealer","floor":29,"gold_loss":0},{"damage_healed":0,"gold_gain":0,"player_choice":"Ignored","damage_taken":0,"max_hp_gain":0,"max_hp_loss":0,"event_name":"The Mausoleum","floor":31,"gold_loss":0},{"damage_healed":0,"gold_gain":0,"player_choice":"Forge","damage_taken":0,"max_hp_gain":0,"max_hp_loss":0,"event_name":"Accursed Blacksmith","floor":37,"gold_loss":0,"cards_upgraded":["Panache"]},{"damage_healed":0,"gold_gain":0,"player_choice":"Max HP","damage_taken":0,"max_hp_gain":0,"max_hp_loss":4,"event_name":"Winding Halls","floor":41,"gold_loss":0},{"damage_healed":0,"gold_gain":0,"player_choice":"Fight","damage_taken":0,"max_hp_gain":0,"max_hp_loss":0,"event_name":"Mysterious Sphere","floor":42,"gold_loss":0},{"cards_removed":["Defend_B"],"damage_healed":0,"gold_gain":0,"player_choice":"Upgrade and Remove","damage_taken":0,"max_hp_gain":0,"max_hp_loss":0,"event_name":"Designer","floor":44,"gold_loss":90,"cards_upgraded":["Strike_B"]}],"is_beta":false,"boss_relics":[{"not_picked":["Pandora\u0027s Box","Coffee Dripper"],"picked":"Empty Cage"},{"not_picked":["White Beast Statue","Inserter"],"picked":"Busted Crown"}],"items_purged_floors":[19,22],"is_endless":false,"potions_floor_spawned":[3,10,11,13,23,33,35,38,42,46],"ascension_level":2}