{"gold_per_floor":[113,113,125,50,68,68,93,145,145,145,175,199,214,237,237,237],"floor_reached":16,"playtime":424,"items_purged":["Regret"],"score":199,"play_id":"f313a9fe-32e7-400d-9da5-b3f7479d4bf2","local_time":"20190412224944","is_ascension_mode":true,"campfire_choices":[{"data":"Fusion","floor":6,"key":"SMITH"},{"floor":15,"key":"REST"}],"neow_cost":"NONE","seed_source_timestamp":250486491552846,"circlet_count":0,"master_deck":["AscendersBane","Strike_B","Strike_B","Strike_B","Strike_B","Defend_B","Defend_B","Defend_B","Defend_B","Zap","Dualcast","Fusion+1","Ball Lightning","Melter","Ball Lightning","Self Repair","Defragment","Glacier"],"relics":["Cracked Core","NeowsBlessing","Blood Vial","Dodecahedron","Kunai","Golden Idol","Tiny Chest"],"potions_floor_usage":[7,16],"damage_taken":[{"damage":0,"enemies":"Cultist","floor":1,"turns":1},{"damage":0,"enemies":"Small Slimes","floor":3,"turns":1},{"damage":0,"enemies":"2 Louse","floor":5,"turns":1},{"damage":37,"enemies":"3 Sentries","floor":7,"turns":9},{"damage":20,"enemies":"Exordium Wildlife","floor":12,"turns":3},{"damage":8,"enemies":"2 Fungi Beasts","floor":13,"turns":3},{"damage":9,"enemies":"Red Slaver","floor":14,"turns":3},{"damage":40,"enemies":"Slime Boss","floor":16,"turns":6}],"seed_played":"-1883000065435546769","potions_obtained":[{"floor":3,"key":"SkillPotion"},{"floor":12,"key":"SteroidPotion"},{"floor":13,"key":"FearPotion"}],"is_trial":false,"path_per_floor":["M","?","M","$","M","R","E","?","T","?","?","M","M","M","R","B"],"character_chosen":"DEFECT","items_purchased":[],"campfire_rested":1,"item_purchase_floors":[],"current_hp_per_floor":[64,64,66,66,68,68,33,33,33,33,33,15,16,16,35,0],"gold":237,"neow_bonus":"THREE_ENEMY_KILL","is_prod":false,"is_daily":false,"chose_seed":false,"campfire_upgraded":1,"win_rate":0,"timestamp":1555123784,"path_taken":["M","?","M","$","M","R","E","?","T","?","?","M","M","M","R","BOSS"],"build_version":"2019-01-23","purchased_purges":1,"victory":false,"max_hp_per_floor":[71,71,71,71,71,71,71,71,71,64,64,64,64,64,64,64],"card_choices":[{"not_picked":["Hologram","Coolheaded"],"picked":"Fusion","floor":1},{"not_picked":["Compile Driver","Gash"],"picked":"Ball Lightning","floor":3},{"not_picked":["Leap","Compile Driver"],"picked":"Melter","floor":5},{"not_picked":["Hologram","Barrage"],"picked":"Ball Lightning","floor":7},{"not_picked":["Hologram","Coolheaded"],"picked":"Self Repair","floor":12},{"not_picked":["Conserve Battery","Rebound"],"picked":"Defragment","floor":13},{"not_picked":["Skim","Streamline"],"picked":"Glacier","floor":14}],"player_experience":573042,"relics_obtained":[{"floor":7,"key":"Dodecahedron"},{"floor":9,"key":"Kunai"}],"event_choices":[{"damage_healed":0,"gold_gain":0,"player_choice":"Box","damage_taken":0,"relics_obtained":["Blood Vial"],"max_hp_gain":0,"max_hp_loss":0,"event_name":"Big Fish","floor":2,"gold_loss":0,"cards_obtained":["Regret"]},{"damage_healed":0,"gold_gain":52,"player_choice":"Gained Gold","damage_taken":0,"max_hp_gain":0,"max_hp_loss":0,"event_name":"Golden Wing","floor":8,"gold_loss":0},{"damage_healed":0,"gold_gain":0,"player_choice":"Lose Max HP","damage_taken":0,"relics_obtained":["Golden Idol"],"max_hp_gain":0,"max_hp_loss":7,"event_name":"Golden Idol","floor":10,"gold_loss":0},{"damage_healed":0,"gold_gain":0,"player_choice":"Searched \u00272\u0027 times","damage_taken":0,"relics_obtained":["Tiny Chest"],"max_hp_gain":0,"max_hp_loss":0,"event_name":"Dead Adventurer","floor":11,"gold_loss":0}],"is_beta":false,"boss_relics":[],"items_purged_floors":[4],"is_endless":false,"potions_floor_spawned":[3,12,13],"killed_by":"Slime Boss","ascension_level":19}