{"gold_per_floor":[116,291,216,216,233,244,272,283,329,397,397,428,447,462,462,565,565,577,577,577],"floor_reached":20,"playtime":766,"items_purged":["Doubt"],"score":209,"play_id":"b5eb24c0-eeec-4f55-8713-9016a5466b11","local_time":"20190502222502","is_ascension_mode":false,"campfire_choices":[{"data":"Rampage","floor":11,"key":"SMITH"},{"data":"Demon Form","floor":15,"key":"SMITH"}],"neow_cost":"PERCENT_DAMAGE","seed_source_timestamp":354424651982346,"circlet_count":0,"master_deck":["Strike_R","Strike_R","Strike_R","Strike_R","Defend_R","Defend_R","Defend_R","Defend_R","Bash","Flame Barrier","Searing Blow","Flame Barrier","Rampage+1","Demon Form+1","Reaper","Armaments","True Grit"],"relics":["Burning Blood","The Courier","Blood Vial","Darkstone Periapt","Juzu Bracelet","Philosopher\u0027s Stone"],"potions_floor_usage":[7,7,16,18],"damage_taken":[{"damage":6,"enemies":"Cultist","floor":1,"turns":3},{"damage":2,"enemies":"2 Louse","floor":5,"turns":3},{"damage":0,"enemies":"Jaw Worm","floor":6,"turns":4},{"damage":19,"enemies":"Lagavulin","floor":7,"turns":6},{"damage":6,"enemies":"Blue Slaver","floor":8,"turns":5},{"damage":36,"enemies":"3 Sentries","floor":12,"turns":10},{"damage":0,"enemies":"Looter","floor":13,"turns":4},{"damage":19,"enemies":"Exordium Thugs","floor":14,"turns":6},{"damage":21,"enemies":"Slime Boss","floor":16,"turns":8},{"damage":21,"enemies":"Spheric Guardian","floor":18,"turns":5},{"damage":56,"enemies":"Colosseum Slavers","floor":20,"turns":7},{"damage":79,"enemies":"Colosseum Nobs","floor":20,"turns":4}],"seed_played":"4038589483147107182","potions_obtained":[{"floor":5,"key":"Energy Potion"},{"floor":6,"key":"Poison Potion"},{"floor":8,"key":"Dexterity Potion"},{"floor":16,"key":"Strength Potion"}],"is_trial":false,"path_per_floor":["M","?","$","?","M","M","E","M","T","T","R","E","M","M","R","B",null,"M","?","?"],"character_chosen":"IRONCLAD","items_purchased":[],"campfire_rested":0,"item_purchase_floors":[],"current_hp_per_floor":[72,72,72,65,69,75,62,62,62,62,62,34,42,31,31,18,96,81,81,0],"gold":577,"neow_bonus":"TWENTY_PERCENT_HP_BONUS","is_prod":false,"is_daily":false,"chose_seed":false,"campfire_upgraded":2,"win_rate":0,"timestamp":1556850302,"path_taken":["M","?","$","?","M","M","E","M","T","?","R","E","M","M","R","BOSS","M","?","?"],"build_version":"2019-01-23","purchased_purges":1,"victory":false,"max_hp_per_floor":[96,96,96,96,96,96,96,96,96,96,96,96,96,96,96,96,96,96,96,96],"card_choices":[{"not_picked":["Warcry","Disarm"],"picked":"Flame Barrier","floor":1},{"not_picked":["Ghostly Armor","Perfected Strike"],"picked":"Searing Blow","floor":5},{"not_picked":["Blood for Blood","Shockwave","Perfected Strike"],"picked":"SKIP","floor":6},{"not_picked":["Rupture","Reckless Charge"],"picked":"Flame Barrier","floor":7},{"not_picked":["Seeing Red","Iron Wave"],"picked":"Rampage","floor":8},{"not_picked":["True Grit","Pommel Strike","Body Slam"],"picked":"SKIP","floor":12},{"not_picked":["Entrench","Dual Wield","Flex"],"picked":"SKIP","floor":13},{"not_picked":["Wild Strike","Body Slam"],"picked":"Demon Form","floor":14},{"not_picked":["Demon Form","Immolate"],"picked":"Reaper","floor":16},{"not_picked":["Pommel Strike","Dual Wield"],"picked":"Armaments","floor":18}],"player_experience":649028,"relics_obtained":[{"floor":7,"key":"The Courier"},{"floor":9,"key":"Blood Vial"},{"floor":10,"key":"Darkstone Periapt"},{"floor":12,"key":"Juzu Bracelet"}],"event_choices":[{"damage_healed":0,"gold_gain":175,"player_choice":"AGREE","damage_taken":0,"max_hp_gain":0,"max_hp_loss":0,"event_name":"Liars Game","floor":2,"gold_loss":0,"cards_obtained":["Doubt"]},{"cards_removed":["Strike_R"],"damage_healed":0,"gold_gain":0,"player_choice":"Card Removal","damage_taken":7,"max_hp_gain":0,"max_hp_loss":0,"event_name":"Golden Wing","floor":4,"gold_loss":0},{"damage_healed":0,"gold_gain":0,"player_choice":"Read","damage_taken":0,"max_hp_gain":0,"max_hp_loss":0,"event_name":"The Library","floor":19,"gold_loss":0,"cards_obtained":["True Grit"]},{"damage_healed":0,"gold_gain":0,"player_choice":"Fight","damage_taken":0,"max_hp_gain":0,"max_hp_loss":0,"event_name":"Colosseum","floor":20,"gold_loss":0},{"damage_healed":0,"gold_gain":0,"player_choice":"Fought Nobs","damage_taken":0,"max_hp_gain":0,"max_hp_loss":0,"event_name":"Colosseum","floor":20,"gold_loss":0}],"is_beta":false,"boss_relics":[{"not_picked":["Black Star","Runic Dome"],"picked":"Philosopher\u0027s Stone"}],"items_purged_floors":[3],"is_endless":false,"potions_floor_spawned":[5,6,8,16,20],"killed_by":"Colosseum Nobs","ascension_level":0}