{"gold_per_floor":[119,119,194,209,209,234,234,247,247,276,276,6,6,34,34,139,139,155,155,168,183,183,183,183,30,112,122,141,196,196,206,206,206],"floor_reached":33,"playtime":2016,"items_purged":["Strike_G"],"score":461,"play_id":"30fa5ac1-65f7-4383-a7ae-849d1fd8d1ef","local_time":"20180817210825","is_ascension_mode":true,"campfire_choices":[{"floor":7,"key":"DIG"},{"floor":13,"key":"REST"},{"data":"Bullet Time","floor":15,"key":"SMITH"},{"data":"After Image","floor":23,"key":"SMITH"},{"data":"Footwork","floor":30,"key":"SMITH"},{"data":"Secret Technique","floor":32,"key":"SMITH"}],"neow_cost":"NONE","seed_source_timestamp":101231644781432,"circlet_count":0,"master_deck":["Defend_G","Defend_G+1","Defend_G","Defend_G","Defend_G","Strike_G","Strike_G","Strike_G+1","Strike_G+1","Survivor","Neutralize","AscendersBane","Acrobatics","Footwork+1","Dagger Spray","Bullet Time+1","Crippling Poison","Secret Technique+1","Underhanded Strike","After Image+1","Footwork+1","PiercingWail","Reflex","Underhanded Strike","Prepared+1","Dodge and Roll+1"],"relics":["Ring of the Snake","NeowsBlessing","Shovel","Mango","Vajra","Tingsha","Dead Branch","Whetstone","Bottled Lightning","White Beast Statue","Nunchaku","Happy Flower","Toxic Egg 2","Bag of Marbles"],"potions_floor_usage":[14,21,21,27,27,33,33],"damage_taken":[{"damage":0,"enemies":"Small Slimes","floor":1,"turns":1},{"damage":0,"enemies":"Cultist","floor":4,"turns":1},{"damage":0,"enemies":"Gremlin Nob","floor":6,"turns":1},{"damage":0,"enemies":"Jaw Worm","floor":8,"turns":6},{"damage":3,"enemies":"3 Sentries","floor":10,"turns":6},{"damage":6,"enemies":"Lagavulin","floor":14,"turns":9},{"damage":28,"enemies":"The Guardian","floor":16,"turns":12},{"damage":4,"enemies":"3 Byrds","floor":18,"turns":7},{"damage":0,"enemies":"Shell Parasite","floor":20,"turns":8},{"damage":2,"enemies":"Centurion and Healer","floor":21,"turns":5},{"damage":14,"enemies":"Sentry and Sphere","floor":27,"turns":10},{"damage":0,"enemies":"Snecko","floor":28,"turns":6},{"damage":3,"enemies":"Centurion and Healer","floor":31,"turns":9},{"damage":69,"enemies":"Champ","floor":33,"turns":13}],"seed_played":"2282468762521864127","potions_obtained":[{"floor":1,"key":"SkillPotion"},{"floor":10,"key":"Ancient Potion"},{"floor":16,"key":"PowerPotion"},{"floor":18,"key":"Swift Potion"},{"floor":21,"key":"SteroidPotion"},{"floor":24,"key":"Regen Potion"},{"floor":24,"key":"Dexterity Potion"},{"floor":27,"key":"PowerPotion"},{"floor":28,"key":"FearPotion"},{"floor":31,"key":"Fire Potion"}],"is_trial":false,"path_per_floor":["M","?","?","M","?","E","R","M","T","E","?","$","R","E","R","B",null,"M","?","M","M","?","R","?","$","T","M","M","T","R","M","R"],"character_chosen":"THE_SILENT","items_purchased":["Secret Technique","Happy Flower"],"campfire_rested":1,"item_purchase_floors":[12,25],"current_hp_per_floor":[63,63,52,52,54,54,54,54,54,51,34,34,59,53,53,25,69,65,65,65,63,63,63,63,63,63,64,64,64,64,61,61,0],"gold":206,"neow_bonus":"THREE_ENEMY_KILL","is_prod":false,"is_daily":false,"chose_seed":false,"campfire_upgraded":4,"win_rate":0,"timestamp":1534565305,"path_taken":["M","?","?","M","?","E","R","M","T","E","?","$","R","E","R","BOSS","M","?","M","?","?","R","?","$","T","M","M","?","R","M","R","BOSS"],"build_version":"2018-08-16","purchased_purges":1,"victory":false,"max_hp_per_floor":[70,70,70,70,84,84,84,84,84,84,84,84,84,84,84,84,84,84,84,84,84,84,84,84,84,84,84,84,84,84,84,84,84],"card_choices":[{"not_picked":["Masterful Stab","Dodge and Roll"],"picked":"Acrobatics","floor":1},{"not_picked":["Cloak And Dagger","Endless Agony"],"picked":"Footwork","floor":4},{"not_picked":["Bane","Slice"],"picked":"Dagger Spray","floor":6},{"not_picked":["Sucker Punch","Dagger Throw"],"picked":"Bullet Time","floor":8},{"not_picked":["Finisher","Dagger Spray"],"picked":"Crippling Poison","floor":10},{"not_picked":["Cloak And Dagger","Deflect"],"picked":"Underhanded Strike","floor":14},{"not_picked":["Venomology","Doppelganger"],"picked":"After Image","floor":16},{"not_picked":["Accuracy","Slice","Flying Knee"],"picked":"SKIP","floor":18},{"not_picked":["Sucker Punch","Expertise"],"picked":"PiercingWail","floor":20},{"not_picked":["Distraction","Deflect"],"picked":"Reflex","floor":21},{"not_picked":["Deadly Poison+1","Backflip+1"],"picked":"Underhanded Strike","floor":27},{"not_picked":["Expertise+1","Slice"],"picked":"Prepared+1","floor":28},{"not_picked":["Riddle With Holes","Choke"],"picked":"Dodge and Roll+1","floor":31}],"player_experience":779957,"relics_obtained":[{"floor":6,"key":"Vajra"},{"floor":7,"key":"Tingsha"},{"floor":9,"key":"Dead Branch"},{"floor":10,"key":"Whetstone"},{"floor":14,"key":"Bottled Lightning"},{"floor":26,"key":"Toxic Egg 2"},{"floor":29,"key":"Bag of Marbles"}],"event_choices":[{"event_name":"WeMeetAgain","player_choice":"Potion","floor":2,"damage_taken":0},{"event_name":"World of Goop","player_choice":"Gather Gold","floor":3,"damage_taken":0},{"event_name":"Scrap Ooze","player_choice":"success","floor":5,"damage_taken":12},{"event_name":"Shining Light","player_choice":"Entered Light","floor":11,"damage_taken":0},{"event_name":"The Library","player_choice":"Read","floor":19,"damage_taken":0},{"event_name":"The Mausoleum","player_choice":"Yes","floor":22,"damage_taken":0},{"event_name":"The Lab","player_choice":"Got Potions","floor":24,"damage_taken":0}],"is_beta":true,"boss_relics":[{"not_picked":["Coffee Dripper","Calling Bell"],"picked":"White Beast Statue"}],"items_purged_floors":[12],"is_endless":false,"potions_floor_spawned":[1,10,16,18,20,21,27,28,31],"killed_by":"Champ","ascension_level":12}