{"gold_per_floor":[110,90,107,107,118,144,144,164,164,177,177,188,62,62,62,62],"floor_reached":16,"playtime":824,"items_purged":["Strike_G"],"score":168,"play_id":"55805e8e-140b-41db-b255-fe6f9b8e1572","local_time":"20190323222551","is_ascension_mode":true,"campfire_choices":[{"floor":7,"key":"REST"},{"floor":11,"key":"REST"},{"floor":15,"key":"REST"}],"neow_cost":"NONE","seed_source_timestamp":276133339468794,"circlet_count":0,"master_deck":["AscendersBane","Defend_G","Defend_G","Defend_G","Defend_G","Defend_G","Strike_G","Strike_G+1","Strike_G","Strike_G+1","Survivor","Neutralize","Sucker Punch","Dagger Throw","Footwork","Dagger Spray","Leg Sweep","Backflip","Blade Dance"],"relics":["Ring of the Snake","Whetstone","Letter Opener","Kunai"],"potions_floor_usage":[6,16,16],"damage_taken":[{"damage":2,"enemies":"2 Louse","floor":1,"turns":3},{"damage":0,"enemies":"Cultist","floor":3,"turns":3},{"damage":0,"enemies":"Jaw Worm","floor":5,"turns":4},{"damage":32,"enemies":"Gremlin Nob","floor":6,"turns":5},{"damage":8,"enemies":"Large Slime","floor":8,"turns":8},{"damage":14,"enemies":"Exordium Wildlife","floor":10,"turns":5},{"damage":21,"enemies":"Gremlin Gang","floor":12,"turns":6},{"damage":64,"enemies":"Slime Boss","floor":16,"turns":14}],"seed_played":"-7811589769278580090","potions_obtained":[{"floor":2,"key":"GamblersBrew"},{"floor":3,"key":"Ancient Potion"},{"floor":8,"key":"Regen Potion"}],"is_trial":false,"path_per_floor":["M","?","M","$","M","E","R","M","T","M","R","M","$","?","R","B"],"character_chosen":"THE_SILENT","items_purchased":["Blade Dance"],"campfire_rested":3,"item_purchase_floors":[13],"current_hp_per_floor":[61,61,61,61,61,29,50,42,42,28,49,28,28,28,49,0],"gold":62,"neow_bonus":"RANDOM_COMMON_RELIC","is_prod":false,"is_daily":false,"chose_seed":false,"campfire_upgraded":0,"win_rate":0,"timestamp":1553394351,"path_taken":["M","?","M","$","M","E","R","M","T","M","R","?","$","?","R","BOSS"],"build_version":"2019-01-23","purchased_purges":1,"victory":false,"max_hp_per_floor":[70,70,70,70,70,70,70,70,70,70,70,70,70,70,70,70],"card_choices":[{"not_picked":["PiercingWail","Deadly Poison"],"picked":"Sucker Punch","floor":1},{"not_picked":["Acrobatics","Reflex"],"picked":"Dagger Throw","floor":3},{"not_picked":["Poisoned Stab","Sucker Punch"],"picked":"Footwork","floor":5},{"not_picked":["PiercingWail","All Out Attack"],"picked":"Dagger Spray","floor":6},{"not_picked":["Bane","Acrobatics","Outmaneuver"],"picked":"SKIP","floor":8},{"not_picked":["A Thousand Cuts","Distraction"],"picked":"Leg Sweep","floor":10},{"not_picked":["PiercingWail","Dagger Throw"],"picked":"Backflip","floor":12}],"player_experience":456481,"relics_obtained":[{"floor":6,"key":"Letter Opener"},{"floor":9,"key":"Kunai"}],"event_choices":[{"damage_healed":0,"gold_gain":0,"player_choice":"Bought 1 Potion","damage_taken":0,"max_hp_gain":0,"max_hp_loss":0,"event_name":"The Woman in Blue","floor":2,"gold_loss":0},{"damage_healed":0,"gold_gain":0,"player_choice":"Ignored","damage_taken":0,"max_hp_gain":0,"max_hp_loss":0,"event_name":"Shining Light","floor":14,"gold_loss":0}],"is_beta":false,"boss_relics":[],"items_purged_floors":[13],"is_endless":false,"potions_floor_spawned":[3,5,8],"killed_by":"Slime Boss","ascension_level":13}