{"gold_per_floor":[118,136,61,61,73,100,120,120,175,202,214,227,242,254,254,356,356,296,2,2,2,2,2,2,2,2,2,0,0,0,0,0,0,0,0,0,0,0,0,0,0,0,0,0,0,0,0,0,0,0],"floor_reached":50,"playtime":2780,"items_purged":["Clumsy","Strike_G"],"score":676,"play_id":"bb46a6af-3d26-40d6-9b40-67e1898b51cc","local_time":"20190211204911","is_ascension_mode":true,"campfire_choices":[{"floor":8,"key":"REST"},{"floor":15,"key":"REST"},{"data":"Prepared","floor":23,"key":"SMITH"},{"data":"Blur","floor":25,"key":"SMITH"},{"floor":27,"key":"REST"},{"data":"Corpse Explosion","floor":32,"key":"SMITH"},{"data":"Burst","floor":40,"key":"SMITH"},{"floor":49,"key":"REST"}],"neow_cost":"CURSE","seed_source_timestamp":57429002880857,"circlet_count":0,"master_deck":["Defend_G","Defend_G+1","Defend_G","Defend_G","Defend_G","Strike_G","Strike_G","Strike_G+1","Strike_G","Survivor","Neutralize","Predator","Dagger Throw","Bouncing Flask","Grand Finale","Caltrops","Escape Plan","Cloak And Dagger","Well Laid Plans","Leg Sweep","Corpse Explosion+1","Prepared+1","Blur+1","PiercingWail","Leg Sweep","Burst+1","Masterful Stab+1","Deadly Poison+1"],"relics":["Ring of the Snake","Peace Pipe","Strawberry","Tiny Chest","Ancient Tea Set","Ectoplasm","ClockworkSouvenir","Du-Vu Doll","Darkstone Periapt","Busted Crown","Red Mask","Pear","Meat on the Bone"],"potions_floor_usage":[10,18,29,33,50,50,50],"damage_taken":[{"damage":1,"enemies":"2 Louse","floor":1,"turns":3},{"damage":0,"enemies":"Jaw Worm","floor":2,"turns":3},{"damage":0,"enemies":"Cultist","floor":5,"turns":4},{"damage":31,"enemies":"Gremlin Nob","floor":6,"turns":4},{"damage":1,"enemies":"Large Slime","floor":7,"turns":5},{"damage":18,"enemies":"Lagavulin","floor":10,"turns":7},{"damage":0,"enemies":"Looter","floor":11,"turns":3},{"damage":8,"enemies":"Blue Slaver","floor":12,"turns":3},{"damage":2,"enemies":"Red Slaver","floor":13,"turns":4},{"damage":6,"enemies":"3 Louse","floor":14,"turns":3},{"damage":14,"enemies":"The Guardian","floor":16,"turns":10},{"damage":10,"enemies":"2 Thieves","floor":18,"turns":3},{"damage":12,"enemies":"Spheric Guardian","floor":22,"turns":4},{"damage":0,"enemies":"Gremlin Leader","floor":29,"turns":5},{"damage":0,"enemies":"Snake Plant","floor":31,"turns":5},{"damage":49,"enemies":"Collector","floor":33,"turns":12},{"damage":0,"enemies":"3 Shapes","floor":35,"turns":6},{"damage":6,"enemies":"Orb Walker","floor":36,"turns":5},{"damage":20,"enemies":"Transient","floor":41,"turns":5},{"damage":16,"enemies":"Sphere and 2 Shapes","floor":42,"turns":7},{"damage":19,"enemies":"Maw","floor":44,"turns":9},{"damage":3,"enemies":"4 Shapes","floor":47,"turns":4},{"damage":7,"enemies":"Jaw Worm Horde","floor":48,"turns":5},{"damage":78,"enemies":"Donu and Deca","floor":50,"turns":10}],"seed_played":"-4661567785874350183","potions_obtained":[{"floor":1,"key":"AttackPotion"},{"floor":5,"key":"LiquidBronze"},{"floor":10,"key":"GhostInAJar"},{"floor":13,"key":"Strength Potion"},{"floor":29,"key":"GhostInAJar"},{"floor":42,"key":"Dexterity Potion"},{"floor":47,"key":"EssenceOfSteel"}],"is_trial":false,"path_per_floor":["M","M","$","?","M","E","M","R","T","E","M","M","M","M","R","B",null,"M","$","?","$","M","R","?","R","T","R","?","E","$","M","R","B",null,"M","M","?","?","T","R","M","M","T","M","?","$","M","M","R","B"],"character_chosen":"THE_SILENT","items_purchased":["ClockworkSouvenir"],"campfire_rested":4,"item_purchase_floors":[19],"current_hp_per_floor":[62,62,62,48,48,24,23,46,46,28,28,20,18,12,35,21,63,53,53,53,53,41,41,41,41,41,64,64,64,64,64,64,15,62,62,56,56,56,66,66,46,30,30,23,23,23,32,37,63,0],"gold":0,"neow_bonus":"ONE_RARE_RELIC","is_prod":false,"is_daily":false,"chose_seed":false,"campfire_upgraded":4,"win_rate":0,"timestamp":1549936151,"path_taken":["M","M","$","?","M","E","M","R","T","E","M","M","M","M","R","BOSS","M","$","?","$","M","R","?","R","T","R","?","E","?","?","R","BOSS","M","M","?","?","?","R","M","M","T","M","?","$","?","M","R","BOSS"],"build_version":"2019-01-23","purchased_purges":2,"victory":false,"max_hp_per_floor":[70,70,70,70,70,77,77,77,77,77,77,77,77,77,77,77,77,77,77,77,77,77,77,77,77,77,77,77,77,77,77,77,77,77,77,77,77,77,87,87,87,87,87,87,87,87,87,87,87,87],"card_choices":[{"not_picked":["Catalyst","Blade Dance"],"picked":"Predator","floor":1},{"not_picked":["Underhanded Strike","Heel Hook"],"picked":"Dagger Throw","floor":2},{"not_picked":["Poisoned Stab","Underhanded Strike"],"picked":"Bouncing Flask","floor":5},{"not_picked":["Cloak And Dagger","Bouncing Flask"],"picked":"Grand Finale","floor":6},{"not_picked":["PiercingWail","Slice"],"picked":"Caltrops","floor":7},{"not_picked":["Slice","Masterful Stab"],"picked":"Escape Plan","floor":10},{"not_picked":["Blade Dance","Dodge and Roll"],"picked":"Cloak And Dagger","floor":11},{"not_picked":["Bane","Quick Slash","Slice"],"picked":"SKIP","floor":12},{"not_picked":["Deadly Poison","Footwork"],"picked":"Well Laid Plans","floor":13},{"not_picked":["Acrobatics","Sucker Punch"],"picked":"Leg Sweep","floor":14},{"not_picked":["Envenom","Burst"],"picked":"Corpse Explosion","floor":16},{"not_picked":["Deflect","Sucker Punch"],"picked":"Prepared","floor":18},{"not_picked":["Outmaneuver","Finisher"],"picked":"Blur","floor":22},{"not_picked":["Tactician+1","Reflex"],"picked":"PiercingWail","floor":29},{"not_picked":["All Out Attack+1","Reflex"],"picked":"Leg Sweep","floor":31},{"not_picked":["Wraith Form v2","Glass Knife"],"picked":"Burst","floor":33},{"not_picked":["Blade Dance"],"picked":"SKIP","floor":35},{"not_picked":["Distraction"],"picked":"SKIP","floor":36},{"not_picked":[],"picked":"Masterful Stab+1","floor":41},{"not_picked":["Slice"],"picked":"SKIP","floor":42},{"not_picked":["Sucker Punch+1"],"picked":"SKIP","floor":44},{"not_picked":["Underhanded Strike+1"],"picked":"SKIP","floor":47},{"not_picked":[],"picked":"Deadly Poison+1","floor":48}],"player_experience":234172,"relics_obtained":[{"floor":6,"key":"Strawberry"},{"floor":9,"key":"Tiny Chest"},{"floor":10,"key":"Ancient Tea Set"},{"floor":26,"key":"Du-Vu Doll"},{"floor":29,"key":"Darkstone Periapt"},{"floor":39,"key":"Pear"},{"floor":43,"key":"Meat on the Bone"}],"event_choices":[{"damage_healed":0,"gold_gain":0,"player_choice":"Entered Light","damage_taken":14,"max_hp_gain":0,"max_hp_loss":0,"event_name":"Shining Light","floor":4,"gold_loss":0,"cards_upgraded":["Defend_G","Strike_G"]},{"damage_healed":0,"gold_gain":0,"player_choice":"Ignored","damage_taken":0,"max_hp_gain":0,"max_hp_loss":0,"event_name":"Vampires","floor":20,"gold_loss":0},{"damage_healed":0,"gold_gain":0,"player_choice":"Ignored","damage_taken":0,"max_hp_gain":0,"max_hp_loss":0,"event_name":"Cursed Tome","floor":24,"gold_loss":0},{"damage_healed":0,"gold_gain":0,"player_choice":"Paid Fearfully","damage_taken":0,"max_hp_gain":0,"max_hp_loss":0,"event_name":"Masked Bandits","floor":28,"gold_loss":2},{"damage_healed":0,"gold_gain":0,"player_choice":"Paid","damage_taken":0,"relics_obtained":["Red Mask"],"max_hp_gain":0,"max_hp_loss":0,"event_name":"Tomb of Lord Red Mask","floor":37,"gold_loss":0},{"damage_healed":0,"gold_gain":0,"player_choice":"Ignored","damage_taken":0,"max_hp_gain":0,"max_hp_loss":0,"event_name":"Mysterious Sphere","floor":38,"gold_loss":0},{"damage_healed":0,"gold_gain":0,"player_choice":"Memory 1","damage_taken":0,"max_hp_gain":0,"max_hp_loss":0,"event_name":"SensoryStone","floor":45,"gold_loss":0}],"is_beta":false,"boss_relics":[{"not_picked":["Tiny House","White Beast Statue"],"picked":"Ectoplasm"},{"not_picked":["Snecko Eye","Philosopher\u0027s Stone"],"picked":"Busted Crown"}],"items_purged_floors":[3,19],"is_endless":false,"potions_floor_spawned":[1,5,10,13,29,42,47],"killed_by":"Donu and Deca","ascension_level":6}