{"gold_per_floor":[112,112,130,130,55,55,80,80,80,80,98,98,98,111,111,184,184,198,210,210,226,243,262,187,197,197,197,217,217,228,228,228,305,305,322,372,131,151,151,151,168,168,217,317,317,51,51,65,65,65],"floor_reached":50,"playtime":2664,"items_purged":["Decay","Defend_R"],"score":961,"play_id":"9a6c31f6-1276-4a59-9cf2-841a48c5c818","local_time":"20190625223815","is_ascension_mode":true,"campfire_choices":[{"data":"Uppercut","floor":6,"key":"SMITH"},{"data":"Feed","floor":8,"key":"SMITH"},{"data":"Carnage","floor":10,"key":"SMITH"},{"data":"Clothesline","floor":15,"key":"SMITH"},{"floor":27,"key":"REST"},{"floor":29,"key":"REST"},{"floor":32,"key":"RECALL"},{"floor":40,"key":"REST"},{"floor":47,"key":"REST"},{"floor":49,"key":"REST"}],"neow_cost":"CURSE","seed_source_timestamp":1120156063701283,"circlet_count":0,"master_deck":["AscendersBane","Defend_R","Defend_R","Defend_R","Bash","Uppercut+1","Carnage+1","Feed+1","Warcry","Shrug It Off","Clothesline+1","Juggernaut","Disarm","Sever Soul","Metallicize+1","Havoc","Offering","Flame Barrier","Havoc","Corruption","Sentinel","Sentinel","Body Slam","Shrug It Off","Bite","Bite","Bite","Bite","Dark Embrace","Flame Barrier","Shockwave","Bandage Up","True Grit+1","Shrug It Off+1","Burning Pact","Master of Strategy","Body Slam"],"relics":["Black Blood","Dead Branch","Mummified Hand","Prayer Wheel","Pear","Gremlin Horn","Gambling Chip","Fusion Hammer","Dodecahedron","Dream Catcher","Incense Burner"],"potions_floor_usage":[7,16,16,19,23,28,30,35,50,50],"damage_taken":[{"damage":16,"enemies":"Jaw Worm","floor":1,"turns":4},{"damage":6,"enemies":"2 Louse","floor":3,"turns":3},{"damage":20,"enemies":"3 Sentries","floor":7,"turns":8},{"damage":1,"enemies":"Small Slimes","floor":11,"turns":3},{"damage":14,"enemies":"Red Slaver","floor":14,"turns":4},{"damage":36,"enemies":"The Guardian","floor":16,"turns":12},{"damage":18,"enemies":"Chosen","floor":18,"turns":5},{"damage":13,"enemies":"Spheric Guardian","floor":19,"turns":4},{"damage":14,"enemies":"Snecko","floor":21,"turns":4},{"damage":30,"enemies":"Snake Plant","floor":22,"turns":3},{"damage":10,"enemies":"Shelled Parasite and Fungi","floor":23,"turns":4},{"damage":27,"enemies":"Sentry and Sphere","floor":25,"turns":4},{"damage":6,"enemies":"3 Cultists","floor":28,"turns":3},{"damage":9,"enemies":"Chosen and Byrds","floor":30,"turns":4},{"damage":56,"enemies":"Collector","floor":33,"turns":6},{"damage":20,"enemies":"Orb Walker","floor":35,"turns":3},{"damage":6,"enemies":"3 Darklings","floor":38,"turns":3},{"damage":21,"enemies":"Sphere and 2 Shapes","floor":41,"turns":3},{"damage":12,"enemies":"Mind Bloom Boss Battle","floor":44,"turns":4},{"damage":7,"enemies":"4 Shapes","floor":48,"turns":2},{"damage":84,"enemies":"Time Eater","floor":50,"turns":11}],"seed_played":"5367608149153555219","potions_obtained":[{"floor":3,"key":"SteroidPotion"},{"floor":11,"key":"Dexterity Potion"},{"floor":14,"key":"Weak Potion"},{"floor":16,"key":"Weak Potion"},{"floor":22,"key":"Ancient Potion"},{"floor":25,"key":"Swift Potion"},{"floor":30,"key":"Fruit Juice"},{"floor":33,"key":"Weak Potion"},{"floor":44,"key":"AttackPotion"}],"is_trial":false,"path_per_floor":["M","?","M","?","$","R","E","R","T","R","M","?","T","M","R","B",null,"M","M","$","M","M","M","?","M","T","R","M","R","M","?","R","B",null,"M","?","$","M","?","R","M","?","T","?","?","$","R","M","R","B"],"character_chosen":"IRONCLAD","items_purchased":["Shockwave","Bandage Up","Master of Strategy","SkillPotion"],"campfire_rested":5,"item_purchase_floors":[37,37,46,46],"current_hp_per_floor":[58,53,53,75,75,75,61,61,71,71,80,80,80,76,76,46,81,69,62,62,58,34,34,34,17,17,48,48,79,81,77,77,41,68,68,61,61,77,77,77,81,77,77,75,75,75,77,77,77,0],"gold":65,"neow_bonus":"ONE_RARE_RELIC","is_prod":false,"is_daily":false,"chose_seed":false,"campfire_upgraded":4,"win_rate":0,"timestamp":1561527495,"path_taken":["M","?","M","?","$","R","E","R","T","R","M","?","?","M","R","BOSS","M","M","$","M","M","M","?","M","T","R","M","R","M","?","R","BOSS","M","?","$","?","?","R","M","?","T","?","?","$","R","M","R","BOSS"],"build_version":"2019-01-23","purchased_purges":2,"victory":false,"max_hp_per_floor":[75,75,75,75,75,75,75,75,85,85,89,89,89,93,93,93,93,93,93,93,97,97,101,101,105,105,105,105,105,110,77,77,77,77,77,77,77,77,77,77,81,77,77,77,77,77,77,77,77,77],"card_choices":[{"not_picked":["Pummel","Sword Boomerang"],"picked":"Uppercut","floor":1},{"not_picked":["Havoc","Iron Wave"],"picked":"Carnage","floor":3},{"not_picked":["Clash","Iron Wave"],"picked":"Feed","floor":7},{"not_picked":["Thunderclap","Wild Strike"],"picked":"Warcry","floor":11},{"not_picked":["Pommel Strike","Perfected Strike","Twin Strike"],"picked":"SKIP","floor":11},{"not_picked":["Clash","Power Through"],"picked":"Shrug It Off","floor":14},{"not_picked":["Blood for Blood","Whirlwind"],"picked":"Clothesline","floor":14},{"not_picked":["Berserk","Bludgeon"],"picked":"Juggernaut","floor":16},{"not_picked":["Cleave+1","Twin Strike"],"picked":"Disarm","floor":18},{"not_picked":["Searing Blow","Body Slam","Clothesline"],"picked":"SKIP","floor":18},{"not_picked":["True Grit","Uppercut"],"picked":"Sever Soul","floor":19},{"not_picked":["Iron Wave","Blood for Blood","Clothesline"],"picked":"SKIP","floor":19},{"not_picked":["Pommel Strike+1","Flex"],"picked":"Metallicize+1","floor":21},{"not_picked":["Headbutt","Body Slam"],"picked":"Havoc","floor":21},{"not_picked":["Rampage","Evolve"],"picked":"Offering","floor":22},{"not_picked":["Clothesline","Reckless Charge","Perfected Strike"],"picked":"SKIP","floor":22},{"not_picked":["Flex+1","Searing Blow"],"picked":"Flame Barrier","floor":23},{"not_picked":["Hemokinesis","Thunderclap"],"picked":"Havoc","floor":23},{"not_picked":["True Grit","Fire Breathing"],"picked":"Corruption","floor":25},{"not_picked":["Rage","Iron Wave"],"picked":"Sentinel","floor":25},{"not_picked":["Anger","Iron Wave"],"picked":"Sentinel","floor":28},{"not_picked":["Flex","Armaments"],"picked":"Body Slam","floor":28},{"not_picked":["Perfected Strike+1","Anger"],"picked":"Shrug It Off","floor":30},{"not_picked":["Pummel","Heavy Blade","Warcry"],"picked":"SKIP","floor":30},{"not_picked":["Impervious","Reaper"],"picked":"Dark Embrace","floor":33},{"not_picked":["Burning Pact","Metallicize"],"picked":"Flame Barrier","floor":35},{"not_picked":["Sentinel","Rampage","Entrench"],"picked":"SKIP","floor":35},{"not_picked":["Cleave","Heavy Blade"],"picked":"True Grit+1","floor":38},{"not_picked":["Sword Boomerang","Heavy Blade","Spot Weakness"],"picked":"SKIP","floor":38},{"not_picked":["Headbutt","Thunderclap"],"picked":"Shrug It Off+1","floor":41},{"not_picked":["Flex","True Grit"],"picked":"Burning Pact","floor":41},{"not_picked":["Clash+1","Sword Boomerang"],"picked":"Body Slam","floor":48},{"not_picked":["Headbutt+1","Rampage+1","Perfected Strike"],"picked":"SKIP","floor":48}],"player_experience":1083277,"relics_obtained":[{"floor":7,"key":"Prayer Wheel"},{"floor":9,"key":"Pear"},{"floor":13,"key":"Gambling Chip"},{"floor":26,"key":"Dodecahedron"},{"floor":43,"key":"Dream Catcher"},{"floor":44,"key":"Incense Burner"}],"event_choices":[{"damage_healed":0,"gold_gain":0,"player_choice":"Success","damage_taken":5,"relics_obtained":["Mummified Hand"],"max_hp_gain":0,"max_hp_loss":0,"event_name":"Scrap Ooze","floor":2,"gold_loss":0},{"damage_healed":25,"gold_gain":0,"player_choice":"Banana","damage_taken":0,"max_hp_gain":0,"max_hp_loss":0,"event_name":"Big Fish","floor":4,"gold_loss":0},{"damage_healed":0,"gold_gain":0,"player_choice":"Searched \u00271\u0027 times","damage_taken":0,"relics_obtained":["Gremlin Horn"],"max_hp_gain":0,"max_hp_loss":0,"event_name":"Dead Adventurer","floor":12,"gold_loss":0},{"cards_removed":["Strike_R"],"damage_healed":0,"gold_gain":0,"player_choice":"Gave Gold","damage_taken":0,"max_hp_gain":0,"max_hp_loss":0,"event_name":"Beggar","floor":24,"gold_loss":75},{"damage_healed":0,"gold_gain":0,"player_choice":"Became a vampire","damage_taken":0,"max_hp_gain":0,"max_hp_loss":33,"event_name":"Vampires","floor":31,"gold_loss":0,"cards_obtained":["Bite","Bite","Bite","Bite","Bite"]},{"damage_healed":0,"gold_gain":50,"player_choice":"Touch","damage_taken":7,"max_hp_gain":0,"max_hp_loss":0,"event_name":"FaceTrader","floor":36,"gold_loss":0},{"cards_removed":["Bite"],"damage_healed":0,"gold_gain":0,"player_choice":"Removed Attack","damage_taken":0,"max_hp_gain":0,"max_hp_loss":0,"event_name":"Falling","floor":39,"gold_loss":0},{"damage_healed":0,"gold_gain":0,"player_choice":"Max HP","damage_taken":0,"max_hp_gain":0,"max_hp_loss":4,"event_name":"Winding Halls","floor":42,"gold_loss":0},{"damage_healed":0,"gold_gain":0,"player_choice":"Fight","damage_taken":0,"max_hp_gain":0,"max_hp_loss":0,"event_name":"MindBloom","floor":44,"gold_loss":0},{"damage_healed":0,"gold_gain":0,"player_choice":"0 cards matched","damage_taken":0,"max_hp_gain":0,"max_hp_loss":0,"event_name":"Match and Keep!","floor":45,"gold_loss":0,"cards_obtained":[]}],"is_beta":false,"boss_relics":[{"not_picked":["Empty Cage","Philosopher\u0027s Stone"],"picked":"Fusion Hammer"},{"not_picked":["Eternal Feather","Black Star"],"picked":"Black Blood"}],"items_purged_floors":[5,37],"is_endless":false,"potions_floor_spawned":[3,11,14,16,22,25,30,33,44,48],"killed_by":"Time Eater","ascension_level":19}