{"gold_per_floor":[113,113,133,148,148,148,178,178,204,237,237,19,19,44,44,140,140,100,100,100,23,41,41,77,90,171,204,204,229,229],"floor_reached":30,"playtime":1109,"items_purged":["Strike_G+1"],"score":548,"play_id":"94fab4de-1e3c-4fff-b8b5-125801d782c8","local_time":"20190628221732","is_ascension_mode":true,"campfire_choices":[{"data":"Caltrops","floor":6,"key":"SMITH"},{"data":"A Thousand Cuts","floor":8,"key":"SMITH"},{"floor":15,"key":"REST"},{"data":"Ghostly","floor":23,"key":"SMITH"}],"neow_cost":"TEN_PERCENT_HP_LOSS","seed_source_timestamp":614687273798748,"circlet_count":0,"master_deck":["AscendersBane","Defend_G+1","Defend_G+1","Defend_G+1","Defend_G+1","Defend_G+1","Strike_G+1","Strike_G+1","Strike_G+1","Strike_G+1","Survivor","Neutralize","Wraith Form v2","Predator","Caltrops+1","Deadly Poison+1","A Thousand Cuts+1","Poisoned Stab","Bullet Time","Ghostly+1","Ghostly","Ghostly","Leg Sweep","Backstab","Escape Plan+1","Footwork+1","Pain","Deadly Poison"],"relics":["Ring of the Serpent","Vajra","Bag of Preparation","Gambling Chip","Membership Card","Golden Idol","Pen Nib","Bottled Tornado","Frozen Egg 2","Regal Pillow","WarpedTongs"],"potions_floor_usage":[10,16,18,30],"damage_taken":[{"damage":4,"enemies":"Jaw Worm","floor":1,"turns":6},{"damage":11,"enemies":"Small Slimes","floor":3,"turns":5},{"damage":0,"enemies":"2 Louse","floor":4,"turns":2},{"damage":12,"enemies":"Lagavulin","floor":7,"turns":7},{"damage":28,"enemies":"Gremlin Nob","floor":10,"turns":4},{"damage":14,"enemies":"Hexaghost","floor":16,"turns":9},{"damage":11,"enemies":"2 Thieves","floor":18,"turns":2},{"damage":2,"enemies":"Shell Parasite","floor":22,"turns":5},{"damage":7,"enemies":"Book of Stabbing","floor":24,"turns":5},{"damage":0,"enemies":"Snake Plant","floor":25,"turns":4},{"damage":2,"enemies":"Slavers","floor":27,"turns":4},{"damage":4,"enemies":"Centurion and Healer","floor":29,"turns":7},{"damage":22,"enemies":"Gremlin Leader","floor":30,"turns":7}],"seed_played":"-6640557219395283409","potions_obtained":[{"floor":1,"key":"Strength Potion"},{"floor":4,"key":"SmokeBomb"},{"floor":10,"key":"Strength Potion"},{"floor":22,"key":"SpeedPotion"},{"floor":24,"key":"SteroidPotion"}],"is_trial":false,"path_per_floor":["M","?","M","M","?","R","E","R","T","E","?","$","?","T","R","B",null,"M","?","?","$","M","R","E","M","T","E","?","M","E"],"character_chosen":"THE_SILENT","items_purchased":["Membership Card","Leg Sweep"],"campfire_rested":1,"item_purchase_floors":[12,21],"current_hp_per_floor":[55,55,44,44,44,44,32,32,32,4,4,4,4,4,20,6,42,31,31,27,27,25,25,18,18,18,16,16,12,0],"gold":229,"neow_bonus":"THREE_RARE_CARDS","is_prod":false,"is_daily":false,"chose_seed":false,"campfire_upgraded":3,"win_rate":0,"timestamp":1561774652,"path_taken":["M","?","M","M","?","R","E","R","T","E","?","$","?","?","R","BOSS","M","?","?","$","M","R","E","M","T","E","?","?","E"],"build_version":"2019-01-23","purchased_purges":1,"victory":false,"max_hp_per_floor":[60,60,60,60,60,60,60,60,60,60,60,60,54,54,54,54,54,54,54,27,27,27,27,27,27,27,27,27,27,27],"card_choices":[{"not_picked":["Burst","Phantasmal Killer"],"picked":"Wraith Form v2","floor":0},{"not_picked":["Blade Dance","Prepared"],"picked":"Predator","floor":1},{"not_picked":["Underhanded Strike","Dash"],"picked":"Caltrops","floor":3},{"not_picked":["Eviscerate","Outmaneuver"],"picked":"Deadly Poison","floor":4},{"not_picked":["Distraction","PiercingWail"],"picked":"A Thousand Cuts","floor":7},{"not_picked":["Sucker Punch","Quick Slash"],"picked":"Poisoned Stab","floor":10},{"not_picked":["Burst","A Thousand Cuts"],"picked":"Bullet Time","floor":16},{"not_picked":["Blur","Tactician"],"picked":"Backstab","floor":22},{"not_picked":["Backflip","Skewer"],"picked":"Escape Plan+1","floor":24},{"not_picked":["Underhanded Strike+1","Concentrate"],"picked":"Footwork+1","floor":25},{"not_picked":["Quick Slash","Tools of the Trade+1","Acrobatics"],"picked":"SKIP","floor":27},{"not_picked":["Tactician","Dagger Spray"],"picked":"Deadly Poison","floor":29}],"player_experience":991243,"relics_obtained":[{"floor":7,"key":"Vajra"},{"floor":9,"key":"Bag of Preparation"},{"floor":10,"key":"Gambling Chip"},{"floor":14,"key":"Pen Nib"},{"floor":24,"key":"Bottled Tornado"},{"floor":26,"key":"Frozen Egg 2"},{"floor":27,"key":"Regal Pillow"}],"event_choices":[{"damage_healed":0,"gold_gain":0,"player_choice":"Ignored","damage_taken":0,"max_hp_gain":0,"max_hp_loss":0,"event_name":"Shining Light","floor":2,"gold_loss":0},{"damage_healed":0,"gold_gain":0,"player_choice":"Grow","damage_taken":0,"max_hp_gain":0,"max_hp_loss":0,"event_name":"Living Wall","floor":5,"gold_loss":0,"cards_upgraded":["Deadly Poison"]},{"damage_healed":0,"gold_gain":0,"player_choice":"Fled","damage_taken":0,"max_hp_gain":0,"max_hp_loss":0,"event_name":"Scrap Ooze","floor":11,"gold_loss":0},{"damage_healed":0,"gold_gain":0,"player_choice":"Lose Max HP","damage_taken":0,"relics_obtained":["Golden Idol"],"max_hp_gain":0,"max_hp_loss":6,"event_name":"Golden Idol","floor":13,"gold_loss":0},{"damage_healed":0,"gold_gain":0,"player_choice":"Simplicity","damage_taken":0,"max_hp_gain":0,"max_hp_loss":0,"event_name":"Back to Basics","floor":19,"gold_loss":0,"cards_upgraded":["Defend_G","Defend_G","Defend_G","Defend_G","Defend_G","Strike_G","Strike_G","Strike_G","Strike_G","Strike_G"]},{"damage_healed":0,"gold_gain":0,"player_choice":"Became a Ghost","damage_taken":0,"max_hp_gain":0,"max_hp_loss":27,"event_name":"Ghosts","floor":20,"gold_loss":0,"cards_obtained":["Ghostly","Ghostly","Ghostly"]},{"damage_healed":0,"gold_gain":0,"player_choice":"Rummage","damage_taken":0,"relics_obtained":["WarpedTongs"],"max_hp_gain":0,"max_hp_loss":0,"event_name":"Accursed Blacksmith","floor":28,"gold_loss":0,"cards_obtained":["Pain"]}],"is_beta":false,"boss_relics":[{"not_picked":["Black Star","Lizard Tail"],"picked":"Ring of the Serpent"}],"items_purged_floors":[21],"is_endless":false,"potions_floor_spawned":[1,4,10,22,24],"killed_by":"Gremlin Leader","ascension_level":20}