{"gold_per_floor":[111,111,129,129,140,140,204,204,229,258,270,296,322,45,45,145,145,163,177,177,195,247,247,263,263],"floor_reached":25,"playtime":2321,"items_purged":[],"score":308,"play_id":"02d49f41-161e-4851-b6f2-aedbda057d62","local_time":"20190223201431","is_ascension_mode":true,"campfire_choices":[{"data":"Inflame","floor":6,"key":"SMITH"},{"floor":8,"key":"REST"},{"data":"Perfected Strike","floor":11,"key":"SMITH"},{"data":"Shrug It Off","floor":15,"key":"SMITH"},{"data":"Demon Form","floor":23,"key":"SMITH"}],"neow_cost":"NONE","seed_source_timestamp":693036970868346,"circlet_count":0,"master_deck":["AscendersBane","Strike_R","Strike_R+1","Strike_R","Strike_R","Defend_R+1","Defend_R","Defend_R","Defend_R","Bash","Dramatic Entrance","Inflame+1","Perfected Strike+1","Cleave","Whirlwind","Reaper","Shrug It Off+1","Dropkick","Demon Form+1","Pommel Strike","Pommel Strike","Heavy Blade"],"relics":["Burning Blood","Tiny Chest","MawBank","Paper Frog","Busted Crown","Bronze Scales"],"potions_floor_usage":[13,16,16,19,25],"damage_taken":[{"damage":8,"enemies":"Jaw Worm","floor":1,"turns":5},{"damage":5,"enemies":"2 Louse","floor":3,"turns":3},{"damage":3,"enemies":"Small Slimes","floor":5,"turns":2},{"damage":39,"enemies":"3 Sentries","floor":7,"turns":7},{"damage":11,"enemies":"Blue Slaver","floor":10,"turns":3},{"damage":10,"enemies":"Large Slime","floor":12,"turns":4},{"damage":0,"enemies":"2 Fungi Beasts","floor":13,"turns":2},{"damage":12,"enemies":"Hexaghost","floor":16,"turns":9},{"damage":42,"enemies":"2 Thieves","floor":18,"turns":4},{"damage":12,"enemies":"Chosen","floor":19,"turns":4},{"damage":10,"enemies":"Snecko","floor":21,"turns":3},{"damage":27,"enemies":"Cultist and Chosen","floor":24,"turns":4},{"damage":35,"enemies":"Snake Plant","floor":25,"turns":2}],"seed_played":"7274464890985976547","potions_obtained":[{"floor":3,"key":"Dexterity Potion"},{"floor":5,"key":"PowerPotion"},{"floor":7,"key":"Poison Potion"},{"floor":13,"key":"GamblersBrew"},{"floor":21,"key":"SpeedPotion"}],"is_trial":false,"path_per_floor":["M","?","M","?","M","R","E","R","T","M","R","M","M","$","R","B",null,"M","M","?","M","T","R","M","M"],"character_chosen":"IRONCLAD","items_purchased":["Paper Frog","Dropkick"],"campfire_rested":1,"item_purchase_floors":[14,14],"current_hp_per_floor":[70,63,64,48,51,51,18,42,42,37,37,33,47,47,47,58,75,39,44,44,49,49,49,28,0],"gold":263,"neow_bonus":"RANDOM_COLORLESS","is_prod":false,"is_daily":false,"chose_seed":false,"campfire_upgraded":4,"win_rate":0,"timestamp":1550970871,"path_taken":["M","?","M","?","M","R","E","R","T","M","R","M","M","?","R","BOSS","M","M","?","M","?","R","M","M"],"build_version":"2019-01-23","purchased_purges":0,"victory":false,"max_hp_per_floor":[80,80,80,80,80,80,80,80,80,80,80,80,80,80,80,80,80,80,80,80,80,80,80,80,80],"card_choices":[{"not_picked":["True Grit","Havoc","Dropkick"],"picked":"SKIP","floor":1},{"not_picked":["Wild Strike","Second Wind"],"picked":"Inflame","floor":3},{"not_picked":["Flex","True Grit"],"picked":"Perfected Strike","floor":5},{"not_picked":["Havoc","Shrug It Off"],"picked":"Cleave","floor":7},{"not_picked":["Wild Strike","Flex"],"picked":"Whirlwind","floor":10},{"not_picked":["Havoc","Burning Pact"],"picked":"Reaper","floor":12},{"not_picked":["Body Slam","Warcry"],"picked":"Shrug It Off","floor":13},{"not_picked":["Impervious","Brutality"],"picked":"Demon Form","floor":16},{"not_picked":[],"picked":"Pommel Strike","floor":18},{"not_picked":[],"picked":"Pommel Strike","floor":19},{"not_picked":["Second Wind"],"picked":"SKIP","floor":21},{"not_picked":["Havoc"],"picked":"SKIP","floor":24}],"player_experience":314145,"relics_obtained":[{"floor":7,"key":"Tiny Chest"},{"floor":9,"key":"MawBank"},{"floor":22,"key":"Bronze Scales"}],"event_choices":[{"cards_removed":["Strike_R"],"damage_healed":0,"gold_gain":0,"player_choice":"Card Removal","damage_taken":7,"max_hp_gain":0,"max_hp_loss":0,"event_name":"Golden Wing","floor":2,"gold_loss":0},{"damage_healed":0,"gold_gain":0,"player_choice":"Entered Light","damage_taken":16,"max_hp_gain":0,"max_hp_loss":0,"event_name":"Shining Light","floor":4,"gold_loss":0,"cards_upgraded":["Strike_R","Defend_R"]},{"damage_healed":0,"gold_gain":0,"player_choice":"Read","damage_taken":0,"max_hp_gain":0,"max_hp_loss":0,"event_name":"The Library","floor":20,"gold_loss":0,"cards_obtained":["Heavy Blade"]}],"is_beta":false,"boss_relics":[{"not_picked":["White Beast Statue","Black Blood"],"picked":"Busted Crown"}],"items_purged_floors":[],"is_endless":false,"potions_floor_spawned":[3,5,7,13,21],"killed_by":"Snake Plant","ascension_level":10}