{"gold_per_floor":[210,229,241,241,261,261,300,300,300,28,53,71,102,126,126,219,219,239,164,164,164,178,178,194,119,119,119,169,169,17,52,52,145,145,166,291,315,315,338,338],"floor_reached":40,"playtime":2363,"items_purged":["Strike_B","Strike_B"],"score":832,"play_id":"c5872902-ebe6-45ab-9c12-c0a2bf2b227c","local_time":"20190523094303","is_ascension_mode":true,"campfire_choices":[{"data":"Beam Cell","floor":6,"key":"SMITH"},{"data":"Ball Lightning","floor":15,"key":"SMITH"},{"floor":23,"key":"REST"},{"floor":27,"key":"RECALL"},{"floor":29,"key":"REST"},{"floor":32,"key":"REST"}],"neow_cost":"NONE","seed_source_timestamp":489597922721017,"circlet_count":0,"master_deck":["AscendersBane","Defend_B","Defend_B","Defend_B","Zap","Dualcast","Cold Snap","Beam Cell+1","BootSequence+1","Conserve Battery+1","Self Repair","Steam+1","Ball Lightning+1","Streamline+1","Undo+1","Echo Form","Reinforced Body+1","Undo+1","Steam+1","White Noise+1","Coolheaded+1","Cold Snap+1","Glacier+1","Thunder Strike+1","Blizzard+1","Hologram+1","Glacier+1"],"relics":["Cracked Core","Golden Idol","Toxic Egg 2","Symbiotic Virus","Strawberry","Molten Egg 2","Fusion Hammer","Meat on the Bone","Pocketwatch","Busted Crown","Ginger"],"potions_floor_usage":[7,16,16,31,31,36,39,40],"damage_taken":[{"damage":1,"enemies":"Cultist","floor":1,"turns":3},{"damage":0,"enemies":"Jaw Worm","floor":2,"turns":3},{"damage":0,"enemies":"2 Louse","floor":3,"turns":2},{"damage":4,"enemies":"Looter","floor":5,"turns":4},{"damage":32,"enemies":"3 Sentries","floor":7,"turns":9},{"damage":0,"enemies":"Blue Slaver","floor":11,"turns":3},{"damage":0,"enemies":"3 Louse","floor":12,"turns":5},{"damage":3,"enemies":"Lagavulin","floor":13,"turns":8},{"damage":0,"enemies":"2 Fungi Beasts","floor":14,"turns":2},{"damage":2,"enemies":"Hexaghost","floor":16,"turns":8},{"damage":18,"enemies":"Chosen","floor":18,"turns":5},{"damage":9,"enemies":"Shell Parasite","floor":22,"turns":4},{"damage":5,"enemies":"Centurion and Healer","floor":24,"turns":6},{"damage":3,"enemies":"Gremlin Leader","floor":31,"turns":10},{"damage":23,"enemies":"Champ","floor":33,"turns":23},{"damage":0,"enemies":"Orb Walker","floor":35,"turns":3},{"damage":2,"enemies":"Mind Bloom Boss Battle","floor":36,"turns":6},{"damage":30,"enemies":"3 Darklings","floor":37,"turns":5},{"damage":16,"enemies":"Maw","floor":39,"turns":8},{"damage":67,"enemies":"Giant Head","floor":40,"turns":9}],"seed_played":"6144950230090448917","potions_obtained":[{"floor":1,"key":"Poison Potion"},{"floor":12,"key":"Swift Potion"},{"floor":14,"key":"FearPotion"},{"floor":16,"key":"Fire Potion"},{"floor":24,"key":"SkillPotion"},{"floor":31,"key":"Energy Potion"},{"floor":36,"key":"Ancient Potion"},{"floor":37,"key":"Ancient Potion"}],"is_trial":false,"path_per_floor":["M","M","M","?","M","R","E","?","T","$","M","M","E","M","R","B",null,"M","?","?","?","M","R","M","$","T","R","?","R","$","E","R","B",null,"M","?","M","?","M","E"],"character_chosen":"DEFECT","items_purchased":["Conserve Battery+1","Self Repair","Strawberry","Cold Snap+1"],"campfire_rested":3,"item_purchase_floors":[10,10,10,30],"current_hp_per_floor":[63,63,63,39,35,35,3,3,3,10,17,24,28,28,28,33,67,56,56,56,56,47,70,78,78,78,78,78,78,78,78,78,69,76,78,76,60,60,51,0],"gold":338,"neow_bonus":"HUNDRED_GOLD","is_prod":false,"is_daily":false,"chose_seed":false,"campfire_upgraded":2,"win_rate":0,"timestamp":1558618983,"path_taken":["M","?","M","?","M","R","E","?","T","$","M","M","E","M","R","BOSS","M","?","?","?","M","R","M","?","T","R","?","R","$","E","R","BOSS","M","?","M","?","?","E"],"build_version":"2019-01-23","purchased_purges":2,"victory":false,"max_hp_per_floor":[71,71,71,71,71,71,71,71,71,78,78,78,78,78,78,78,78,78,78,78,78,78,78,78,78,78,78,78,78,78,78,78,78,78,78,78,78,78,78,78],"card_choices":[{"not_picked":["Compile Driver","Steam Power"],"picked":"Cold Snap","floor":1},{"not_picked":["Heatsinks","Gash","Turbo"],"picked":"SKIP","floor":2},{"not_picked":["Go for the Eyes","Steam","Gash"],"picked":"SKIP","floor":3},{"not_picked":["Recycle","Steam Power"],"picked":"Beam Cell","floor":5},{"not_picked":["Loop","Creative AI"],"picked":"BootSequence","floor":7},{"not_picked":["Rebound","Redo+1"],"picked":"Steam+1","floor":11},{"not_picked":["Scrape","Rebound"],"picked":"Ball Lightning","floor":12},{"not_picked":["Recycle+1","Self Repair"],"picked":"Streamline","floor":13},{"not_picked":["Rip and Tear+1","Steam+1"],"picked":"Undo+1","floor":14},{"not_picked":["Meteor Strike+1","Thunder Strike+1"],"picked":"Echo Form","floor":16},{"not_picked":["Go for the Eyes+1","Ball Lightning+1"],"picked":"Reinforced Body+1","floor":18},{"not_picked":["Rebound+1","Leap+1"],"picked":"White Noise+1","floor":22},{"not_picked":["Reinforced Body+1","Steam Power+1"],"picked":"Coolheaded+1","floor":24},{"not_picked":["Cold Snap+1","Genetic Algorithm+1"],"picked":"Glacier+1","floor":31},{"not_picked":["Seek+1","Machine Learning"],"picked":"Thunder Strike+1","floor":33},{"not_picked":[],"picked":"Blizzard+1","floor":35},{"not_picked":[],"picked":"Hologram+1","floor":37},{"not_picked":["Ball Lightning+1"],"picked":"SKIP","floor":39}],"player_experience":750684,"relics_obtained":[{"floor":7,"key":"Toxic Egg 2"},{"floor":9,"key":"Symbiotic Virus"},{"floor":13,"key":"Molten Egg 2"},{"floor":26,"key":"Meat on the Bone"},{"floor":31,"key":"Pocketwatch"},{"floor":36,"key":"Ginger"}],"event_choices":[{"damage_healed":0,"gold_gain":0,"player_choice":"Take Damage","damage_taken":24,"relics_obtained":["Golden Idol"],"max_hp_gain":0,"max_hp_loss":0,"event_name":"Golden Idol","floor":4,"gold_loss":0},{"damage_healed":0,"gold_gain":0,"player_choice":"Ignored","damage_taken":0,"max_hp_gain":0,"max_hp_loss":0,"event_name":"Shining Light","floor":8,"gold_loss":0},{"cards_removed":["Strike_B"],"damage_healed":0,"gold_gain":0,"player_choice":"Gave Gold","damage_taken":0,"max_hp_gain":0,"max_hp_loss":0,"event_name":"Beggar","floor":19,"gold_loss":75},{"damage_healed":0,"gold_gain":0,"cards_transformed":["Strike_B","Defend_B"],"player_choice":"Became Test Subject","damage_taken":0,"max_hp_gain":0,"max_hp_loss":0,"event_name":"Drug Dealer","floor":20,"gold_loss":0,"cards_obtained":["Undo","Steam"]},{"damage_healed":0,"gold_gain":0,"player_choice":"Ignored","damage_taken":0,"max_hp_gain":0,"max_hp_loss":0,"event_name":"Vampires","floor":21,"gold_loss":0},{"damage_healed":0,"gold_gain":50,"player_choice":"Stole From Cult","damage_taken":0,"max_hp_gain":0,"max_hp_loss":0,"event_name":"Nest","floor":28,"gold_loss":0},{"damage_healed":0,"gold_gain":0,"player_choice":"Fight","damage_taken":0,"max_hp_gain":0,"max_hp_loss":0,"event_name":"MindBloom","floor":36,"gold_loss":0},{"damage_healed":0,"gold_gain":0,"player_choice":"Copied","damage_taken":0,"max_hp_gain":0,"max_hp_loss":0,"event_name":"Duplicator","floor":38,"gold_loss":0,"cards_obtained":["Glacier"]}],"is_beta":false,"boss_relics":[{"not_picked":["FrozenCore","Velvet Choker"],"picked":"Fusion Hammer"},{"not_picked":["Nuclear Battery","Lizard Tail"],"picked":"Busted Crown"}],"items_purged_floors":[25,30],"is_endless":false,"potions_floor_spawned":[1,12,14,16,24,31,36,37],"killed_by":"Giant Head","ascension_level":20}