{"gold_per_floor":[111,141,91,91,56,87,100,130,200,235,14,14,14,32,32,130,130,141,141,170,64,77,77,103,123,146,164,164,164,184,184,184,280,280,291,306,306,306],"floor_reached":38,"playtime":2370,"items_purged":["Strike_G"],"score":569,"play_id":"0d77027b-c042-46f8-9ac8-1edac20bb1bb","local_time":"20190210231935","is_ascension_mode":true,"campfire_choices":[{"floor":15.0,"key":"REST"},{"floor":23,"key":"REST"},{"floor":28,"key":"REST"},{"floor":32,"key":"REST"}],"neow_cost":"NONE","seed_source_timestamp":914747949410432,"circlet_count":0,"master_deck":["Defend_G","Defend_G","Defend_G","Defend_G","Defend_G","Strike_G","Strike_G","Strike_G+1","Survivor","Neutralize","Footwork","Slice","Cloak And Dagger+1","Blade Dance","Slice","Well Laid Plans","Quick Slash","Dagger Throw","Blade Dance","Die Die Die","Dagger Spray","Infinite Blades","Backstab+1","Terror","Predator+1","Infinite Blades","Masterful Stab","Finisher+1","Choke+1","Endless Agony+1","Accuracy","Infinite Blades+1","After Image","Blade Dance+1","Cloak And Dagger+1"],"special_seed":0,"relics":["Ring of the Snake","NeowsBlessing","Tiny Chest","Kunai","Potion Belt","Darkstone Periapt","Bag of Preparation","Singing Bowl","Red Mask","Ginger","Whetstone","Nloth\u0027s Gift","Strawberry","WristBlade","StoneCalendar"],"potions_floor_usage":[24,33,33,33,33,33],"damage_taken":[{"damage":0.0,"enemies":"Small Slimes","floor":1.0,"turns":1.0},{"damage":0.0,"enemies":"Gremlin Nob","floor":6.0,"turns":1.0},{"damage":0.0,"enemies":"Cultist","floor":7.0,"turns":1.0},{"damage":24.0,"enemies":"3 Sentries","floor":8.0,"turns":12.0},{"damage":23.0,"enemies":"Lagavulin","floor":10.0,"turns":11.0},{"damage":0.0,"enemies":"2 Louse","floor":14.0,"turns":2.0},{"damage":16.0,"enemies":"Hexaghost","floor":16.0,"turns":17.0},{"damage":0.0,"enemies":"3 Byrds","floor":18.0,"turns":4.0},{"damage":22.0,"enemies":"Masked Bandits","floor":20.0,"turns":5.0},{"damage":0,"enemies":"Shell Parasite","floor":22,"turns":3},{"damage":15,"enemies":"Book of Stabbing","floor":24,"turns":6},{"damage":21,"enemies":"Snecko","floor":25,"turns":5},{"damage":0,"enemies":"Snake Plant","floor":27,"turns":2},{"damage":0,"enemies":"Cultist and Chosen","floor":30,"turns":3},{"damage":22,"enemies":"Collector","floor":33,"turns":9},{"damage":29,"enemies":"3 Darklings","floor":35,"turns":6},{"damage":32,"enemies":"3 Shapes","floor":36,"turns":14},{"damage":11,"enemies":"3 Darklings","floor":38,"turns":2}],"seed_played":"-2985470813437253263","potions_obtained":[{"floor":1.0,"key":"SkillPotion"},{"floor":4.0,"key":"Poison Potion"},{"floor":4.0,"key":"EntropicBrew"},{"floor":4.0,"key":"Weak Potion"},{"floor":24,"key":"Dexterity Potion"},{"floor":30,"key":"Ancient Potion"},{"floor":36,"key":"Strength Potion"}],"is_trial":false,"path_per_floor":["M","?","?","?","$","E","M","E","T","E","$","?","$","M","R","B",null,"M","T","?","$","M","R","E","M","T","M","R","?","M","T","R","B",null,"M","M","T","M"],"character_chosen":"THE_SILENT","items_purchased":["Footwork","Well Laid Plans","Quick Slash","Dagger Throw","Infinite Blades","Masterful Stab"],"campfire_rested":4,"item_purchase_floors":[5,11,11,11,21,21],"current_hp_per_floor":[70,63,63,63,63,63,63,39,39,16,16,16,16,16,37,21,58,58,58,36,36,36,57,42,21,21,21,42,42,42,49,72,50,70,41,9,9,0],"gold":306,"neow_bonus":"THREE_ENEMY_KILL","is_prod":false,"is_daily":false,"chose_seed":false,"campfire_upgraded":0,"win_rate":0,"timestamp":1549858775,"path_taken":["M","?","?","?","$","E","?","E","T","E","?","?","$","M","R","BOSS","M","?","?","?","?","R","E","M","T","M","R","?","?","?","R","BOSS","M","M","?","M"],"build_version":"2019-01-23","purchased_purges":1,"victory":false,"max_hp_per_floor":[70,70,70,70,70,70,70,70,70,70,70,70,70,70,70,70,70,70,70,70,70,70,70,70,70,70,70,70,70,70,77,77,77,77,77,77,77,77],"card_choices":[{"not_picked":["Heel Hook","Choke","PiercingWail"],"picked":"SKIP","floor":1.0},{"not_picked":["Prepared","Outmaneuver"],"picked":"Slice","floor":6.0},{"not_picked":["Expertise","Bane"],"picked":"Cloak And Dagger","floor":7.0},{"not_picked":["Accuracy","Cloak And Dagger"],"picked":"Blade Dance","floor":8.0},{"not_picked":["Dodge and Roll","Underhanded Strike"],"picked":"Slice","floor":10.0},{"not_picked":["Flying Knee","Backflip"],"picked":"Blade Dance","floor":14.0},{"not_picked":["Adrenaline","Storm of Steel"],"picked":"Die Die Die","floor":16.0},{"not_picked":["Skewer","Calculated Gamble"],"picked":"Dagger Spray","floor":17.0},{"not_picked":["Dagger Throw","Outmaneuver"],"picked":"Infinite Blades","floor":17.0},{"not_picked":["Outmaneuver","Acrobatics"],"picked":"Backstab","floor":17.0},{"not_picked":["Flechettes","Dagger Throw"],"picked":"Terror","floor":18.0},{"not_picked":["Prepared","Concentrate+1"],"picked":"Predator+1","floor":20.0},{"not_picked":["Bane","Adrenaline"],"picked":"Finisher+1","floor":22},{"not_picked":["PiercingWail","Flying Knee+1"],"picked":"Choke+1","floor":24},{"not_picked":["Deadly Poison","Blade Dance"],"picked":"Endless Agony+1","floor":25},{"not_picked":["Acrobatics","Dagger Throw"],"picked":"Accuracy","floor":27},{"not_picked":["Blade Dance","Outmaneuver"],"picked":"Infinite Blades+1","floor":30},{"not_picked":["Bullet Time","Storm of Steel"],"picked":"After Image","floor":33},{"not_picked":["Dagger Spray","Endless Agony"],"picked":"Blade Dance+1","floor":35},{"not_picked":["Flying Knee","Leg Sweep"],"picked":"Cloak And Dagger+1","floor":36}],"player_experience":209726,"relics_obtained":[{"floor":6.0,"key":"Kunai"},{"floor":8.0,"key":"Potion Belt"},{"floor":9.0,"key":"Darkstone Periapt"},{"floor":10.0,"key":"Bag of Preparation"},{"floor":19.0,"key":"Singing Bowl"},{"floor":20.0,"key":"Red Mask"},{"floor":24,"key":"Ginger"},{"floor":26,"key":"Whetstone"},{"floor":31,"key":"Strawberry"},{"floor":37,"key":"StoneCalendar"}],"event_choices":[{"damage_healed":0.0,"max_hp_gain":0.0,"max_hp_loss":0.0,"gold_gain":0.0,"event_name":"Scrap Ooze","player_choice":"Success","floor":2.0,"gold_loss":0.0,"damage_taken":7.0,"relics_obtained":["Tiny Chest"]},{"cards_removed":["Strike_G"],"damage_healed":0.0,"max_hp_gain":0.0,"max_hp_loss":0.0,"gold_gain":0.0,"event_name":"The Cleric","player_choice":"Card Removal","floor":3.0,"gold_loss":50.0,"damage_taken":0.0},{"damage_healed":0.0,"max_hp_gain":0.0,"max_hp_loss":0.0,"gold_gain":0.0,"event_name":"Lab","player_choice":"Got Potions","floor":4.0,"gold_loss":0.0,"damage_taken":0.0},{"damage_healed":0.0,"max_hp_gain":0.0,"max_hp_loss":0.0,"gold_gain":0.0,"event_name":"Upgrade Shrine","player_choice":"Upgraded","floor":12.0,"gold_loss":0.0,"damage_taken":0.0,"cards_upgraded":["Cloak And Dagger"]},{"damage_healed":0.0,"max_hp_gain":0.0,"max_hp_loss":0.0,"gold_gain":0.0,"event_name":"Masked Bandits","player_choice":"Fought Bandits","floor":20.0,"gold_loss":0.0,"damage_taken":0.0},{"damage_healed":0,"gold_gain":0,"player_choice":"Traded Relic","damage_taken":0,"relics_obtained":["Nloth\u0027s Gift"],"max_hp_gain":0,"max_hp_loss":0,"event_name":"N\u0027loth","floor":29,"relics_lost":["Orrery"],"gold_loss":0}],"is_beta":false,"boss_relics":[{"not_picked":["Empty Cage","White Beast Statue"],"picked":"Orrery"},{"not_picked":["Sozu","Calling Bell"],"picked":"WristBlade"}],"items_purged_floors":[11],"is_endless":false,"potions_floor_spawned":[1,6,24,30,36],"killed_by":"3 Darklings","ascension_level":5}