{"gold_per_floor":[112,112,168,188,206,206,227,265,265,284,284,322,12,85,85,206,206,219,233,134,409,432,432,184,184,184,7,30,30,68,68],"floor_reached":31,"playtime":1194,"items_purged":["Strike_R","Regret","Strike_R"],"score":263,"play_id":"0d6d88f6-c22a-4be1-b02b-13c8c2b6576c","local_time":"20190507130201","is_ascension_mode":false,"campfire_choices":[{"data":"Armaments","floor":6,"key":"SMITH"},{"floor":11,"key":"REST"},{"floor":15,"key":"REST"},{"data":"Limit Break","floor":23,"key":"SMITH"},{"data":"Demon Form","floor":25,"key":"SMITH"},{"data":"True Grit","floor":29,"key":"SMITH"}],"neow_cost":"TEN_PERCENT_HP_LOSS","seed_source_timestamp":61961973951752,"circlet_count":0,"master_deck":["Strike_R","Strike_R","Strike_R","Defend_R","Defend_R","Defend_R","Defend_R","Bash","Demon Form+1","Rampage","Armaments+1","Twin Strike","Double Tap","Barricade+1","Limit Break+1","Heavy Blade","Cleave","Shrug It Off","True Grit+1"],"relics":["Burning Blood","Golden Idol","Tiny Chest","Frozen Egg 2","Blue Candle","Incense Burner","Paper Frog","WingedGreaves","Mark of Pain","Bag of Marbles","Gremlin Horn","Ornamental Fan"],"potions_floor_usage":[8,14,16,28,30],"damage_taken":[{"damage":3,"enemies":"Jaw Worm","floor":1,"turns":4},{"damage":6,"enemies":"Cultist","floor":4,"turns":3},{"damage":6,"enemies":"2 Louse","floor":5,"turns":3},{"damage":9,"enemies":"Blue Slaver","floor":7,"turns":5},{"damage":26,"enemies":"3 Sentries","floor":8,"turns":7},{"damage":13,"enemies":"Red Slaver","floor":10,"turns":4},{"damage":18,"enemies":"Lagavulin","floor":12,"turns":5},{"damage":23,"enemies":"Lagavulin Event","floor":14,"turns":6},{"damage":17,"enemies":"Slime Boss","floor":16,"turns":7},{"damage":22,"enemies":"Spheric Guardian","floor":18,"turns":4},{"damage":8,"enemies":"Chosen","floor":19,"turns":6},{"damage":2,"enemies":"Centurion and Healer","floor":22,"turns":5},{"damage":8,"enemies":"Snake Plant","floor":28,"turns":3},{"damage":51,"enemies":"Slavers","floor":30,"turns":7},{"damage":14,"enemies":"Shelled Parasite and Fungi","floor":31,"turns":1}],"seed_played":"-3985042901575403086","potions_obtained":[{"floor":4,"key":"AttackPotion"},{"floor":8,"key":"GamblersBrew"},{"floor":10,"key":"Fire Potion"},{"floor":16,"key":"Strength Potion"},{"floor":18,"key":"Explosive Potion"}],"is_trial":false,"path_per_floor":["M","?","T","M","M","R","M","E","T","M","R","E","$","?","R","B",null,"M","M","$","?","M","R","$","R","T","$","M","R","E","M"],"character_chosen":"IRONCLAD","items_purchased":["Paper Frog","Double Tap","Shrug It Off","Bag of Marbles","True Grit"],"campfire_rested":2,"item_purchase_floors":[13,13,20,24,27],"current_hp_per_floor":[72,54,54,54,54,54,51,31,31,24,45,33,33,16,37,26,72,56,54,54,54,58,58,58,58,58,58,56,56,11,0],"gold":68,"neow_bonus":"THREE_RARE_CARDS","is_prod":false,"is_daily":false,"chose_seed":false,"campfire_upgraded":4,"win_rate":0,"timestamp":1557248521,"path_taken":["M","?","?","?","M","R","M","E","T","M","R","E","$","?","R","BOSS","M","M","$","?","M","R","$","R","T","$","M","R","E","M"],"build_version":"2019-01-23","purchased_purges":3,"victory":false,"max_hp_per_floor":[72,72,72,72,72,72,72,72,72,72,72,72,72,72,72,72,72,72,72,72,72,72,72,72,72,72,72,72,72,72,72],"card_choices":[{"not_picked":["Double Tap","Impervious"],"picked":"Demon Form","floor":0},{"not_picked":["Shrug It Off","Warcry"],"picked":"Rampage","floor":1},{"not_picked":["Perfected Strike","Battle Trance"],"picked":"Armaments","floor":4},{"not_picked":["Headbutt","Inflame"],"picked":"Twin Strike","floor":5},{"not_picked":["Wild Strike","Clothesline","Iron Wave"],"picked":"SKIP","floor":7},{"not_picked":["Carnage","Feel No Pain","Iron Wave"],"picked":"SKIP","floor":8},{"not_picked":["Rampage","Sentinel","Intimidate"],"picked":"SKIP","floor":10},{"not_picked":["Thunderclap","Havoc","Burning Pact"],"picked":"SKIP","floor":12},{"not_picked":["Metallicize+1","Perfected Strike"],"picked":"Barricade+1","floor":14},{"not_picked":["Brutality+1","Double Tap"],"picked":"Limit Break","floor":16},{"not_picked":["Anger","Body Slam"],"picked":"Heavy Blade","floor":18},{"not_picked":["Perfected Strike","Armaments+1"],"picked":"Cleave","floor":19},{"not_picked":["Cleave","Armaments","Thunderclap"],"picked":"SKIP","floor":22},{"not_picked":["Dropkick","Iron Wave","Seeing Red+1"],"picked":"SKIP","floor":28},{"not_picked":["Shockwave","True Grit","Thunderclap+1"],"picked":"SKIP","floor":30}],"player_experience":662067,"relics_obtained":[{"floor":3,"key":"Tiny Chest"},{"floor":8,"key":"Frozen Egg 2"},{"floor":9,"key":"Blue Candle"},{"floor":12,"key":"Incense Burner"},{"floor":14,"key":"WingedGreaves"},{"floor":26,"key":"Gremlin Horn"},{"floor":30,"key":"Ornamental Fan"}],"event_choices":[{"damage_healed":0,"gold_gain":0,"player_choice":"Take Damage","damage_taken":18,"relics_obtained":["Golden Idol"],"max_hp_gain":0,"max_hp_loss":0,"event_name":"Golden Idol","floor":2,"gold_loss":0},{"damage_healed":0,"gold_gain":0,"player_choice":"Searched \u00271\u0027 times","damage_taken":0,"max_hp_gain":0,"max_hp_loss":0,"event_name":"Dead Adventurer","floor":14,"gold_loss":0},{"damage_healed":0,"gold_gain":275,"player_choice":"Desecrate","damage_taken":0,"max_hp_gain":0,"max_hp_loss":0,"event_name":"Golden Shrine","floor":21,"gold_loss":0,"cards_obtained":["Regret"]}],"is_beta":false,"boss_relics":[{"not_picked":["Coffee Dripper","White Beast Statue"],"picked":"Mark of Pain"}],"items_purged_floors":[20,24,27],"is_endless":false,"potions_floor_spawned":[4,8,10,16,18],"killed_by":"Shelled Parasite and Fungi","ascension_level":0}