{"gold_per_floor":[119,139,139,149,10,43,43,56,56,74,74,94,156,171,171,244,244,257,257,275,292,292],"floor_reached":22,"playtime":1153,"items_purged":[],"score":323,"play_id":"bfa1e005-0af0-41a0-8a9f-223897ab1b04","local_time":"20181120181101","is_ascension_mode":true,"campfire_choices":[{"data":"Demon Form","floor":7,"key":"SMITH"},{"data":"Armaments","floor":15,"key":"SMITH"}],"neow_cost":"NONE","seed_source_timestamp":1085890609648,"circlet_count":0,"master_deck":["AscendersBane","Strike_R","Strike_R","Strike_R","Strike_R","Defend_R","Defend_R","Defend_R","Defend_R","Bash+1","Battle Trance","Whirlwind+1","Cleave","Offering","Demon Form+1","Battle Trance","Heavy Blade+1","Twin Strike","Seeing Red","Armaments+1","Exhume","Flex+1","Wild Strike"],"relics":["Burning Blood","NeowsBlessing","Self Forming Clay","Sundial","Pear","Black Star"],"potions_floor_usage":[8,14,16,18,21],"damage_taken":[{"damage":0,"enemies":"Cultist","floor":1,"turns":1},{"damage":0,"enemies":"2 Louse","floor":2,"turns":1},{"damage":0,"enemies":"Small Slimes","floor":4,"turns":1},{"damage":34,"enemies":"Gremlin Nob","floor":6,"turns":4},{"damage":10,"enemies":"3 Louse","floor":8,"turns":3},{"damage":6,"enemies":"Lots of Slimes","floor":10,"turns":1},{"damage":12,"enemies":"Exordium Thugs","floor":12,"turns":3},{"damage":19,"enemies":"Gremlin Nob","floor":13,"turns":3},{"damage":9,"enemies":"Looter","floor":14,"turns":3},{"damage":25,"enemies":"Slime Boss","floor":16,"turns":10},{"damage":22,"enemies":"2 Thieves","floor":18,"turns":3},{"damage":14,"enemies":"3 Byrds","floor":20,"turns":4},{"damage":32,"enemies":"Snake Plant","floor":21,"turns":3},{"damage":26,"enemies":"Centurion and Healer","floor":22,"turns":3}],"seed_played":"7483540656609310684","potions_obtained":[{"floor":1,"key":"Regen Potion"},{"floor":8,"key":"SpeedPotion"},{"floor":14,"key":"FearPotion"},{"floor":16,"key":"Fire Potion"},{"floor":20,"key":"Strength Potion"},{"floor":21,"key":"FearPotion"}],"is_trial":false,"path_per_floor":["M","M","?","M","$","E","R","M","T","M","?","M","?","M","R","B",null,"M","?","M","M","M"],"character_chosen":"IRONCLAD","items_purchased":["Offering"],"campfire_rested":0,"item_purchase_floors":[5],"current_hp_per_floor":[74,75,60,66,66,38,38,43,43,43,43,37,34,31,31,12,67,51,51,43,17,0],"gold":292,"neow_bonus":"THREE_ENEMY_KILL","is_prod":false,"is_daily":false,"chose_seed":false,"campfire_upgraded":2,"win_rate":0,"timestamp":1542766261,"path_taken":["M","?","?","M","$","E","R","M","T","M","?","?","?","M","R","BOSS","M","?","M","M","M"],"build_version":"2018-11-15","purchased_purges":0,"victory":false,"max_hp_per_floor":[75,75,75,75,75,75,75,75,75,75,75,75,85,85,85,85,85,85,85,85,85,85],"card_choices":[{"not_picked":["Combust","Headbutt"],"picked":"Battle Trance","floor":1},{"not_picked":["Rage","Armaments"],"picked":"Whirlwind","floor":2},{"not_picked":["Wild Strike","True Grit"],"picked":"Cleave","floor":4},{"not_picked":["Feel No Pain","Fire Breathing"],"picked":"Demon Form","floor":6},{"not_picked":["Clash","Warcry"],"picked":"Battle Trance","floor":8},{"not_picked":["Combust","Armaments"],"picked":"Heavy Blade","floor":10},{"not_picked":["Sentinel","Bloodletting"],"picked":"Twin Strike","floor":12},{"not_picked":["Pommel Strike","Armaments"],"picked":"Seeing Red","floor":13},{"not_picked":["Combust","Headbutt"],"picked":"Armaments","floor":14},{"not_picked":["Offering","Fiend Fire"],"picked":"Exhume","floor":16},{"not_picked":["Sentinel","True Grit+1"],"picked":"Flex+1","floor":18},{"not_picked":["Combust","Burning Pact","Sever Soul"],"picked":"SKIP","floor":20},{"not_picked":["Clothesline","Iron Wave"],"picked":"Wild Strike","floor":21}],"player_experience":802365,"relics_obtained":[{"floor":6,"key":"Self Forming Clay"},{"floor":9,"key":"Sundial"},{"floor":13,"key":"Pear"}],"event_choices":[{"damage_healed":0,"gold_gain":0,"player_choice":"Entered Light","damage_taken":15,"max_hp_gain":0,"max_hp_loss":0,"event_name":"Shining Light","floor":3,"gold_loss":0,"cards_upgraded":["Bash","Whirlwind"]},{"damage_healed":0,"gold_gain":0,"player_choice":"Upgraded","damage_taken":0,"max_hp_gain":0,"max_hp_loss":0,"event_name":"Upgrade Shrine","floor":11,"gold_loss":0,"cards_upgraded":["Heavy Blade"]},{"damage_healed":0,"gold_gain":0,"player_choice":"Searched \u00272\u0027 times","damage_taken":0,"max_hp_gain":0,"max_hp_loss":0,"event_name":"Dead Adventurer","floor":13,"gold_loss":0},{"cards_removed":["Strike_R"],"damage_healed":0,"gold_gain":0,"player_choice":"Purged","damage_taken":0,"max_hp_gain":0,"max_hp_loss":0,"event_name":"Purifier","floor":19,"gold_loss":0}],"is_beta":false,"boss_relics":[{"not_picked":["Empty Cage","Philosopher\u0027s Stone"],"picked":"Black Star"}],"items_purged_floors":[],"is_endless":false,"potions_floor_spawned":[1,8,14,16,20,21],"killed_by":"Centurion and Healer","ascension_level":14}