{"gold_per_floor":[111,121,121,139,157,185,185,211,211,211],"floor_reached":10,"playtime":462,"items_purged":[],"score":137,"play_id":"8638db8c-8478-4adb-9517-0a3cc5a0d847","local_time":"20190503191948","is_ascension_mode":true,"campfire_choices":[{"data":"Defragment","floor":7,"key":"SMITH"}],"neow_cost":"NONE","seed_source_timestamp":601954903615452,"circlet_count":0,"master_deck":["AscendersBane","Strike_B","Strike_B","Strike_B","Strike_B","Defend_B","Defend_B","Defend_B","Defend_B","Zap","Dualcast","Conserve Battery+1","Cold Snap","Hologram","Hologram","Defragment+1","Seek"],"relics":["Cracked Core","Orichalcum","Gambling Chip","Ancient Tea Set","Mercury Hourglass"],"potions_floor_usage":[6],"damage_taken":[{"damage":1,"enemies":"Cultist","floor":1,"turns":3},{"damage":4,"enemies":"2 Louse","floor":2,"turns":2},{"damage":0,"enemies":"Jaw Worm","floor":4,"turns":3},{"damage":5,"enemies":"2 Fungi Beasts","floor":5,"turns":4},{"damage":22,"enemies":"3 Sentries","floor":6,"turns":13},{"damage":28,"enemies":"Lagavulin","floor":8,"turns":8},{"damage":4,"enemies":"3 Sentries","floor":10,"turns":2}],"seed_played":"-4158143601001085025","potions_obtained":[{"floor":2,"key":"SkillPotion"},{"floor":6,"key":"LiquidBronze"},{"floor":8,"key":"Ancient Potion"}],"is_trial":false,"path_per_floor":["M","M","?","M","M","E","R","E","T","E"],"character_chosen":"DEFECT","items_purchased":[],"campfire_rested":0,"item_purchase_floors":[],"current_hp_per_floor":[63,59,59,59,54,32,32,4,4,0],"gold":211,"neow_bonus":"RANDOM_COMMON_RELIC","is_prod":false,"is_daily":false,"chose_seed":false,"campfire_upgraded":1,"win_rate":0,"timestamp":1556936388,"path_taken":["M","M","?","M","?","E","R","E","T","E"],"build_version":"2019-01-23","purchased_purges":0,"victory":false,"max_hp_per_floor":[71,71,71,71,71,71,71,71,71,71],"card_choices":[{"not_picked":["Cold Snap","Melter"],"picked":"Conserve Battery","floor":1},{"not_picked":["Blizzard","Lockon"],"picked":"Cold Snap","floor":2},{"not_picked":["Redo","Sweeping Beam"],"picked":"Hologram","floor":4},{"not_picked":["Coolheaded","Redo"],"picked":"Hologram","floor":5},{"not_picked":["Leap","Turbo"],"picked":"Defragment","floor":6},{"not_picked":["Redo","Scrape"],"picked":"Seek","floor":8}],"player_experience":901964,"relics_obtained":[{"floor":6,"key":"Gambling Chip"},{"floor":8,"key":"Ancient Tea Set"},{"floor":9,"key":"Mercury Hourglass"}],"event_choices":[{"damage_healed":0,"gold_gain":0,"player_choice":"Upgraded","damage_taken":0,"max_hp_gain":0,"max_hp_loss":0,"event_name":"Upgrade Shrine","floor":3,"gold_loss":0,"cards_upgraded":["Conserve Battery"]}],"is_beta":false,"boss_relics":[],"items_purged_floors":[],"is_endless":false,"potions_floor_spawned":[2,6,8],"killed_by":"3 Sentries","ascension_level":15}