{"gold_per_floor":[110,110,60,60,77,107,107,133,133,4,15,15,15,73,73,148,148,168,168,168,21,34,34,34,34,34,67,67,98,98,58,58,58],"floor_reached":33,"playtime":1233,"items_purged":["Regret"],"score":527,"play_id":"cb30c5f8-178c-43e8-98ae-df377281d376","local_time":"20190126113630","is_ascension_mode":true,"campfire_choices":[{"data":"Double Tap","floor":7,"key":"SMITH"},{"data":"True Grit","floor":13,"key":"SMITH"},{"data":"Whirlwind","floor":15,"key":"SMITH"},{"floor":23,"key":"REST"},{"data":"Barricade","floor":25,"key":"SMITH"},{"floor":28,"key":"REST"},{"floor":32,"key":"REST"}],"neow_cost":"NONE","seed_source_timestamp":1018403943947851,"circlet_count":0,"master_deck":["AscendersBane","Strike_R","Strike_R","Strike_R+1","Strike_R","Defend_R+1","Defend_R","Defend_R+1","Defend_R","Thunderclap+1","True Grit+1","Double Tap+1","Iron Wave","Ghostly Armor","Whirlwind+1","Barricade+1","Body Slam","Whirlwind","Reaper","Iron Wave+1","Shrug It Off+1"],"relics":["Burning Blood","NeowsBlessing","Matryoshka","Happy Flower","Bag of Marbles","Oddly Smooth Stone","Pear","Question Card","Philosopher\u0027s Stone","Anchor","Self Forming Clay","Bottled Lightning","War Paint","Magic Flower"],"potions_floor_usage":[16,16,27],"damage_taken":[{"damage":0,"enemies":"Small Slimes","floor":1,"turns":1},{"damage":0,"enemies":"Jaw Worm","floor":5,"turns":1},{"damage":0,"enemies":"Lagavulin","floor":6,"turns":1},{"damage":27,"enemies":"Gremlin Nob","floor":8,"turns":4},{"damage":9,"enemies":"2 Louse","floor":11,"turns":4},{"damage":18,"enemies":"3 Sentries","floor":14,"turns":6},{"damage":38,"enemies":"The Guardian","floor":16,"turns":16},{"damage":0,"enemies":"Chosen","floor":18,"turns":7},{"damage":24,"enemies":"Shell Parasite","floor":22,"turns":6},{"damage":48,"enemies":"Gremlin Leader","floor":27,"turns":8},{"damage":42,"enemies":"Book of Stabbing","floor":29,"turns":7},{"damage":27,"enemies":"Colosseum Slavers","floor":30,"turns":5},{"damage":70,"enemies":"Champ","floor":33,"turns":16}],"seed_played":"166155020706845757","potions_obtained":[{"floor":8,"key":"Strength Potion"},{"floor":11,"key":"BloodPotion"},{"floor":22,"key":"SpeedPotion"},{"floor":29,"key":"GamblersBrew"}],"is_trial":false,"path_per_floor":["M","?","?","?","M","E","R","E","T","$","M","$","R","?","R","B",null,"M","?","?","$","M","R","$","R","T","E","R","E","?","?","R","B"],"character_chosen":"IRONCLAD","items_purchased":["True Grit","Anchor"],"campfire_rested":3,"item_purchase_floors":[10,21],"current_hp_per_floor":[74,74,74,74,75,75,75,54,64,64,61,61,61,49,49,25,70,76,60,60,60,42,69,69,69,69,33,60,30,21,21,48,0],"gold":58,"neow_bonus":"THREE_ENEMY_KILL","is_prod":false,"is_daily":false,"chose_seed":false,"campfire_upgraded":4,"win_rate":0,"timestamp":1548531390,"path_taken":["M","?","?","?","M","E","R","E","T","$","M","$","R","?","R","BOSS","M","?","?","$","M","R","$","R","T","E","R","E","?","?","R","BOSS"],"build_version":"2019-01-23","purchased_purges":1,"victory":false,"max_hp_per_floor":[75,75,75,75,75,75,75,75,85,85,85,85,85,85,85,85,85,85,90,90,90,90,90,90,90,90,90,90,90,90,90,90,90],"card_choices":[{"not_picked":["Armaments","Clash"],"picked":"Thunderclap","floor":1},{"not_picked":["Anger","Burning Pact"],"picked":"True Grit","floor":5},{"not_picked":["Heavy Blade","Fire Breathing"],"picked":"Double Tap","floor":6},{"not_picked":["Entrench","Inflame"],"picked":"Iron Wave","floor":8},{"not_picked":["Shockwave","Rupture"],"picked":"Ghostly Armor","floor":11},{"not_picked":["Pommel Strike","Thunderclap"],"picked":"Whirlwind","floor":14},{"not_picked":["Double Tap","Fiend Fire","Limit Break"],"picked":"Barricade","floor":16},{"not_picked":["Cleave","Thunderclap","Reckless Charge"],"picked":"Body Slam","floor":18},{"not_picked":["Combust","Anger","Flex"],"picked":"Iron Wave+1","floor":22},{"not_picked":["Dual Wield","Wild Strike","Feel No Pain","Clash"],"picked":"SKIP","floor":27},{"not_picked":["Feel No Pain","Reaper","Limit Break"],"picked":"Shrug It Off","floor":29}],"player_experience":830655,"relics_obtained":[{"floor":6,"key":"Happy Flower"},{"floor":8,"key":"Bag of Marbles"},{"floor":9,"key":"Oddly Smooth Stone"},{"floor":9,"key":"Pear"},{"floor":14,"key":"Question Card"},{"floor":26,"key":"Self Forming Clay"},{"floor":26,"key":"Bottled Lightning"},{"floor":27,"key":"War Paint"},{"floor":29,"key":"Magic Flower"}],"event_choices":[{"damage_healed":0,"gold_gain":0,"player_choice":"Grow","damage_taken":0,"max_hp_gain":0,"max_hp_loss":0,"event_name":"Living Wall","floor":2,"gold_loss":0,"cards_upgraded":["Thunderclap"]},{"cards_removed":["Strike_R"],"damage_healed":0,"gold_gain":0,"player_choice":"Card Removal","damage_taken":0,"max_hp_gain":0,"max_hp_loss":0,"event_name":"The Cleric","floor":3,"gold_loss":50},{"damage_healed":0,"gold_gain":0,"player_choice":"Box","damage_taken":0,"relics_obtained":["Matryoshka"],"max_hp_gain":0,"max_hp_loss":0,"event_name":"Big Fish","floor":4,"gold_loss":0,"cards_obtained":["Regret"]},{"damage_healed":0,"gold_gain":0,"player_choice":"Searched \u00271\u0027 times","damage_taken":0,"max_hp_gain":0,"max_hp_loss":0,"event_name":"Dead Adventurer","floor":14,"gold_loss":0},{"damage_healed":0,"gold_gain":0,"player_choice":"Shed Blood","damage_taken":21,"max_hp_gain":5,"max_hp_loss":0,"event_name":"Forgotten Altar","floor":19,"gold_loss":0},{"damage_healed":0,"gold_gain":0,"cards_transformed":["True Grit","Bash"],"player_choice":"Became Test Subject","damage_taken":0,"max_hp_gain":0,"max_hp_loss":0,"event_name":"Drug Dealer","floor":20,"gold_loss":0,"cards_obtained":["Whirlwind","Reaper"]},{"damage_healed":0,"gold_gain":0,"player_choice":"Fight","damage_taken":0,"max_hp_gain":0,"max_hp_loss":0,"event_name":"Colosseum","floor":30,"gold_loss":0},{"damage_healed":0,"gold_gain":0,"player_choice":"Fled From Nobs","damage_taken":0,"max_hp_gain":0,"max_hp_loss":0,"event_name":"Colosseum","floor":30,"gold_loss":0},{"damage_healed":0,"gold_gain":0,"player_choice":"Upgraded Two","damage_taken":0,"max_hp_gain":0,"max_hp_loss":0,"event_name":"Designer","floor":31,"gold_loss":40,"cards_upgraded":["Shrug It Off","Strike_R"]}],"is_beta":false,"boss_relics":[{"not_picked":["Empty Cage","Runic Dome"],"picked":"Philosopher\u0027s Stone"}],"items_purged_floors":[10],"is_endless":false,"potions_floor_spawned":[8,11,14,22,29],"killed_by":"Champ","ascension_level":14}