{"gold_per_floor":[117,127,11,11,11,23,35,47,59,107,133,166,217,243,255,267],"floor_reached":16,"playtime":627,"items_purged":[],"score":171,"play_id":"1262aa3d-e95a-4b04-9e4b-b1a1e59fb420","local_time":"20190311152507","is_ascension_mode":true,"campfire_choices":[{"data":"Inflame","floor":6,"key":"SMITH"},{"data":"Body Slam","floor":8,"key":"SMITH"},{"floor":15,"key":"REST"}],"neow_cost":"NONE","seed_source_timestamp":2056191782370479,"circlet_count":0,"master_deck":["AscendersBane","Strike_R","Strike_R","Strike_R+1","Strike_R","Strike_R+1","Defend_R","Defend_R","Defend_R","Defend_R","Bash+1","Pommel Strike","Body Slam+1","Inflame+1","Shrug It Off","Injury","Thunderclap","Flame Barrier","Cleave","Shrug It Off","Dropkick"],"relics":["Burning Blood","Golden Idol","MawBank","Whetstone","Smiling Mask","Anchor"],"potions_floor_usage":[12,16],"damage_taken":[{"damage":5,"enemies":"Small Slimes","floor":1,"turns":4},{"damage":9,"enemies":"2 Louse","floor":2,"turns":3},{"damage":27,"enemies":"Lagavulin","floor":10,"turns":6},{"damage":9,"enemies":"Jaw Worm","floor":11,"turns":3},{"damage":21,"enemies":"Gremlin Gang","floor":12,"turns":5},{"damage":24,"enemies":"Gremlin Nob","floor":13,"turns":4},{"damage":8,"enemies":"Blue Slaver","floor":14,"turns":3},{"damage":40,"enemies":"Slime Boss","floor":16,"turns":11}],"seed_played":"-2266684458416415232","potions_obtained":[{"floor":1,"key":"SpeedPotion"},{"floor":10,"key":"BloodPotion"},{"floor":12,"key":"LiquidBronze"}],"is_trial":false,"path_per_floor":["M","M","$","?","?","R","?","R","T","E","M","M","E","M","R","B"],"character_chosen":"IRONCLAD","items_purchased":["Inflame","Shrug It Off"],"campfire_rested":1,"item_purchase_floors":[3,3],"current_hp_per_floor":[73,70,70,70,67,67,67,67,67,46,43,36,18,16,40,0],"gold":267,"neow_bonus":"UPGRADE_CARD","is_prod":false,"is_daily":false,"chose_seed":false,"campfire_upgraded":2,"win_rate":0,"timestamp":1552332307,"path_taken":["M","M","$","?","?","R","?","R","T","E","?","?","E","M","R","BOSS"],"build_version":"2019-01-23","purchased_purges":0,"victory":false,"max_hp_per_floor":[80,80,80,80,80,80,80,80,80,80,80,80,80,80,80,80],"card_choices":[{"not_picked":["Anger","Flex"],"picked":"Pommel Strike","floor":1},{"not_picked":["Pommel Strike","Twin Strike"],"picked":"Body Slam","floor":2},{"not_picked":["Anger","Berserk"],"picked":"Thunderclap","floor":10},{"not_picked":["Thunderclap","Sword Boomerang"],"picked":"Flame Barrier","floor":11},{"not_picked":["Metallicize","Entrench"],"picked":"Cleave","floor":12},{"not_picked":["Brutality","Pummel"],"picked":"Shrug It Off","floor":13},{"not_picked":["Thunderclap","Anger"],"picked":"Dropkick","floor":14}],"player_experience":357290,"relics_obtained":[{"floor":9,"key":"Whetstone"},{"floor":10,"key":"Smiling Mask"},{"floor":13,"key":"Anchor"}],"event_choices":[{"damage_healed":0,"gold_gain":0,"player_choice":"Take Wound","damage_taken":0,"relics_obtained":["Golden Idol"],"max_hp_gain":0,"max_hp_loss":0,"event_name":"Golden Idol","floor":4,"gold_loss":0,"cards_obtained":["Injury"]},{"damage_healed":0,"gold_gain":0,"player_choice":"Success","damage_taken":3,"relics_obtained":["MawBank"],"max_hp_gain":0,"max_hp_loss":0,"event_name":"Scrap Ooze","floor":5,"gold_loss":0},{"damage_healed":0,"gold_gain":0,"player_choice":"Leave","damage_taken":0,"max_hp_gain":0,"max_hp_loss":0,"event_name":"The Cleric","floor":7,"gold_loss":0}],"is_beta":false,"boss_relics":[],"items_purged_floors":[],"is_endless":false,"potions_floor_spawned":[1,10,12],"killed_by":"Slime Boss","ascension_level":11}