{"gold_per_floor":[110,130,141,141,156,156,189,114,183,211,211,211,223,258,258,354,354,371,382,482,82,96,96,112,128,128,145,145,159,159,178,178,277,277,290,304,59,59,59,59,88,88,88,88,88,120,149,161,173,185],"floor_reached":51,"playtime":2864,"items_purged":["Strike_R","Strike_R"],"score":977,"play_id":"60f450d9-d87c-4ebc-835b-16fdc9f9daab","local_time":"20190616030518","is_ascension_mode":false,"campfire_choices":[{"data":"Body Slam","floor":6,"key":"SMITH"},{"data":"Rage","floor":11,"key":"SMITH"},{"data":"Cleave","floor":15,"key":"SMITH"},{"data":"Apotheosis","floor":23,"key":"SMITH"},{"data":"Flame Barrier","floor":28,"key":"SMITH"},{"data":"Defend_R","floor":30,"key":"SMITH"},{"data":"Immolate","floor":32,"key":"SMITH"},{"data":"Battle Trance","floor":40,"key":"SMITH"},{"data":"Dark Embrace","floor":42,"key":"SMITH"},{"data":"Double Tap","floor":49,"key":"SMITH"}],"neow_cost":"NONE","seed_source_timestamp":701441413914217,"circlet_count":0,"master_deck":["Strike_R","Strike_R","Defend_R","Defend_R","Defend_R","Defend_R+1","Bash","Rage+1","Pummel","Body Slam+1","Cleave+1","Headbutt","Bludgeon","Feed","Corruption+1","Metallicize+1","Apotheosis+1","Immolate+1","Battle Trance+1","Flame Barrier+1","Dark Embrace+1","Warcry","Exhume","Heavy Blade+1","Fiend Fire+1","Double Tap+1","Master of Strategy","Blood for Blood+1","Sentinel"],"relics":["Burning Blood","Vajra","Incense Burner","Ornamental Fan","Happy Flower","Pear","Sozu","Prayer Wheel","Question Card","Brimstone","Gremlin Horn","Runic Cube","Juzu Bracelet","Pocketwatch","MawBank"],"potions_floor_usage":[7,7],"damage_taken":[{"damage":0,"enemies":"2 Louse","floor":1,"turns":3},{"damage":2,"enemies":"Jaw Worm","floor":2,"turns":4},{"damage":0,"enemies":"Cultist","floor":3,"turns":3},{"damage":1,"enemies":"Looter","floor":5,"turns":4},{"damage":15,"enemies":"Lagavulin","floor":7,"turns":5},{"damage":11,"enemies":"3 Sentries","floor":10,"turns":8},{"damage":2,"enemies":"Exordium Thugs","floor":13,"turns":3},{"damage":0,"enemies":"Gremlin Nob","floor":14,"turns":3},{"damage":0,"enemies":"Slime Boss","floor":16,"turns":5},{"damage":12,"enemies":"Shell Parasite","floor":18,"turns":3},{"damage":10,"enemies":"Chosen","floor":19,"turns":4},{"damage":10,"enemies":"Colosseum Slavers","floor":20,"turns":4},{"damage":3,"enemies":"Colosseum Nobs","floor":20,"turns":4},{"damage":0,"enemies":"Snecko","floor":22,"turns":4},{"damage":14,"enemies":"Centurion and Healer","floor":24,"turns":3},{"damage":18,"enemies":"Shelled Parasite and Fungi","floor":25,"turns":4},{"damage":4,"enemies":"Cultist and Chosen","floor":27,"turns":3},{"damage":8,"enemies":"3 Cultists","floor":29,"turns":4},{"damage":0,"enemies":"Centurion and Healer","floor":31,"turns":2},{"damage":0,"enemies":"Collector","floor":33,"turns":5},{"damage":0,"enemies":"3 Shapes","floor":35,"turns":3},{"damage":0,"enemies":"Orb Walker","floor":36,"turns":4},{"damage":24,"enemies":"Reptomancer","floor":41,"turns":4},{"damage":19,"enemies":"Giant Head","floor":46,"turns":6},{"damage":34,"enemies":"Transient","floor":47,"turns":5},{"damage":53,"enemies":"Donu and Deca","floor":50,"turns":6}],"seed_played":"-7077669657120535586","potions_obtained":[{"floor":2,"key":"Regen Potion"},{"floor":3,"key":"EssenceOfSteel"},{"floor":5,"key":"LiquidBronze"}],"is_trial":false,"path_per_floor":["M","M","M","?","M","R","E","$","T","E","R","?","M","E","R","B",null,"M","M","?","$","M","R","M","M","T","M","R","M","R","M","R","B",null,"M","M","$","?","$","R","E","R","T","?","?","E","M","?","R","B",null],"character_chosen":"IRONCLAD","items_purchased":["Brimstone","Apotheosis","Fiend Fire"],"campfire_rested":0,"item_purchase_floors":[21,21,37],"current_hp_per_floor":[80,80,80,80,80,80,80,80,80,75,75,75,79,90,90,90,90,84,83,82,82,88,88,80,71,71,73,73,71,71,81,81,87,100,100,100,100,100,100,100,82,82,82,82,82,73,45,91,91,48],"gold":197,"neow_bonus":"RANDOM_COMMON_RELIC","is_prod":false,"is_daily":false,"chose_seed":false,"campfire_upgraded":10,"win_rate":0,"timestamp":1560679518,"path_taken":["M","M","M","?","M","R","E","$","T","E","R","?","?","E","R","BOSS","M","M","?","?","M","R","M","M","T","M","R","?","R","M","R","BOSS","M","M","$","?","$","R","E","R","T","?","?","E","M","?","R","BOSS"],"build_version":"2019-01-23","purchased_purges":2,"victory":true,"max_hp_per_floor":[80,80,80,80,80,80,80,80,80,80,80,80,80,90,90,90,90,90,93,93,93,93,93,93,96,96,96,96,96,96,100,100,100,100,100,100,100,100,100,100,100,100,100,100,100,104,104,91,91,95],"card_choices":[{"not_picked":["Twin Strike","Havoc"],"picked":"Rage","floor":1},{"not_picked":["Combust","Armaments"],"picked":"Pummel","floor":2},{"not_picked":["Iron Wave","Thunderclap"],"picked":"Body Slam","floor":3},{"not_picked":["Searing Blow","Shrug It Off"],"picked":"Cleave","floor":5},{"not_picked":["Power Through","Flex"],"picked":"Headbutt","floor":7},{"not_picked":["Hemokinesis","Blood for Blood"],"picked":"Bludgeon","floor":10},{"not_picked":["Clothesline","Sever Soul","Reckless Charge"],"picked":"SKIP","floor":13},{"not_picked":["Blood for Blood","Sever Soul","Havoc"],"picked":"SKIP","floor":14},{"not_picked":["Exhume","Dark Embrace"],"picked":"Feed","floor":16},{"not_picked":["Perfected Strike+1","Thunderclap"],"picked":"Corruption+1","floor":18},{"not_picked":["Pummel","Wild Strike+1"],"picked":"Flex","floor":19},{"not_picked":["Pommel Strike","Wild Strike"],"picked":"Metallicize+1","floor":20},{"not_picked":["Berserk","True Grit","Pommel Strike","Thunderclap"],"picked":"SKIP","floor":22},{"not_picked":["Armaments+1","Warcry","Cleave","Fire Breathing"],"picked":"SKIP","floor":22},{"not_picked":["Berserk","True Grit","Pommel Strike","Thunderclap"],"picked":"SKIP","floor":22},{"not_picked":["Armaments+1","Warcry","Cleave","Fire Breathing"],"picked":"SKIP","floor":22},{"not_picked":["Clash","Clothesline","Wild Strike+1"],"picked":"Immolate","floor":24},{"not_picked":["Headbutt","Dropkick+1","Havoc","Wild Strike"],"picked":"SKIP","floor":24},{"not_picked":["Headbutt","Iron Wave+1","Heavy Blade"],"picked":"Battle Trance","floor":25},{"not_picked":["Armaments","Thunderclap","Rupture","Twin Strike+1"],"picked":"SKIP","floor":25},{"not_picked":["Seeing Red","Iron Wave","Warcry+1"],"picked":"Flame Barrier","floor":27},{"not_picked":["Berserk","Thunderclap","Twin Strike","Flex"],"picked":"SKIP","floor":27},{"not_picked":["Rupture+1","Infernal Blade","Wild Strike+1","Havoc"],"picked":"SKIP","floor":29},{"not_picked":["Battle Trance+1","Fire Breathing","Whirlwind+1","Pommel Strike"],"picked":"SKIP","floor":29},{"not_picked":["Combust","Fire Breathing","Dual Wield+1"],"picked":"Dark Embrace","floor":31},{"not_picked":["Sword Boomerang","Fire Breathing","Warcry","Twin Strike"],"picked":"SKIP","floor":31},{"not_picked":["Sword Boomerang","Fire Breathing","Twin Strike"],"picked":"Warcry","floor":31},{"not_picked":["Feed","Dark Embrace","Fiend Fire"],"picked":"Exhume","floor":33},{"not_picked":["Warcry+1","Flex","Pommel Strike+1","Shockwave"],"picked":"SKIP","floor":35},{"not_picked":["Thunderclap+1","Heavy Blade+1","Havoc+1","Perfected Strike+1"],"picked":"SKIP","floor":35},{"not_picked":["Thunderclap+1","Havoc+1","Perfected Strike+1"],"picked":"Heavy Blade+1","floor":35},{"not_picked":["Warcry+1","Flex","Pommel Strike+1","Shockwave"],"picked":"SKIP","floor":35},{"not_picked":["Sword Boomerang+1","Pommel Strike+1","Perfected Strike","Twin Strike"],"picked":"SKIP","floor":36},{"not_picked":["Fire Breathing+1","Body Slam+1","Sever Soul","Corruption+1"],"picked":"SKIP","floor":36},{"not_picked":["Cleave","Headbutt+1","Perfected Strike"],"picked":"Double Tap","floor":41},{"not_picked":["Swift Strike","Bandage Up","Madness"],"picked":"Master of Strategy","floor":45},{"not_picked":["Thunderclap+1","Wild Strike+1","Hemokinesis"],"picked":"Blood for Blood+1","floor":46},{"not_picked":["Anger+1","Pommel Strike","Pummel+1","Disarm+1"],"picked":"SKIP","floor":47},{"not_picked":["Sentinel","Searing Blow+1","Body Slam+1","True Grit"],"picked":"SKIP","floor":47},{"not_picked":["Searing Blow+1","Body Slam+1","True Grit"],"picked":"Sentinel","floor":47},{"not_picked":["Anger+1","Pommel Strike","Pummel+1","Disarm+1"],"picked":"SKIP","floor":47}],"player_experience":410162,"relics_obtained":[{"floor":7,"key":"Incense Burner"},{"floor":9,"key":"Ornamental Fan"},{"floor":10,"key":"Happy Flower"},{"floor":14,"key":"Pear"},{"floor":20,"key":"Prayer Wheel"},{"floor":20,"key":"Question Card"},{"floor":26,"key":"Gremlin Horn"},{"floor":41,"key":"Juzu Bracelet"},{"floor":43,"key":"Pocketwatch"},{"floor":46,"key":"MawBank"}],"event_choices":[{"damage_healed":0,"gold_gain":0,"player_choice":"Ignored","damage_taken":0,"max_hp_gain":0,"max_hp_loss":0,"event_name":"Golden Wing","floor":4,"gold_loss":0},{"cards_removed":["Strike_R"],"damage_healed":0,"gold_gain":0,"player_choice":"Purged","damage_taken":0,"max_hp_gain":0,"max_hp_loss":0,"event_name":"Purifier","floor":12,"gold_loss":0},{"damage_healed":0,"gold_gain":0,"player_choice":"Fight","damage_taken":0,"max_hp_gain":0,"max_hp_loss":0,"event_name":"Colosseum","floor":20,"gold_loss":0},{"damage_healed":0,"gold_gain":0,"player_choice":"Fought Nobs","damage_taken":0,"max_hp_gain":0,"max_hp_loss":0,"event_name":"Colosseum","floor":20,"gold_loss":0},{"damage_healed":0,"gold_gain":0,"player_choice":"Forge","damage_taken":0,"max_hp_gain":0,"max_hp_loss":0,"event_name":"Accursed Blacksmith","floor":38,"gold_loss":0,"cards_upgraded":["Fiend Fire"]},{"cards_removed":["Flex"],"damage_healed":0,"gold_gain":0,"player_choice":"Removed Skill","damage_taken":0,"max_hp_gain":0,"max_hp_loss":0,"event_name":"Falling","floor":44,"gold_loss":0},{"damage_healed":0,"gold_gain":0,"player_choice":"Memory 1","damage_taken":0,"max_hp_gain":0,"max_hp_loss":0,"event_name":"SensoryStone","floor":45,"gold_loss":0},{"damage_healed":91,"gold_gain":0,"player_choice":"Heal","damage_taken":0,"max_hp_gain":0,"max_hp_loss":13,"event_name":"The Moai Head","floor":48,"gold_loss":0}],"is_beta":false,"boss_relics":[{"not_picked":["Velvet Choker","White Beast Statue"],"picked":"Sozu"},{"not_picked":["Runic Dome","Orrery"],"picked":"Runic Cube"}],"items_purged_floors":[8,37],"is_endless":false,"potions_floor_spawned":[2,3,5,20,24,25,31,33,35,47],"ascension_level":0}