{"gold_per_floor":[119,129,129,129,148,148,162,197,223,35,35,53,83,103,103,175,175,186,111,121,137,150,150,150],"floor_reached":24,"playtime":1019,"items_purged":["Strike_R"],"score":420,"play_id":"d067609b-52d1-4cc2-a83b-9bd019e2f3a1","local_time":"20190602124600","is_ascension_mode":true,"campfire_choices":[{"data":"Bash","floor":6,"key":"SMITH"},{"data":"Armaments","floor":11,"key":"SMITH"},{"data":"Juggernaut","floor":15,"key":"SMITH"},{"floor":23,"key":"REST"}],"neow_cost":"NONE","seed_source_timestamp":1365964689753688,"circlet_count":0,"master_deck":["AscendersBane","Strike_R","Strike_R","Defend_R","Defend_R","Defend_R","Defend_R","Bash+1","Armaments+1","Infernal Blade","Disarm","Hemokinesis","Iron Wave","Inflame","Rupture","Juggernaut+1","Metallicize","Reaper","Shrug It Off","Metallicize","Bludgeon"],"relics":["Burning Blood","Blood Vial","MawBank","PreservedInsect","Omamori","Mark of Pain"],"potions_floor_usage":[12,13,16,21,22],"damage_taken":[{"damage":9,"enemies":"Jaw Worm","floor":1,"turns":4},{"damage":16,"enemies":"Small Slimes","floor":2,"turns":6},{"damage":17,"enemies":"Cultist","floor":5,"turns":5},{"damage":4,"enemies":"Exordium Wildlife","floor":7,"turns":4},{"damage":38,"enemies":"Gremlin Nob","floor":8,"turns":4},{"damage":8,"enemies":"Large Slime","floor":12,"turns":6},{"damage":13,"enemies":"Lagavulin","floor":13,"turns":6},{"damage":7,"enemies":"Red Slaver","floor":14,"turns":4},{"damage":16,"enemies":"Hexaghost","floor":16,"turns":9},{"damage":27,"enemies":"Chosen","floor":18,"turns":5},{"damage":19,"enemies":"Shell Parasite","floor":20,"turns":6},{"damage":30,"enemies":"Snake Plant","floor":21,"turns":5},{"damage":19,"enemies":"Chosen and Byrds","floor":22,"turns":7},{"damage":48,"enemies":"Slavers","floor":24,"turns":3}],"seed_played":"-1994513729067168395","potions_obtained":[{"floor":7,"key":"Explosive Potion"},{"floor":8,"key":"LiquidBronze"},{"floor":12,"key":"Strength Potion"},{"floor":16,"key":"Strength Potion"},{"floor":20,"key":"Swift Potion"}],"is_trial":false,"path_per_floor":["M","M","?","?","M","R","M","E","T","$","R","M","E","M","R","B",null,"M","$","M","M","M","R","E"],"character_chosen":"IRONCLAD","items_purchased":["PreservedInsect","Inflame"],"campfire_rested":1,"item_purchase_floors":[10,10],"current_hp_per_floor":[65,55,48,75,64,64,66,34,34,34,34,34,29,30,30,22,62,53,53,48,31,20,42,0],"gold":150,"neow_bonus":"REMOVE_CARD","is_prod":false,"is_daily":false,"chose_seed":false,"campfire_upgraded":3,"win_rate":0,"timestamp":1559493960,"path_taken":["M","M","?","?","M","R","M","E","T","$","R","?","E","M","R","BOSS","M","$","M","M","M","R","E"],"build_version":"2019-01-23","purchased_purges":1,"victory":false,"max_hp_per_floor":[75,75,75,75,75,75,75,75,75,75,75,75,75,75,75,75,75,75,75,75,75,75,75,75],"card_choices":[{"not_picked":["Headbutt","Clash"],"picked":"Armaments","floor":1},{"not_picked":["Seeing Red","Havoc"],"picked":"Infernal Blade","floor":2},{"not_picked":["Wild Strike","Clothesline"],"picked":"Disarm","floor":5},{"not_picked":["Perfected Strike","Wild Strike"],"picked":"Hemokinesis","floor":7},{"not_picked":["Body Slam","Armaments"],"picked":"Iron Wave","floor":8},{"not_picked":["Twin Strike","Metallicize"],"picked":"Rupture","floor":12},{"not_picked":["Anger","Disarm"],"picked":"Juggernaut","floor":13},{"not_picked":["Perfected Strike","True Grit"],"picked":"Metallicize","floor":14},{"not_picked":["Berserk","Fiend Fire"],"picked":"Reaper","floor":16},{"not_picked":["Clash","Intimidate+1","Twin Strike"],"picked":"SKIP","floor":18},{"not_picked":["Ghostly Armor","Clothesline"],"picked":"Shrug It Off","floor":20},{"not_picked":["Twin Strike","Thunderclap"],"picked":"Metallicize","floor":21},{"not_picked":["Thunderclap","Iron Wave"],"picked":"Bludgeon","floor":22}],"player_experience":811298,"relics_obtained":[{"floor":8,"key":"Blood Vial"},{"floor":9,"key":"MawBank"},{"floor":13,"key":"Omamori"}],"event_choices":[{"cards_removed":["Strike_R"],"damage_healed":0,"gold_gain":0,"player_choice":"Card Removal","damage_taken":7,"max_hp_gain":0,"max_hp_loss":0,"event_name":"Golden Wing","floor":3,"gold_loss":0},{"damage_healed":27,"gold_gain":0,"player_choice":"Full Heal","damage_taken":0,"max_hp_gain":0,"max_hp_loss":0,"event_name":"Wheel of Change","floor":4,"gold_loss":0}],"is_beta":false,"boss_relics":[{"not_picked":["Lizard Tail","Empty Cage"],"picked":"Mark of Pain"}],"items_purged_floors":[19],"is_endless":false,"potions_floor_spawned":[7,8,12,16,20],"killed_by":"Slavers","ascension_level":20}