{"gold_per_floor":[19,119,119,194,214,214,214,214,214,214,247,167,181,193,193,297,297,314,325,341,440,460,476,476,476],"floor_reached":25,"playtime":1045,"items_purged":[],"score":405,"play_id":"f0230ccc-4f6f-40a1-9c29-db6a8d97fd2e","local_time":"20180825152351","is_ascension_mode":true,"campfire_choices":[{"data":"Noxious Fumes","floor":6,"key":"SMITH"},{"data":"Unload","floor":10,"key":"SMITH"},{"floor":15,"key":"REST"},{"floor":24,"key":"REST"}],"neow_cost":"NO_GOLD","seed_source_timestamp":772734532725728,"circlet_count":0,"master_deck":["Defend_G","Defend_G","Defend_G+1","Defend_G","Defend_G+1","Strike_G","Strike_G","Strike_G","Strike_G","Strike_G","Survivor","Neutralize","AscendersBane","Unload+1","Crippling Poison","Noxious Fumes+1","Caltrops","Catalyst","Doppelganger","Dash","Envenom","Escape Plan+1","Bane+1","Dash","Dagger Throw+1"],"relics":["Ring of the Snake","Art of War","Bottled Tornado","Sozu"],"potions_floor_usage":[18],"damage_taken":[{"damage":0,"enemies":"2 Louse","floor":1,"turns":3},{"damage":0,"enemies":"Cultist","floor":5,"turns":3},{"damage":33,"enemies":"Gremlin Nob","floor":11,"turns":5},{"damage":4,"enemies":"Small Slimes","floor":13,"turns":4},{"damage":14,"enemies":"Exordium Wildlife","floor":14,"turns":6},{"damage":0,"enemies":"Hexaghost","floor":16,"turns":8},{"damage":2,"enemies":"Shell Parasite","floor":18,"turns":5},{"damage":0,"enemies":"Chosen","floor":19,"turns":4},{"damage":10,"enemies":"3 Cultists","floor":20,"turns":5},{"damage":17,"enemies":"Centurion and Healer","floor":22,"turns":6},{"damage":13,"enemies":"Sentry and Sphere","floor":23,"turns":5},{"damage":41,"enemies":"Gremlin Leader","floor":25,"turns":4}],"seed_played":"-2054656112488495896","potions_obtained":[{"floor":11,"key":"Ancient Potion"},{"floor":16,"key":"GamblersBrew"}],"is_trial":false,"path_per_floor":["M","?","?","?","M","R","?","?","T","R","E","$","M","M","R","B",null,"M","M","M","?","M","M","R"],"character_chosen":"THE_SILENT","items_purchased":["Catalyst"],"campfire_rested":2,"item_purchase_floors":[12],"current_hp_per_floor":[63,63,49,38,38,38,55,55,55,55,22,22,18,4,24,24,56,54,54,44,44,27,14,34,0],"gold":476,"neow_bonus":"THREE_RARE_CARDS","is_prod":false,"is_daily":false,"chose_seed":false,"campfire_upgraded":2,"win_rate":0,"timestamp":1535235831,"path_taken":["M","?","?","?","M","R","?","?","T","R","E","?","M","M","R","BOSS","M","M","M","?","M","M","R","E"],"build_version":"2018-08-23v2","purchased_purges":0,"victory":false,"max_hp_per_floor":[70,70,70,70,70,70,70,67,67,67,67,67,67,67,67,67,67,67,67,67,67,67,67,67,67],"card_choices":[{"not_picked":["Wraith Form v2","Grand Finale"],"picked":"Unload","floor":0},{"not_picked":["Backflip","Prepared"],"picked":"Crippling Poison","floor":1},{"not_picked":["Deflect","PiercingWail"],"picked":"Noxious Fumes","floor":5},{"not_picked":["Prepared","Deflect"],"picked":"Caltrops","floor":11},{"not_picked":["Caltrops","Underhanded Strike"],"picked":"Doppelganger","floor":13},{"not_picked":["Blade Dance","Slice"],"picked":"Dash","floor":14},{"not_picked":["Night Terror","Wraith Form v2"],"picked":"Envenom","floor":16},{"not_picked":["Sucker Punch","Deadly Poison+1"],"picked":"Escape Plan+1","floor":18},{"not_picked":["Tools of the Trade","Deflect"],"picked":"Bane+1","floor":19},{"not_picked":["Slice+1","Backstab"],"picked":"Dash","floor":20},{"not_picked":["Bouncing Flask","Deadly Poison"],"picked":"Dagger Throw+1","floor":22},{"not_picked":["Blade Dance","Quick Slash","Outmaneuver"],"picked":"SKIP","floor":23}],"player_experience":720037,"relics_obtained":[{"floor":9,"key":"Art of War"},{"floor":11,"key":"Bottled Tornado"}],"event_choices":[{"event_name":"Golden Shrine","player_choice":"Pray","floor":2,"damage_taken":0},{"event_name":"Shining Light","player_choice":"Entered Light","floor":3,"damage_taken":0},{"event_name":"World of Goop","player_choice":"Gather Gold","floor":4,"damage_taken":0},{"event_name":"Mushrooms","player_choice":"Healed and dodged fight","floor":7,"damage_taken":0},{"event_name":"Living Wall","player_choice":"Forget","floor":8,"damage_taken":0},{"event_name":"Nest","player_choice":"Stole From Cult","floor":21,"damage_taken":0}],"is_beta":false,"boss_relics":[{"not_picked":["Tiny House","Coffee Dripper"],"picked":"Sozu"}],"items_purged_floors":[],"is_endless":false,"potions_floor_spawned":[11,16,19,20,22,23],"killed_by":"Gremlin Leader","ascension_level":12}