{"gold_per_floor":[359,72,90,90,90,90,117,117,117,130,130,130,170,170,170,264,264,277,67,67,67],"floor_reached":21,"playtime":674,"items_purged":["Strike_R"],"score":311,"play_id":"60b2e92e-d77d-44c6-b970-12e9ce917bd1","local_time":"20190318152709","is_ascension_mode":true,"campfire_choices":[{"data":"Body Slam","floor":6,"key":"SMITH"},{"data":"Armaments","floor":8,"key":"SMITH"},{"data":"Inflame","floor":11,"key":"SMITH"},{"data":"Spot Weakness","floor":15,"key":"SMITH"}],"neow_cost":"PERCENT_DAMAGE","seed_source_timestamp":2661080385764015,"circlet_count":0,"master_deck":["AscendersBane","Strike_R","Strike_R","Defend_R","Defend_R","Defend_R","Defend_R","Bash","Iron Wave","Flame Barrier+1","Inflame+1","Body Slam+1","Immolate","Armaments+1","Spot Weakness+1","Reaper","Shrug It Off"],"relics":["Burning Blood","Membership Card","Singing Bowl","Sundial","Golden Idol","Torii","Black Star","Oddly Smooth Stone","Omamori"],"potions_floor_usage":[13,16],"damage_taken":[{"damage":0,"enemies":"Small Slimes","floor":1,"turns":3},{"damage":10,"enemies":"2 Louse","floor":3,"turns":3},{"damage":23,"enemies":"Lagavulin","floor":7,"turns":7},{"damage":1,"enemies":"Cultist","floor":10,"turns":3},{"damage":12,"enemies":"Gremlin Nob","floor":13,"turns":5},{"damage":25,"enemies":"Hexaghost","floor":16,"turns":14},{"damage":52,"enemies":"3 Byrds","floor":18,"turns":5},{"damage":19,"enemies":"Spheric Guardian","floor":21,"turns":5}],"seed_played":"-5287218188812898792","potions_obtained":[{"floor":10,"key":"EssenceOfSteel"},{"floor":13,"key":"Swift Potion"}],"is_trial":false,"path_per_floor":["M","$","M","?","?","R","E","R","T","M","R","?","E","?","R","B",null,"M","$","?","M"],"character_chosen":"IRONCLAD","items_purchased":["Membership Card","Flame Barrier","Inflame","Oddly Smooth Stone","Omamori","Shrug It Off"],"campfire_rested":0,"item_purchase_floors":[2,2,2,19,19,19],"current_hp_per_floor":[56,56,52,57,57,57,40,40,40,47,47,47,41,41,41,22,63,19,19,19,0],"gold":67,"neow_bonus":"TWO_FIFTY_GOLD","is_prod":false,"is_daily":false,"chose_seed":false,"campfire_upgraded":4,"win_rate":0,"timestamp":1552937229,"path_taken":["M","$","M","?","?","R","E","R","T","?","R","?","E","?","R","BOSS","M","$","?","M"],"build_version":"2019-01-23","purchased_purges":1,"victory":false,"max_hp_per_floor":[75,75,75,80,80,80,80,80,80,82,82,76,76,76,76,76,76,78,78,78,78],"card_choices":[{"not_picked":["Pommel Strike","Clothesline"],"picked":"Iron Wave","floor":1},{"not_picked":["Burning Pact","Clothesline"],"picked":"Body Slam","floor":3},{"not_picked":["Feel No Pain","Corruption"],"picked":"Armaments","floor":7},{"not_picked":["Infernal Blade","Feel No Pain","Offering"],"picked":"Singing Bowl","floor":10},{"not_picked":["Warcry","Shrug It Off"],"picked":"Spot Weakness","floor":13},{"not_picked":["Double Tap","Brutality"],"picked":"Reaper","floor":16},{"not_picked":["Inflame","Iron Wave","Wild Strike"],"picked":"Singing Bowl","floor":18}],"player_experience":416072,"relics_obtained":[{"floor":7,"key":"Singing Bowl"},{"floor":9,"key":"Sundial"},{"floor":13,"key":"Torii"}],"event_choices":[{"damage_healed":0,"gold_gain":0,"player_choice":"Donut","damage_taken":0,"max_hp_gain":5,"max_hp_loss":0,"event_name":"Big Fish","floor":4,"gold_loss":0},{"damage_healed":0,"gold_gain":0,"cards_transformed":["Strike_R"],"player_choice":"Transformed","damage_taken":0,"max_hp_gain":0,"max_hp_loss":0,"event_name":"Transmorgrifier","floor":5,"gold_loss":0,"cards_obtained":["Immolate"]},{"damage_healed":0,"gold_gain":0,"player_choice":"Lose Max HP","damage_taken":0,"relics_obtained":["Golden Idol"],"max_hp_gain":0,"max_hp_loss":6,"event_name":"Golden Idol","floor":12,"gold_loss":0},{"damage_healed":0,"gold_gain":0,"player_choice":"Grow","damage_taken":0,"max_hp_gain":0,"max_hp_loss":0,"event_name":"Living Wall","floor":14,"gold_loss":0,"cards_upgraded":["Flame Barrier"]},{"cards_removed":["Strike_R"],"damage_healed":0,"gold_gain":0,"player_choice":"Offered Basic","damage_taken":0,"max_hp_gain":0,"max_hp_loss":0,"event_name":"Bonfire Elementals","floor":20,"gold_loss":0}],"is_beta":false,"boss_relics":[{"not_picked":["Snecko Eye","Pandora\u0027s Box"],"picked":"Black Star"}],"items_purged_floors":[19],"is_endless":false,"potions_floor_spawned":[10,13],"killed_by":"Spheric Guardian","ascension_level":14}