{"gold_per_floor":[366,381,381,392,97,130,130,155,179,191,236,248,260,300,312,403,415,447,469,406,420,22,22,22,33,33,33,33,50,50,50,50,126,126,136,151,74,74,174,174,208,208,208,258,271,271,287,305,305,305],"floor_reached":51,"playtime":2112,"items_purged":["Strike_B"],"score":1292,"play_id":"68c5f850-32ab-418f-9a8c-b7b6360811e5","local_time":"20190605230521","is_ascension_mode":true,"campfire_choices":[{"data":"Mayhem","floor":7,"key":"SMITH"},{"floor":10,"key":"REST"},{"data":"Defragment","floor":13,"key":"SMITH"},{"floor":15,"key":"REST"},{"data":"Defragment","floor":23,"key":"SMITH"},{"floor":28,"key":"REST"},{"data":"Buffer","floor":32,"key":"SMITH"},{"data":"Glacier","floor":40,"key":"SMITH"},{"data":"Streamline","floor":46,"key":"SMITH"},{"data":"Loop","floor":49,"key":"SMITH"}],"neow_cost":"TEN_PERCENT_HP_LOSS","seed_source_timestamp":371850691002591,"circlet_count":0,"master_deck":["AscendersBane","Strike_B","Defend_B","Defend_B","Zap","Dualcast","Rip and Tear+1","Conserve Battery","Streamline+1","Mayhem+1","Defragment+1","Hologram","Self Repair","Auto Shields","Buffer+1","Ball Lightning","Glacier+1","Defragment+1","Necronomicurse","Electrodynamics","Reboot","Leap+1","Melter+1","Defragment+1","BootSequence+1","Capacitor","Conserve Battery+1","Loop+1"],"relics":["Cracked Core","Bag of Marbles","PreservedInsect","MawBank","Singing Bowl","Mercury Hourglass","Nuclear Battery","FossilizedHelix","Cables","Necronomicon","Astrolabe","Pocketwatch","Pantograph","Bottled Flame"],"potions_floor_usage":[6,6,18,19,33,33,41],"damage_taken":[{"damage":4,"enemies":"Jaw Worm","floor":1,"turns":3},{"damage":7,"enemies":"Small Slimes","floor":2,"turns":3},{"damage":1,"enemies":"2 Louse","floor":4,"turns":2},{"damage":5,"enemies":"Gremlin Nob","floor":6,"turns":3},{"damage":13,"enemies":"Lagavulin","floor":8,"turns":7},{"damage":19,"enemies":"Gremlin Nob","floor":11,"turns":4},{"damage":15,"enemies":"Lagavulin","floor":14,"turns":6},{"damage":14,"enemies":"Slime Boss","floor":16,"turns":9},{"damage":13,"enemies":"Chosen","floor":18,"turns":5},{"damage":5,"enemies":"Shell Parasite","floor":19,"turns":5},{"damage":17,"enemies":"3 Cultists","floor":21,"turns":4},{"damage":0,"enemies":"Centurion and Healer","floor":25,"turns":8},{"damage":6,"enemies":"Cultist and Chosen","floor":29,"turns":6},{"damage":29,"enemies":"Automaton","floor":33,"turns":9},{"damage":0,"enemies":"Orb Walker","floor":35,"turns":3},{"damage":9,"enemies":"3 Darklings","floor":36,"turns":6},{"damage":0,"enemies":"Mind Bloom Boss Battle","floor":39,"turns":10},{"damage":0,"enemies":"Reptomancer","floor":41,"turns":4},{"damage":0,"enemies":"Sphere and 2 Shapes","floor":45,"turns":2},{"damage":0,"enemies":"Maw","floor":47,"turns":7},{"damage":0,"enemies":"Spire Growth","floor":48,"turns":4},{"damage":36,"enemies":"Time Eater","floor":50,"turns":11}],"seed_played":"7615009012467486961","potions_obtained":[{"floor":1,"key":"Poison Potion"},{"floor":2,"key":"SkillPotion"},{"floor":14,"key":"GamblersBrew"},{"floor":16,"key":"Swift Potion"},{"floor":21,"key":"FocusPotion"},{"floor":25,"key":"Explosive Potion"},{"floor":35,"key":"Regen Potion"},{"floor":39,"key":"SkillPotion"},{"floor":45,"key":"Energy Potion"}],"is_trial":false,"path_per_floor":["M","M","?","M","$","E","R","E","T","R","E","?","R","E","R","B",null,"M","M","$","M","$","R","?","M","T","?","R","M","?","?","R","B",null,"M","M","$","?","?","R","E","?","T","?","M","R","M","M","R","B",null],"character_chosen":"DEFECT","items_purchased":["Mayhem","Defragment","Defragment","FossilizedHelix","Capacitor"],"campfire_rested":3,"item_purchase_floors":[5,5,22,22,37],"current_hp_per_floor":[60,53,53,52,52,47,47,34,34,53,43,43,43,35,54,47,61,57,59,59,49,49,49,49,58,58,37,58,61,61,61,61,39,64,66,64,64,64,71,71,76,76,76,76,78,78,80,80,80,44],"gold":305,"neow_bonus":"TWO_FIFTY_GOLD","is_prod":false,"is_daily":false,"chose_seed":false,"campfire_upgraded":7,"win_rate":0,"timestamp":1559801121,"path_taken":["M","M","?","M","$","E","R","E","T","R","E","?","R","E","R","BOSS","M","M","$","M","$","R","?","?","T","?","R","M","?","?","R","BOSS","M","M","$","?","?","R","E","?","T","?","M","R","M","?","R","BOSS"],"build_version":"2019-01-23","purchased_purges":1,"victory":true,"max_hp_per_floor":[64,64,64,64,64,64,64,64,64,64,66,66,66,66,66,66,66,68,68,68,68,68,68,68,70,70,70,70,72,72,72,72,72,72,74,74,74,74,74,74,76,76,76,76,78,78,80,80,80,80],"card_choices":[{"not_picked":["White Noise","Sweeping Beam"],"picked":"Rip and Tear","floor":1},{"not_picked":["Barrage","Stack"],"picked":"Conserve Battery","floor":2},{"not_picked":["Turbo","Cold Snap"],"picked":"Streamline","floor":4},{"not_picked":["Barrage","Fission"],"picked":"Hologram","floor":6},{"not_picked":["Redo","Gash"],"picked":"Self Repair","floor":8},{"not_picked":["Chaos","Scrape","Sweeping Beam"],"picked":"Singing Bowl","floor":11},{"not_picked":["BootSequence","Steam"],"picked":"Auto Shields","floor":14},{"not_picked":["Meteor Strike","Thunder Strike"],"picked":"Buffer","floor":16},{"not_picked":["Chill","Hello World","Hologram"],"picked":"Singing Bowl","floor":18},{"not_picked":["Steam","Hello World"],"picked":"Ball Lightning","floor":19},{"not_picked":["Steam Power","Beam Cell"],"picked":"Glacier","floor":21},{"not_picked":["Barrage","Steam","Hologram"],"picked":"Singing Bowl","floor":25},{"not_picked":["Gash","Steam Power","Stack"],"picked":"Singing Bowl","floor":29},{"not_picked":["Buffer","Rainbow"],"picked":"Reboot","floor":33},{"not_picked":["Cold Snap","Compile Driver","Go for the Eyes"],"picked":"Singing Bowl","floor":35},{"not_picked":["Leap","Blizzard"],"picked":"BootSequence+1","floor":36},{"not_picked":["Steam","White Noise"],"picked":"Conserve Battery+1","floor":39},{"not_picked":["Storm","Sweeping Beam","Ball Lightning"],"picked":"Singing Bowl","floor":41},{"not_picked":["Redo","Storm","Cold Snap"],"picked":"Singing Bowl","floor":45},{"not_picked":["Reinforced Body","Chill","Fusion"],"picked":"Singing Bowl","floor":47},{"not_picked":["Rip and Tear","Aggregate"],"picked":"Loop","floor":48}],"player_experience":954624,"relics_obtained":[{"floor":6,"key":"Bag of Marbles"},{"floor":8,"key":"PreservedInsect"},{"floor":9,"key":"MawBank"},{"floor":11,"key":"Singing Bowl"},{"floor":14,"key":"Mercury Hourglass"},{"floor":26,"key":"Cables"},{"floor":27,"key":"Necronomicon"},{"floor":39,"key":"Pocketwatch"},{"floor":41,"key":"Pantograph"},{"floor":43,"key":"Bottled Flame"}],"event_choices":[{"damage_healed":0,"gold_gain":0,"player_choice":"Grow","damage_taken":0,"max_hp_gain":0,"max_hp_loss":0,"event_name":"Living Wall","floor":3,"gold_loss":0,"cards_upgraded":["Rip and Tear"]},{"damage_healed":0,"gold_gain":0,"player_choice":"Searched \u00270\u0027 times","damage_taken":0,"max_hp_gain":0,"max_hp_loss":0,"event_name":"Dead Adventurer","floor":12,"gold_loss":0},{"cards_removed":["Defend_B"],"damage_healed":0,"gold_gain":0,"player_choice":"Card Removal","damage_taken":0,"max_hp_gain":0,"max_hp_loss":0,"event_name":"Wheel of Change","floor":24,"gold_loss":0},{"damage_healed":0,"gold_gain":0,"player_choice":"Obtained Book","damage_taken":21,"max_hp_gain":0,"max_hp_loss":0,"event_name":"Cursed Tome","floor":27,"gold_loss":0},{"damage_healed":0,"gold_gain":0,"player_choice":"Ignored","damage_taken":0,"max_hp_gain":0,"max_hp_loss":0,"event_name":"Ghosts","floor":30,"gold_loss":0},{"damage_healed":0,"gold_gain":0,"player_choice":"Read","damage_taken":0,"max_hp_gain":0,"max_hp_loss":0,"event_name":"The Library","floor":31,"gold_loss":0,"cards_obtained":["Electrodynamics"]},{"damage_healed":0,"gold_gain":0,"player_choice":"Ignored","damage_taken":0,"max_hp_gain":0,"max_hp_loss":0,"event_name":"Mysterious Sphere","floor":38,"gold_loss":0},{"damage_healed":0,"gold_gain":0,"player_choice":"Fight","damage_taken":0,"max_hp_gain":0,"max_hp_loss":0,"event_name":"MindBloom","floor":39,"gold_loss":0},{"damage_healed":0,"gold_gain":0,"player_choice":"Ignored","damage_taken":0,"max_hp_gain":0,"max_hp_loss":0,"event_name":"Tomb of Lord Red Mask","floor":42,"gold_loss":0},{"damage_healed":0,"gold_gain":50,"player_choice":"Pray","damage_taken":0,"max_hp_gain":0,"max_hp_loss":0,"event_name":"Golden Shrine","floor":44,"gold_loss":0}],"is_beta":false,"boss_relics":[{"not_picked":["White Beast Statue","Velvet Choker"],"picked":"Nuclear Battery"},{"not_picked":["Runic Dome","Black Star"],"picked":"Astrolabe"}],"items_purged_floors":[20],"is_endless":false,"potions_floor_spawned":[1,2,14,16,21,25,35,39,45],"ascension_level":16}