{"gold_per_floor":[113,125,140,158,54,54,79,79,106,118,133,208,238,238,238,238],"floor_reached":16,"playtime":661,"items_purged":["Recycle"],"score":202,"play_id":"7aa5ee82-52cf-4f0b-a153-97a9b4388077","local_time":"20190512102438","is_ascension_mode":true,"campfire_choices":[{"data":"Sunder","floor":6,"key":"SMITH"},{"floor":8,"key":"REST"},{"floor":15,"key":"REST"}],"neow_cost":"NONE","seed_source_timestamp":36621554455836,"circlet_count":0,"master_deck":["AscendersBane","Strike_B","Strike_B","Strike_B","Defend_B","Defend_B","Defend_B","Defend_B","Zap","Dualcast","Chaos","Sunder+1","Reprogram","Streamline","Ball Lightning","Conserve Battery","Stack","Melter"],"relics":["Cracked Core","Potion Belt","Strawberry","Vajra"],"potions_floor_usage":[4,7,13,13],"damage_taken":[{"damage":1,"enemies":"Cultist","floor":1,"turns":3},{"damage":0,"enemies":"Small Slimes","floor":2,"turns":3},{"damage":7,"enemies":"Jaw Worm","floor":3,"turns":3},{"damage":18,"enemies":"Lots of Slimes","floor":4,"turns":5},{"damage":30,"enemies":"3 Sentries","floor":7,"turns":5},{"damage":6,"enemies":"Red Slaver","floor":10,"turns":3},{"damage":0,"enemies":"2 Fungi Beasts","floor":11,"turns":2},{"damage":5,"enemies":"Lagavulin","floor":13,"turns":7},{"damage":38,"enemies":"Hexaghost","floor":16,"turns":9}],"seed_played":"3515234337184539507","potions_obtained":[{"floor":1,"key":"GamblersBrew"},{"floor":2,"key":"AttackPotion"},{"floor":10,"key":"Block Potion"},{"floor":11,"key":"Explosive Potion"}],"is_trial":false,"path_per_floor":["M","M","M","M","$","R","E","R","T","M","M","?","E","?","R","B"],"character_chosen":"DEFECT","items_purchased":["Ball Lightning"],"campfire_rested":2,"item_purchase_floors":[5],"current_hp_per_floor":[63,63,56,38,38,38,8,29,36,30,30,19,14,14,37,0],"gold":238,"neow_bonus":"TRANSFORM_CARD","is_prod":false,"is_daily":false,"chose_seed":false,"campfire_upgraded":1,"win_rate":0,"timestamp":1557681878,"path_taken":["M","M","M","M","$","R","E","R","T","M","M","?","E","?","R","BOSS"],"build_version":"2019-01-23","purchased_purges":1,"victory":false,"max_hp_per_floor":[71,71,71,71,71,71,71,71,78,78,78,78,78,78,78,78],"card_choices":[{"not_picked":["Blizzard","Storm"],"picked":"Chaos","floor":1},{"not_picked":["Recycle","Redo"],"picked":"Sunder","floor":2},{"not_picked":["Doom and Gloom","Skim"],"picked":"Reprogram","floor":3},{"not_picked":["Beam Cell","Blizzard"],"picked":"Streamline","floor":4},{"not_picked":["Coolheaded","Sweeping Beam"],"picked":"Conserve Battery","floor":7},{"not_picked":["Lockon","Force Field"],"picked":"Stack","floor":10},{"not_picked":["Streamline","Steam","Compile Driver"],"picked":"SKIP","floor":11},{"not_picked":["Redo","Recycle"],"picked":"Melter","floor":13}],"player_experience":919676,"relics_obtained":[{"floor":7,"key":"Potion Belt"},{"floor":9,"key":"Strawberry"},{"floor":13,"key":"Vajra"}],"event_choices":[{"damage_healed":0,"gold_gain":75,"player_choice":"Gather Gold","damage_taken":11,"max_hp_gain":0,"max_hp_loss":0,"event_name":"World of Goop","floor":12,"gold_loss":0},{"damage_healed":0,"gold_gain":0,"player_choice":"Ignored","damage_taken":0,"max_hp_gain":0,"max_hp_loss":0,"event_name":"Shining Light","floor":14,"gold_loss":0}],"is_beta":false,"boss_relics":[],"items_purged_floors":[5],"is_endless":false,"potions_floor_spawned":[1,2,10,11],"killed_by":"Hexaghost","ascension_level":16}