{"gold_per_floor":[214,214,66,78,78,78,92,123,123,88,131,146,165,188,188,307,307,321,281,301,74,90,128,128,164,209,209,249,249,273,294,294,423,486,505,264,389,142,155,155,188,188,214,0,48,60,72,128,140,152,164,176,17,56,56],"floor_reached":55,"playtime":5290,"items_purged":[],"score":1210,"play_id":"2aea6cae-f644-4b9d-8bdc-c840dd3f2ef3","local_time":"20190630114214","is_ascension_mode":true,"campfire_choices":[{"data":"Defend_R","floor":6,"key":"SMITH"},{"data":"Bash","floor":15,"key":"SMITH"},{"data":"Corruption","floor":24,"key":"SMITH"},{"floor":27,"key":"REST"},{"data":"Disarm","floor":29,"key":"SMITH"},{"data":"Carnage","floor":32,"key":"SMITH"},{"floor":40,"key":"REST"},{"data":"Sever Soul","floor":42,"key":"SMITH"},{"floor":46,"key":"RECALL"},{"floor":49,"key":"REST"},{"data":"Impervious","floor":52,"key":"SMITH"}],"neow_cost":"NONE","seed_source_timestamp":61591525285200,"circlet_count":0,"master_deck":["Strike_R","Strike_R+1","Strike_R","Strike_R","Strike_R","Defend_R+1","Defend_R","Defend_R+1","Defend_R+1","Bash+1","Rampage+1","Feel No Pain+1","Sever Soul+1","Clash","Feed","Disarm+1","Pommel Strike","Carnage+1","Impervious+1","Clash+1","Reaper","Corruption+1","Sentinel+1","Havoc","Clash","Clash+1","Burning Pact","Heavy Blade+1","Feed","Body Slam","Burning Pact+1","Armaments+1","Body Slam+1","Twin Strike+1","Spot Weakness","Master of Strategy","Panache","Dramatic Entrance","Wild Strike","Anger+1"],"relics":["Burning Blood","Red Skull","Golden Idol","Kunai","War Paint","Velvet Choker","Bag of Marbles","Bottled Flame","Bronze Scales","Bag of Preparation","Oddly Smooth Stone","Tiny House","Membership Card","Tiny Chest","Dead Branch","Sling","Art of War","Centennial Puzzle","Charon\u0027s Ashes","MawBank","Red Mask","Blue Candle","Ornamental Fan","Mummified Hand","Anchor"],"potions_floor_usage":[13,13,14,23,25,30,33,37,50,50,50,55,55,55],"damage_taken":[{"damage":0,"enemies":"Small Slimes","floor":1,"turns":3},{"damage":9,"enemies":"2 Louse","floor":4,"turns":2},{"damage":6,"enemies":"Cultist","floor":7,"turns":4},{"damage":45,"enemies":"Lagavulin","floor":8,"turns":6},{"damage":8,"enemies":"Gremlin Nob","floor":11,"turns":3},{"damage":0,"enemies":"3 Louse","floor":12,"turns":2},{"damage":6,"enemies":"2 Fungi Beasts","floor":13,"turns":3},{"damage":14,"enemies":"Blue Slaver","floor":14,"turns":4},{"damage":19,"enemies":"Slime Boss","floor":16,"turns":10},{"damage":21,"enemies":"Spheric Guardian","floor":18,"turns":4},{"damage":12,"enemies":"2 Thieves","floor":20,"turns":3},{"damage":18,"enemies":"3 Cultists","floor":22,"turns":6},{"damage":25,"enemies":"Gremlin Leader","floor":23,"turns":7},{"damage":46,"enemies":"Slavers","floor":25,"turns":7},{"damage":0,"enemies":"Gremlin Leader","floor":28,"turns":6},{"damage":1,"enemies":"Snake Plant","floor":30,"turns":4},{"damage":14,"enemies":"Centurion and Healer","floor":31,"turns":5},{"damage":35,"enemies":"Champ","floor":33,"turns":9},{"damage":31,"enemies":"3 Darklings","floor":35,"turns":7},{"damage":33,"enemies":"Mind Bloom Boss Battle","floor":37,"turns":5},{"damage":0,"enemies":"Orb Walker","floor":39,"turns":1},{"damage":24,"enemies":"Reptomancer","floor":41,"turns":7},{"damage":1,"enemies":"Giant Head","floor":45,"turns":3},{"damage":17,"enemies":"Nemesis","floor":48,"turns":5},{"damage":14,"enemies":"Time Eater","floor":50,"turns":6},{"damage":85,"enemies":"Shield and Spear","floor":54,"turns":6},{"damage":63,"enemies":"The Heart","floor":55,"turns":5}],"seed_played":"2738962206365743674","potions_obtained":[{"floor":1,"key":"Explosive Potion"},{"floor":4,"key":"SteroidPotion"},{"floor":11,"key":"Ancient Potion"},{"floor":13,"key":"EssenceOfSteel"},{"floor":23,"key":"Block Potion"},{"floor":28,"key":"LiquidBronze"},{"floor":31,"key":"PowerPotion"},{"floor":33,"key":"FearPotion"},{"floor":34,"key":"Ancient Potion"},{"floor":45,"key":"Dexterity Potion"},{"floor":48,"key":"Weak Potion"},{"floor":54,"key":"Energy Potion"}],"is_trial":false,"path_per_floor":["M","?","$","M","?","R","M","E","T","?","E","M","M","M","R","B",null,"M","?","M","$","M","E","R","E","T","R","E","R","M","M","R","B",null,"M","$","?","$","M","R","E","R","T","?","E","R","?","E","R","B",null,"R","$","E","B"],"character_chosen":"IRONCLAD","items_purchased":["Red Skull","Bag of Marbles","Corruption","Membership Card","Tiny Chest","Sling","Art of War","Centennial Puzzle","Mummified Hand","Strength Potion","Strength Potion"],"campfire_rested":3,"item_purchase_floors":[3,21,21,36,36,38,38,38,53,53,53],"current_hp_per_floor":[78,78,78,75,55,55,55,16,16,36,34,43,46,38,38,28,74,59,59,56,56,55,60,60,35,35,65,85,85,93,88,88,59,98,77,77,50,50,56,88,78,78,78,78,83,83,73,63,96,95,109,109,109,52,0],"gold":56,"neow_bonus":"HUNDRED_GOLD","is_prod":false,"is_daily":false,"chose_seed":false,"campfire_upgraded":7,"win_rate":0,"timestamp":1561891334,"path_taken":["M","?","$","M","?","R","M","E","T","?","E","M","M","M","R","BOSS","M","?","M","$","M","E","R","E","T","R","E","R","?","M","R","BOSS","M","$","?","$","M","R","E","R","T","?","E","R","?","E","R","BOSS","R","$","E","BOSS"],"build_version":"2019-01-23","purchased_purges":0,"victory":false,"max_hp_per_floor":[80,80,80,80,80,80,80,80,80,80,80,83,86,86,86,89,89,89,89,92,92,95,98,98,101,101,101,101,101,101,104,104,104,109,109,109,109,109,109,109,113,113,113,113,113,113,113,113,113,113,113,113,113,113,113],"card_choices":[{"not_picked":["Blood for Blood","Flex"],"picked":"Rampage","floor":1},{"not_picked":["Anger","Twin Strike"],"picked":"Feel No Pain","floor":4},{"not_picked":["Clash","Flex"],"picked":"Sever Soul","floor":7},{"not_picked":["Armaments","Sword Boomerang"],"picked":"Clash","floor":8},{"not_picked":["Feel No Pain","Reckless Charge"],"picked":"Feed","floor":11},{"not_picked":["Battle Trance","Thunderclap"],"picked":"Disarm","floor":12},{"not_picked":["Wild Strike","Flex"],"picked":"Pommel Strike","floor":13},{"not_picked":["Anger","Battle Trance"],"picked":"Carnage","floor":14},{"not_picked":["Limit Break","Barricade"],"picked":"Impervious","floor":16},{"not_picked":["Clothesline","Thunderclap"],"picked":"Clash+1","floor":18},{"not_picked":["Cleave","Twin Strike"],"picked":"Reaper","floor":20},{"not_picked":["Spot Weakness","Clash"],"picked":"Sentinel+1","floor":22},{"not_picked":["Anger","Armaments"],"picked":"Havoc","floor":23},{"not_picked":["Anger+1","Combust"],"picked":"Clash","floor":25},{"not_picked":["Rupture+1","Seeing Red"],"picked":"Clash+1","floor":28},{"not_picked":["Shrug It Off","Offering"],"picked":"Burning Pact","floor":30},{"not_picked":["Cleave","Sword Boomerang"],"picked":"Heavy Blade+1","floor":31},{"not_picked":["Reaper","Limit Break"],"picked":"Feed","floor":33},{"not_picked":["Wild Strike","Twin Strike"],"picked":"Body Slam","floor":34},{"not_picked":["Headbutt","Impervious"],"picked":"Burning Pact+1","floor":35},{"not_picked":["Shrug It Off","Pommel Strike"],"picked":"Armaments+1","floor":37},{"not_picked":["True Grit+1","Wild Strike+1"],"picked":"Body Slam+1","floor":39},{"not_picked":["Headbutt","Perfected Strike"],"picked":"Twin Strike+1","floor":41},{"not_picked":["Clash","Pummel"],"picked":"Spot Weakness","floor":45},{"not_picked":["Chrysalis","Good Instincts"],"picked":"Master of Strategy","floor":47},{"not_picked":["Deep Breath","Magnetism"],"picked":"Panache","floor":47},{"not_picked":["Swift Strike","Enlightenment"],"picked":"Dramatic Entrance","floor":47},{"not_picked":["Searing Blow","Heavy Blade"],"picked":"Wild Strike","floor":48},{"not_picked":["Wild Strike","Brutality"],"picked":"Anger+1","floor":54}],"player_experience":864733,"relics_obtained":[{"floor":8,"key":"Kunai"},{"floor":11,"key":"War Paint"},{"floor":23,"key":"Bottled Flame"},{"floor":25,"key":"Bronze Scales"},{"floor":26,"key":"Bag of Preparation"},{"floor":28,"key":"Oddly Smooth Stone"},{"floor":37,"key":"Dead Branch"},{"floor":41,"key":"Charon\u0027s Ashes"},{"floor":43,"key":"MawBank"},{"floor":45,"key":"Blue Candle"},{"floor":48,"key":"Ornamental Fan"},{"floor":54,"key":"Anchor"}],"event_choices":[{"damage_healed":0,"gold_gain":0,"player_choice":"Grow","damage_taken":0,"max_hp_gain":0,"max_hp_loss":0,"event_name":"Living Wall","floor":2,"gold_loss":0,"cards_upgraded":["Rampage"]},{"damage_healed":0,"gold_gain":0,"player_choice":"Take Damage","damage_taken":20,"relics_obtained":["Golden Idol"],"max_hp_gain":0,"max_hp_loss":0,"event_name":"Golden Idol","floor":5,"gold_loss":0},{"damage_healed":20,"gold_gain":0,"player_choice":"Healed","damage_taken":0,"max_hp_gain":0,"max_hp_loss":0,"event_name":"The Cleric","floor":10,"gold_loss":35},{"damage_healed":0,"gold_gain":0,"player_choice":"Upgrade","damage_taken":0,"max_hp_gain":0,"max_hp_loss":0,"event_name":"Designer","floor":19,"gold_loss":40,"cards_upgraded":["Feel No Pain"]},{"damage_healed":0,"gold_gain":0,"player_choice":"Fight","damage_taken":0,"max_hp_gain":0,"max_hp_loss":0,"event_name":"MindBloom","floor":37,"gold_loss":0},{"damage_healed":0,"gold_gain":0,"player_choice":"Paid","damage_taken":0,"relics_obtained":["Red Mask"],"max_hp_gain":0,"max_hp_loss":0,"event_name":"Tomb of Lord Red Mask","floor":44,"gold_loss":226},{"damage_healed":0,"gold_gain":0,"player_choice":"Memory 3","damage_taken":10,"max_hp_gain":0,"max_hp_loss":0,"event_name":"SensoryStone","floor":47,"gold_loss":0}],"is_beta":false,"boss_relics":[{"not_picked":["White Beast Statue","Runic Dome"],"picked":"Velvet Choker"},{"not_picked":["Lizard Tail","Sozu"],"picked":"Tiny House"}],"items_purged_floors":[],"is_endless":false,"potions_floor_spawned":[1,4,11,13,23,28,31,33,45,48,54],"killed_by":"The Heart","ascension_level":6}