{"gold_per_floor":[110,125,136,102,102,128,138,157,207,227,244,244,14,27,27,132,132,152,102,114,114,39,39],"floor_reached":23,"playtime":1836,"items_purged":["Decay"],"score":195,"play_id":"396df518-13a3-4b33-9f77-b78521e3e81d","local_time":"20190127204647","is_ascension_mode":false,"campfire_choices":[{"data":"Demon Form","floor":15,"key":"SMITH"}],"neow_cost":"NONE","seed_source_timestamp":812663756978131,"circlet_count":0,"master_deck":["Strike_R","Strike_R+1","Strike_R+1","Strike_R","Strike_R","Defend_R","Defend_R","Defend_R","Defend_R","Bash","Demon Form+1","Shrug It Off","Headbutt","Body Slam","Inflame","Fiend Fire","Iron Wave","Feel No Pain","Entrench","Thunderclap","Inflame","Iron Wave","Barricade","Spot Weakness","Iron Wave"],"relics":["Black Blood","Question Card","Regal Pillow","Whetstone"],"potions_floor_usage":[6,16,18,20,23,23],"damage_taken":[{"damage":5,"enemies":"Cultist","floor":1,"turns":4},{"damage":9,"enemies":"Small Slimes","floor":2,"turns":4},{"damage":6,"enemies":"2 Louse","floor":3,"turns":3},{"damage":48,"enemies":"Gremlin Nob","floor":6,"turns":5},{"damage":13,"enemies":"Lots of Slimes","floor":7,"turns":4},{"damage":2,"enemies":"Large Slime","floor":8,"turns":5},{"damage":0,"enemies":"Looter","floor":10,"turns":4},{"damage":8,"enemies":"2 Fungi Beasts","floor":11,"turns":3},{"damage":7,"enemies":"Blue Slaver","floor":14,"turns":3},{"damage":30,"enemies":"Hexaghost","floor":16,"turns":7},{"damage":33,"enemies":"3 Byrds","floor":18,"turns":7},{"damage":46,"enemies":"Spheric Guardian","floor":20,"turns":7},{"damage":34,"enemies":"Gremlin Leader","floor":23,"turns":4}],"seed_played":"-5205073470365372927","potions_obtained":[{"floor":2,"key":"Regen Potion"},{"floor":6,"key":"AttackPotion"},{"floor":10,"key":"BloodPotion"},{"floor":11,"key":"Energy Potion"},{"floor":16,"key":"Swift Potion"},{"floor":18,"key":"Explosive Potion"}],"is_trial":false,"path_per_floor":["M","M","M","$","?","E","M","M","T","M","M","?","$","M","R","B",null,"M","?","M","?","$","E"],"character_chosen":"IRONCLAD","items_purchased":["Inflame","Whetstone","Inflame"],"campfire_rested":0,"item_purchase_floors":[4,13,13],"current_hp_per_floor":[80,77,77,77,77,44,37,41,41,47,45,71,71,70,70,46,80,57,57,29,29,29,0],"gold":39,"neow_bonus":"ONE_RANDOM_RARE_CARD","is_prod":false,"is_daily":false,"chose_seed":false,"campfire_upgraded":1,"win_rate":0.0,"timestamp":1548640007,"path_taken":["M","M","M","$","?","E","?","M","T","M","M","?","$","M","R","BOSS","M","?","?","?","$","E"],"build_version":"2019-01-23","purchased_purges":1,"victory":false,"max_hp_per_floor":[80,80,80,80,80,80,80,80,80,80,80,80,80,80,80,80,80,80,80,80,80,80,80],"card_choices":[{"not_picked":["Thunderclap","Ghostly Armor"],"picked":"Shrug It Off","floor":1},{"not_picked":["Burning Pact","Combust"],"picked":"Headbutt","floor":2},{"not_picked":["Warcry","Rupture"],"picked":"Body Slam","floor":3},{"not_picked":["Headbutt","Ghostly Armor"],"picked":"Fiend Fire","floor":6},{"not_picked":["Battle Trance","Body Slam","Anger"],"picked":"Iron Wave","floor":7},{"not_picked":["Clash","Hemokinesis","Twin Strike"],"picked":"Feel No Pain","floor":8},{"not_picked":["Second Wind","Bloodletting","Infernal Blade"],"picked":"Entrench","floor":10},{"not_picked":["True Grit","Clash","Flex"],"picked":"Thunderclap","floor":11},{"not_picked":["Offering","Ghostly Armor","Clash"],"picked":"Iron Wave","floor":14},{"not_picked":["Feed","Offering","Fiend Fire"],"picked":"Barricade","floor":16},{"not_picked":["Pummel","Anger","Blood for Blood"],"picked":"Spot Weakness","floor":18},{"not_picked":["Perfected Strike","Headbutt+1","Clash+1"],"picked":"Iron Wave","floor":20}],"player_experience":29963,"relics_obtained":[{"floor":6,"key":"Question Card"},{"floor":9,"key":"Regal Pillow"}],"event_choices":[{"damage_healed":0,"gold_gain":0,"player_choice":"Bought 0 Potions","damage_taken":0,"max_hp_gain":0,"max_hp_loss":0,"event_name":"The Woman in Blue","floor":5,"gold_loss":0},{"damage_healed":26,"gold_gain":0,"player_choice":"Banana","damage_taken":0,"max_hp_gain":0,"max_hp_loss":0,"event_name":"Big Fish","floor":12,"gold_loss":0},{"damage_healed":0,"gold_gain":0,"player_choice":"Bet on Owner","damage_taken":0,"max_hp_gain":0,"max_hp_loss":0,"event_name":"The Joust","floor":19,"gold_loss":50},{"damage_healed":0,"gold_gain":0,"player_choice":"Smashed Altar","damage_taken":0,"max_hp_gain":0,"max_hp_loss":0,"event_name":"Forgotten Altar","floor":21,"gold_loss":0,"cards_obtained":["Decay"]}],"is_beta":false,"boss_relics":[{"not_picked":["Empty Cage","Orrery"],"picked":"Black Blood"}],"items_purged_floors":[22],"is_endless":false,"potions_floor_spawned":[2,6,10,11,16,18],"killed_by":"Gremlin Leader","ascension_level":0}