{"gold_per_floor":[115,29,48,68,0,0,35,48,48,75,35,46,56,71,71,143,143,159,159,13,29,29,29,48,48,48,61,75,87,87,87,87,163,163,174,98,98,98,98,98],"floor_reached":40,"playtime":1487,"items_purged":[],"score":682,"play_id":"ee267a78-c988-4b97-8400-e6f78638c3f7","local_time":"20190320191028","is_ascension_mode":true,"campfire_choices":[{"data":"Flying Knee","floor":6,"key":"SMITH"},{"data":"Choke","floor":15,"key":"SMITH"},{"floor":23,"key":"REST"},{"floor":25,"key":"REST"},{"floor":30,"key":"REST"},{"floor":32,"key":"REST"}],"neow_cost":"NONE","seed_source_timestamp":4544272466825,"circlet_count":0,"master_deck":["AscendersBane","Defend_G","Defend_G","Defend_G","Defend_G","Defend_G","Strike_G","Strike_G","Strike_G","Strike_G","Strike_G","Survivor","Neutralize","Flying Knee+1","Infinite Blades","Deflect","Infinite Blades","Backstab","Infinite Blades","Choke+1","Terror","Dagger Spray","Footwork","Masterful Stab","Dodge and Roll","Envenom+1","Envenom","Backflip","Bane","Cloak And Dagger","Cloak And Dagger","Bullet Time","Cloak And Dagger","Footwork","Madness","Madness"],"relics":["Ring of the Snake","NeowsBlessing","Thread and Needle","Sundial","Question Card","Fusion Hammer","Bronze Scales","Letter Opener","Lizard Tail"],"potions_floor_usage":[12,16,21,24,29,29],"damage_taken":[{"damage":0,"enemies":"Cultist","floor":1,"turns":1},{"damage":0,"enemies":"2 Louse","floor":3,"turns":1},{"damage":0,"enemies":"Jaw Worm","floor":4,"turns":1},{"damage":27,"enemies":"Lagavulin","floor":7,"turns":8},{"damage":1,"enemies":"Lots of Slimes","floor":8,"turns":4},{"damage":12,"enemies":"3 Sentries","floor":10,"turns":9},{"damage":0,"enemies":"Blue Slaver","floor":12,"turns":2},{"damage":0,"enemies":"Red Slaver","floor":13,"turns":3},{"damage":0,"enemies":"Large Slime","floor":14,"turns":5},{"damage":13,"enemies":"Hexaghost","floor":16,"turns":10},{"damage":0,"enemies":"3 Byrds","floor":18,"turns":5},{"damage":24,"enemies":"2 Thieves","floor":21,"turns":4},{"damage":12,"enemies":"Centurion and Healer","floor":24,"turns":5},{"damage":17,"enemies":"Sentry and Sphere","floor":27,"turns":4},{"damage":8,"enemies":"Snecko","floor":28,"turns":4},{"damage":30,"enemies":"Snake Plant","floor":29,"turns":4},{"damage":39,"enemies":"Collector","floor":33,"turns":9},{"damage":51,"enemies":"3 Shapes","floor":35,"turns":4},{"damage":106,"enemies":"Giant Head","floor":40,"turns":8}],"seed_played":"-6301147240344554384","potions_obtained":[{"floor":10,"key":"SkillPotion"},{"floor":13,"key":"SpeedPotion"},{"floor":14,"key":"Poison Potion"},{"floor":16,"key":"SteroidPotion"},{"floor":21,"key":"LiquidBronze"},{"floor":28,"key":"Explosive Potion"}],"is_trial":false,"path_per_floor":["M","$","M","M","$","R","E","M","T","E","$","M","M","M","R","B",null,"M","?","$","M","?","R","M","R","T","M","M","M","R","?","R","B",null,"M","$","?","?","?","E"],"character_chosen":"THE_SILENT","items_purchased":["Infinite Blades","Deflect","Infinite Blades","Footwork","Bronze Scales","Footwork"],"campfire_rested":4,"item_purchase_floors":[2,2,5,11,20,36],"current_hp_per_floor":[63,63,63,63,63,63,36,35,35,23,23,23,23,23,23,10,55,55,55,55,31,31,52,40,61,61,44,36,6,27,70,70,31,60,9,9,61,53,53,0],"gold":98,"neow_bonus":"THREE_ENEMY_KILL","is_prod":false,"is_daily":false,"chose_seed":false,"campfire_upgraded":2,"win_rate":0,"timestamp":1553123428,"path_taken":["M","$","?","M","$","R","E","M","T","E","?","M","?","M","R","BOSS","M","?","$","?","?","R","?","R","T","M","M","M","R","?","R","BOSS","M","$","?","?","?","E"],"build_version":"2019-01-23","purchased_purges":0,"victory":false,"max_hp_per_floor":[70,70,70,70,70,70,70,70,70,70,70,70,70,70,70,70,70,70,70,70,70,70,70,70,70,70,70,70,70,70,70,70,70,70,70,70,61,61,61,61],"card_choices":[{"not_picked":["Poisoned Stab","Eviscerate"],"picked":"Flying Knee","floor":1},{"not_picked":["Flying Knee","Backflip"],"picked":"Infinite Blades","floor":3},{"not_picked":["Dagger Throw","Distraction"],"picked":"Backstab","floor":4},{"not_picked":["Bane","Tools of the Trade"],"picked":"Choke","floor":7},{"not_picked":["Deadly Poison","Sucker Punch"],"picked":"Terror","floor":8},{"not_picked":["Flying Knee","Distraction"],"picked":"Dagger Spray","floor":10},{"not_picked":["Deadly Poison","Bane","Dagger Spray"],"picked":"Infinite Blades","floor":12},{"not_picked":["Underhanded Strike","Backflip","Skewer"],"picked":"Masterful Stab","floor":13},{"not_picked":["Poisoned Stab","Setup","Bane"],"picked":"Dodge and Roll","floor":14},{"not_picked":["Phantasmal Killer","Burst","Grand Finale"],"picked":"Envenom","floor":16},{"not_picked":["Dagger Throw","Bane","Reflex","All Out Attack"],"picked":"SKIP","floor":18},{"not_picked":["Sucker Punch+1","Dagger Spray","Endless Agony"],"picked":"Backflip","floor":21},{"not_picked":["Flechettes","Sucker Punch+1","Deflect"],"picked":"Bane","floor":24},{"not_picked":["Distraction","Phantasmal Killer","Caltrops"],"picked":"Cloak And Dagger","floor":27},{"not_picked":["Terror+1","Dodge and Roll","Backflip"],"picked":"Cloak And Dagger","floor":28},{"not_picked":["Setup","Flechettes+1","Acrobatics","Dagger Throw"],"picked":"SKIP","floor":29},{"not_picked":["Grand Finale","Envenom","Venomology"],"picked":"Bullet Time","floor":33},{"not_picked":["PiercingWail","Backflip","Reflex"],"picked":"Cloak And Dagger","floor":35}],"player_experience":429534,"relics_obtained":[{"floor":7,"key":"Thread and Needle"},{"floor":9,"key":"Sundial"},{"floor":10,"key":"Question Card"},{"floor":26,"key":"Letter Opener"}],"event_choices":[{"damage_healed":0,"gold_gain":0,"player_choice":"Copied","damage_taken":0,"max_hp_gain":0,"max_hp_loss":0,"event_name":"Duplicator","floor":19,"gold_loss":0,"cards_obtained":["Envenom"]},{"damage_healed":0,"gold_gain":0,"player_choice":"Upgraded","damage_taken":0,"max_hp_gain":0,"max_hp_loss":0,"event_name":"Upgrade Shrine","floor":22,"gold_loss":0,"cards_upgraded":["Envenom"]},{"cards_removed":["Infinite Blades"],"damage_healed":43,"gold_gain":0,"player_choice":"Offered Uncommon","damage_taken":0,"max_hp_gain":0,"max_hp_loss":0,"event_name":"Bonfire Elementals","floor":31,"gold_loss":0},{"damage_healed":61,"gold_gain":0,"player_choice":"Heal","damage_taken":0,"max_hp_gain":0,"max_hp_loss":9,"event_name":"The Moai Head","floor":37,"gold_loss":0},{"damage_healed":0,"gold_gain":0,"player_choice":"Embrace Madness","damage_taken":8,"max_hp_gain":0,"max_hp_loss":0,"event_name":"Winding Halls","floor":38,"gold_loss":0,"cards_obtained":["Madness","Madness"]},{"damage_healed":0,"gold_gain":0,"player_choice":"Ignored","damage_taken":0,"max_hp_gain":0,"max_hp_loss":0,"event_name":"Mysterious Sphere","floor":39,"gold_loss":0}],"is_beta":false,"boss_relics":[{"not_picked":["Empty Cage","Black Star"],"picked":"Fusion Hammer"},{"not_picked":["White Beast Statue","Runic Dome"],"picked":"Lizard Tail"}],"items_purged_floors":[],"is_endless":false,"potions_floor_spawned":[10,13,14,16,21,28],"killed_by":"Giant Head","ascension_level":13}