{"gold_per_floor":[115,127,147,162,162,187,187,198,198,208,208,242,12,28,28,133,133,148,134,134,134,154,187,206,206,206,223,223,235,235,235,235,235],"floor_reached":33,"playtime":3814,"items_purged":[],"score":281,"play_id":"f58ec687-bb54-43f6-af55-1f6b744bdd43","local_time":"20190427231656","is_ascension_mode":false,"campfire_choices":[{"floor":7,"key":"REST"},{"floor":11,"key":"REST"},{"floor":15,"key":"REST"},{"floor":28,"key":"REST"},{"floor":32,"key":"REST"}],"neow_cost":"NONE","seed_source_timestamp":1167554351514114,"circlet_count":0,"master_deck":["Strike_B+1","Strike_B+1","Strike_B+1","Strike_B+1","Defend_B+1","Defend_B+1","Defend_B+1","Defend_B+1","Zap","Dualcast","Redo","Coolheaded","Conserve Battery","Redo+1","Go for the Eyes","Compile Driver","Coolheaded","Rip and Tear","Auto Shields","Blizzard","Static Discharge+1","Barrage","Biased Cognition+1","Aggregate+1","Static Discharge+1","Cold Snap","White Noise+1","Sweeping Beam","Streamline+1","Ball Lightning+1","Decay"],"relics":["Cracked Core","NeowsBlessing","Girya","Frozen Egg 2","Letter Opener","Runic Pyramid","Blood Vial","Bottled Lightning","Dodecahedron"],"potions_floor_usage":[],"damage_taken":[{"damage":0,"enemies":"Jaw Worm","floor":1,"turns":1},{"damage":0,"enemies":"Small Slimes","floor":2,"turns":1},{"damage":0,"enemies":"2 Louse","floor":3,"turns":1},{"damage":3,"enemies":"Looter","floor":4,"turns":3},{"damage":36,"enemies":"3 Sentries","floor":6,"turns":10},{"damage":2,"enemies":"Exordium Wildlife","floor":8,"turns":3},{"damage":27,"enemies":"Large Slime","floor":10,"turns":7},{"damage":21,"enemies":"Lagavulin","floor":12,"turns":15},{"damage":9,"enemies":"Blue Slaver","floor":14,"turns":2},{"damage":30,"enemies":"Slime Boss","floor":16,"turns":9},{"damage":5,"enemies":"Shell Parasite","floor":18,"turns":10},{"damage":22,"enemies":"2 Thieves","floor":19,"turns":4},{"damage":6,"enemies":"Cultist and Chosen","floor":22,"turns":6},{"damage":25,"enemies":"Book of Stabbing","floor":23,"turns":7},{"damage":20,"enemies":"Shelled Parasite and Fungi","floor":24,"turns":7},{"damage":9,"enemies":"Snake Plant","floor":27,"turns":4},{"damage":12,"enemies":"Sentry and Sphere","floor":29,"turns":7},{"damage":53,"enemies":"Automaton","floor":33,"turns":8}],"seed_played":"8042534387403200045","potions_obtained":[{"floor":1,"key":"Swift Potion"},{"floor":2,"key":"LiquidBronze"},{"floor":3,"key":"FearPotion"}],"is_trial":false,"path_per_floor":["M","M","M","M","?","E","R","M","T","M","R","E","$","M","R","B",null,"M","M","?","?","M","E","M","?","T","M","R","M","?","T","R","B"],"character_chosen":"DEFECT","items_purchased":["Auto Shields","Blizzard","Static Discharge+1"],"campfire_rested":5,"item_purchase_floors":[13,13,13],"current_hp_per_floor":[75,75,75,72,72,36,58,56,56,29,51,30,30,21,43,13,75,70,48,48,73,67,42,24,24,24,17,39,29,29,29,51,0],"gold":235,"neow_bonus":"THREE_ENEMY_KILL","is_prod":false,"is_daily":false,"chose_seed":false,"campfire_upgraded":0,"win_rate":0.0,"timestamp":1556432216,"path_taken":["M","M","M","M","?","E","R","M","T","M","R","E","$","M","R","BOSS","M","M","?","?","M","E","M","?","T","M","R","?","?","?","R","BOSS"],"build_version":"2019-01-23","purchased_purges":0,"victory":false,"max_hp_per_floor":[75,75,75,75,75,75,75,75,75,75,75,75,75,75,75,75,75,75,75,75,75,75,75,75,75,75,75,75,75,75,75,75,75],"card_choices":[{"not_picked":["Steam Power","Reinforced Body"],"picked":"Redo","floor":1},{"not_picked":["Skim","Tempest"],"picked":"Coolheaded","floor":2},{"not_picked":["Go for the Eyes","Stack"],"picked":"Conserve Battery","floor":3},{"not_picked":["Genetic Algorithm","Hello World"],"picked":"Redo","floor":4},{"not_picked":["Force Field","Scrape"],"picked":"Go for the Eyes","floor":6},{"not_picked":["Conserve Battery","Coolheaded"],"picked":"Compile Driver","floor":8},{"not_picked":["Seek","Hologram"],"picked":"Coolheaded","floor":10},{"not_picked":["Leap","Redo"],"picked":"Rip and Tear","floor":12},{"not_picked":["Static Discharge+1","Compile Driver"],"picked":"Barrage","floor":14},{"not_picked":["Reboot","Amplify"],"picked":"Biased Cognition+1","floor":16},{"not_picked":["Redo+1","Blizzard+1"],"picked":"Aggregate+1","floor":18},{"not_picked":["Barrage","Glacier+1"],"picked":"Static Discharge+1","floor":19},{"not_picked":["Stack","Beam Cell"],"picked":"Cold Snap","floor":22},{"not_picked":["Redo","Cold Snap"],"picked":"White Noise+1","floor":23},{"not_picked":["Compile Driver","Steam"],"picked":"Sweeping Beam","floor":24},{"not_picked":["Seek","Compile Driver"],"picked":"Streamline+1","floor":27},{"not_picked":["Go for the Eyes","Loop+1"],"picked":"Ball Lightning+1","floor":29}],"player_experience":9898,"relics_obtained":[{"floor":6,"key":"Girya"},{"floor":9,"key":"Frozen Egg 2"},{"floor":12,"key":"Letter Opener"},{"floor":23,"key":"Blood Vial"},{"floor":26,"key":"Bottled Lightning"},{"floor":31,"key":"Dodecahedron"}],"event_choices":[{"damage_healed":0,"gold_gain":0,"player_choice":"Grow","damage_taken":0,"max_hp_gain":0,"max_hp_loss":0,"event_name":"Living Wall","floor":5,"gold_loss":0,"cards_upgraded":["Redo"]},{"damage_healed":0,"gold_gain":0,"player_choice":"Ignored","damage_taken":0,"max_hp_gain":0,"max_hp_loss":0,"event_name":"Ghosts","floor":20,"gold_loss":0},{"damage_healed":25,"gold_gain":0,"player_choice":"Heal","damage_taken":0,"max_hp_gain":0,"max_hp_loss":0,"event_name":"The Library","floor":21,"gold_loss":0},{"damage_healed":0,"gold_gain":0,"player_choice":"Simplicity","damage_taken":0,"max_hp_gain":0,"max_hp_loss":0,"event_name":"Back to Basics","floor":25,"gold_loss":0,"cards_upgraded":["Strike_B","Strike_B","Strike_B","Strike_B","Defend_B","Defend_B","Defend_B","Defend_B"]},{"damage_healed":0,"gold_gain":0,"player_choice":"Smashed Altar","damage_taken":0,"max_hp_gain":0,"max_hp_loss":0,"event_name":"Forgotten Altar","floor":30,"gold_loss":0,"cards_obtained":["Decay"]}],"is_beta":false,"boss_relics":[{"not_picked":["Lizard Tail","Sozu"],"picked":"Runic Pyramid"}],"items_purged_floors":[],"is_endless":false,"potions_floor_spawned":[1,2,3,10,12,22,24],"killed_by":"Automaton","ascension_level":0}