{"gold_per_floor":[118,130,153,78,78,112,23,50,50,50,69,12,47,66,66,66],"floor_reached":16,"playtime":364,"items_purged":[],"score":286,"play_id":"27a08f7a-94d1-4ed9-9d7c-51904f96ae69","local_time":"20190614184035","is_ascension_mode":true,"campfire_choices":[{"floor":10,"key":"REST"},{"data":"Noxious Fumes","floor":15,"key":"SMITH"}],"neow_cost":"NONE","seed_source_timestamp":67168295437336,"circlet_count":0,"master_deck":["AscendersBane","Defend_G","Defend_G","Defend_G","Defend_G","Defend_G","Strike_G","Strike_G","Strike_G","Strike_G","Strike_G","Survivor","Neutralize","All Out Attack","Poisoned Stab","Noxious Fumes+1","Deflect","Caltrops","Predator","Well Laid Plans","Escape Plan","Crippling Poison"],"relics":["Ring of the Snake","NeowsBlessing","Strawberry","FaceOfCleric","Oddly Smooth Stone","Sundial","Dodecahedron","Potion Belt","Unceasing Top"],"potions_floor_usage":[8,8,13],"damage_taken":[{"damage":0,"enemies":"Cultist","floor":1,"turns":1},{"damage":0,"enemies":"Small Slimes","floor":2,"turns":1},{"damage":0,"enemies":"Lagavulin","floor":6,"turns":1},{"damage":44,"enemies":"Gremlin Nob","floor":8,"turns":4},{"damage":0,"enemies":"Jaw Worm","floor":11,"turns":3},{"damage":30,"enemies":"3 Sentries","floor":13,"turns":4},{"damage":0,"enemies":"Exordium Wildlife","floor":14,"turns":4},{"damage":21,"enemies":"The Guardian","floor":16,"turns":2}],"seed_played":"-5107311957408417225","potions_obtained":[{"floor":2,"key":"Weak Potion"},{"floor":6,"key":"LiquidBronze"},{"floor":11,"key":"PowerPotion"}],"is_trial":false,"path_per_floor":["M","M","T","$","?","E","$","E","T","R","M","?","E","M","R","B"],"character_chosen":"THE_SILENT","items_purchased":["Noxious Fumes","Caltrops"],"campfire_rested":1,"item_purchase_floors":[4,7],"current_hp_per_floor":[59,59,66,66,66,67,67,24,24,46,47,47,18,19,19,0],"gold":66,"neow_bonus":"THREE_ENEMY_KILL","is_prod":false,"is_daily":false,"chose_seed":false,"campfire_upgraded":1,"win_rate":0,"timestamp":1560552035,"path_taken":["M","M","?","$","?","E","$","E","T","R","?","?","E","?","R","BOSS"],"build_version":"2019-01-23","purchased_purges":0,"victory":false,"max_hp_per_floor":[66,66,73,73,73,74,74,75,75,75,76,76,77,78,78,78],"card_choices":[{"not_picked":["Quick Slash","Flechettes"],"picked":"All Out Attack","floor":1},{"not_picked":["Blade Dance","PiercingWail"],"picked":"Poisoned Stab","floor":2},{"not_picked":["PiercingWail","Reflex"],"picked":"Deflect","floor":6},{"not_picked":["Infinite Blades","Flying Knee"],"picked":"Predator","floor":8},{"not_picked":["Setup","Outmaneuver"],"picked":"Well Laid Plans","floor":11},{"not_picked":["Masterful Stab","Bullet Time"],"picked":"Escape Plan","floor":13},{"not_picked":["Predator","Deadly Poison"],"picked":"Crippling Poison","floor":14}],"player_experience":897473,"relics_obtained":[{"floor":3,"key":"Strawberry"},{"floor":6,"key":"Oddly Smooth Stone"},{"floor":8,"key":"Sundial"},{"floor":9,"key":"Dodecahedron"},{"floor":13,"key":"Unceasing Top"}],"event_choices":[{"damage_healed":0,"gold_gain":0,"player_choice":"Trade","damage_taken":0,"relics_obtained":["FaceOfCleric"],"max_hp_gain":0,"max_hp_loss":0,"event_name":"FaceTrader","floor":5,"gold_loss":0},{"damage_healed":0,"gold_gain":0,"player_choice":"Paid Gold","damage_taken":0,"relics_obtained":["Potion Belt"],"max_hp_gain":0,"max_hp_loss":0,"event_name":"WeMeetAgain","floor":12,"gold_loss":57}],"is_beta":false,"boss_relics":[],"items_purged_floors":[],"is_endless":false,"potions_floor_spawned":[2,6,11],"killed_by":"The Guardian","ascension_level":20}