{"gold_per_floor":[109,109,126,92,92,92,120,133,179,212,212,212,212,227,227,321,321,321,321,321,321,321,321,321,321,321,321],"floor_reached":27,"playtime":1087,"items_purged":[],"score":440,"play_id":"a1f757c7-cf67-4770-af81-703cd1fb1be5","local_time":"20181121224746","is_ascension_mode":true,"campfire_choices":[{"data":"Spot Weakness","floor":6,"key":"SMITH"},{"data":"Double Tap","floor":13,"key":"SMITH"},{"data":"Spot Weakness","floor":15,"key":"SMITH"},{"floor":23,"key":"REST"},{"data":"Whirlwind","floor":25,"key":"SMITH"}],"neow_cost":"NONE","seed_source_timestamp":30032923705739,"circlet_count":0,"master_deck":["AscendersBane","Defend_R","Defend_R","Defend_R","Defend_R","Bash","Flex+1","Flame Barrier","Spot Weakness+1","Double Tap+1","Corruption","Evolve","Spot Weakness+1","Immolate","Iron Wave","Metallicize","True Grit+1","Burning Pact","Bite","Bite","Bite","Bite","Bite","Whirlwind+1"],"relics":["Burning Blood","NeowsBlessing","Centennial Puzzle","Dream Catcher","Red Skull","Golden Idol","Ectoplasm","Ornamental Fan"],"potions_floor_usage":[8,10,16],"damage_taken":[{"damage":0,"enemies":"Small Slimes","floor":1,"turns":1},{"damage":0,"enemies":"Jaw Worm","floor":3,"turns":1},{"damage":0,"enemies":"Lagavulin","floor":7,"turns":1},{"damage":1,"enemies":"Cultist","floor":8,"turns":3},{"damage":37,"enemies":"3 Sentries","floor":10,"turns":9},{"damage":8,"enemies":"Large Slime","floor":14,"turns":6},{"damage":43,"enemies":"The Guardian","floor":16,"turns":10},{"damage":28,"enemies":"Spheric Guardian","floor":18,"turns":4},{"damage":9,"enemies":"Chosen","floor":20,"turns":4},{"damage":15,"enemies":"Snecko","floor":21,"turns":4},{"damage":41,"enemies":"Book of Stabbing","floor":27,"turns":4}],"seed_played":"1175400662036071027","potions_obtained":[{"floor":1,"key":"GamblersBrew"},{"floor":7,"key":"Regen Potion"},{"floor":14,"key":"Fire Potion"}],"is_trial":false,"path_per_floor":["M","?","M","$","?","R","E","M","T","E","?","?","R","M","R","B",null,"M","?","M","M","?","R","?","R","T","E"],"character_chosen":"IRONCLAD","items_purchased":["Spot Weakness"],"campfire_rested":1,"item_purchase_floors":[4],"current_hp_per_floor":[74,74,75,75,75,75,75,75,75,59,59,52,52,50,50,13,55,33,33,30,21,21,35,31,31,31,0],"gold":321,"neow_bonus":"THREE_ENEMY_KILL","is_prod":false,"is_daily":false,"chose_seed":false,"campfire_upgraded":4,"win_rate":0,"timestamp":1542869266,"path_taken":["M","?","M","$","?","R","E","?","T","E","?","?","R","M","R","BOSS","M","?","?","M","?","R","?","R","T","E"],"build_version":"2018-11-15","purchased_purges":0,"victory":false,"max_hp_per_floor":[75,75,75,75,75,75,75,75,75,75,69,69,69,69,69,69,69,69,69,69,69,48,48,48,48,48,48],"card_choices":[{"not_picked":["Intimidate","Armaments"],"picked":"Flex","floor":1},{"not_picked":["Intimidate","True Grit"],"picked":"Flame Barrier","floor":3},{"not_picked":["Reckless Charge","Perfected Strike"],"picked":"Double Tap","floor":7},{"not_picked":["Pummel","Cleave"],"picked":"Corruption","floor":8},{"not_picked":["Body Slam","Cleave"],"picked":"Evolve","floor":10},{"not_picked":["Uppercut","Cleave"],"picked":"Spot Weakness","floor":14},{"not_picked":["Brutality","Double Tap"],"picked":"Immolate","floor":16},{"not_picked":["Sword Boomerang","Corruption"],"picked":"Iron Wave","floor":18},{"not_picked":["Armaments","Clothesline"],"picked":"True Grit+1","floor":20},{"not_picked":["Havoc","Warcry"],"picked":"Burning Pact","floor":21},{"not_picked":["Entrench","Body Slam"],"picked":"Whirlwind","floor":23}],"player_experience":815216,"relics_obtained":[{"floor":7,"key":"Centennial Puzzle"},{"floor":9,"key":"Dream Catcher"},{"floor":10,"key":"Red Skull"},{"floor":26,"key":"Ornamental Fan"}],"event_choices":[{"damage_healed":0,"gold_gain":0,"player_choice":"Grow","damage_taken":0,"max_hp_gain":0,"max_hp_loss":0,"event_name":"Living Wall","floor":2,"gold_loss":0,"cards_upgraded":["Flex"]},{"damage_healed":0,"gold_gain":0,"player_choice":"Cursed","damage_taken":0,"max_hp_gain":0,"max_hp_loss":0,"event_name":"Wheel of Change","floor":5,"gold_loss":0,"cards_obtained":["Decay"]},{"damage_healed":0,"gold_gain":0,"player_choice":"Lose Max HP","damage_taken":0,"relics_obtained":["Golden Idol"],"max_hp_gain":0,"max_hp_loss":6,"event_name":"Golden Idol","floor":11,"gold_loss":0},{"cards_removed":["Decay"],"damage_healed":0,"gold_gain":0,"player_choice":"Card Removal","damage_taken":7,"max_hp_gain":0,"max_hp_loss":0,"event_name":"Golden Wing","floor":12,"gold_loss":0},{"damage_healed":0,"gold_gain":0,"cards_transformed":["Strike_R"],"player_choice":"Transformed","damage_taken":0,"max_hp_gain":0,"max_hp_loss":0,"event_name":"Transmorgrifier","floor":19,"gold_loss":0,"cards_obtained":["Metallicize"]},{"damage_healed":0,"gold_gain":0,"player_choice":"Became a vampire","damage_taken":0,"max_hp_gain":0,"max_hp_loss":21,"event_name":"Vampires","floor":22,"gold_loss":0,"cards_obtained":["Bite","Bite","Bite","Bite","Bite"]},{"damage_healed":0,"gold_gain":0,"player_choice":"Damaged","damage_taken":4,"max_hp_gain":0,"max_hp_loss":0,"event_name":"Wheel of Change","floor":24,"gold_loss":0}],"is_beta":false,"boss_relics":[{"not_picked":["Orrery","Runic Pyramid"],"picked":"Ectoplasm"}],"items_purged_floors":[],"is_endless":false,"potions_floor_spawned":[1,7,14],"killed_by":"Book of Stabbing","ascension_level":14}