{"gold_per_floor":[110,122,138,150,150,150,178,178,178,192,222,222,322,337,337,441,441,451,39,39,39,0,0],"floor_reached":23,"playtime":1447,"items_purged":["Strike_R"],"score":199,"play_id":"f19cdfcb-6d62-4365-9136-86356261aa31","local_time":"20190521203218","is_ascension_mode":false,"campfire_choices":[{"data":"Body Slam","floor":6,"key":"SMITH"},{"data":"Entrench","floor":8,"key":"SMITH"},{"floor":15,"key":"REST"}],"neow_cost":"NONE","seed_source_timestamp":203381724521033,"circlet_count":0,"master_deck":["Strike_R","Strike_R","Strike_R","Strike_R","Defend_R","Defend_R","Defend_R","Defend_R","Bash","Body Slam+1","Entrench+1","True Grit","Evolve","Headbutt","Iron Wave","Juggernaut","Shrug It Off","Metallicize","Mind Blast","Second Wind"],"relics":["Black Blood","Smiling Mask","Thread and Needle","Vajra"],"potions_floor_usage":[3,7,16,16,23],"damage_taken":[{"damage":6,"enemies":"2 Louse","floor":1,"turns":2},{"damage":6,"enemies":"Small Slimes","floor":2,"turns":4},{"damage":5,"enemies":"Cultist","floor":3,"turns":4},{"damage":8,"enemies":"Lots of Slimes","floor":4,"turns":9},{"damage":31,"enemies":"Gremlin Nob","floor":7,"turns":5},{"damage":0,"enemies":"3 Louse","floor":10,"turns":4},{"damage":35,"enemies":"3 Sentries","floor":11,"turns":9},{"damage":21,"enemies":"Gremlin Gang","floor":14,"turns":6},{"damage":40,"enemies":"Slime Boss","floor":16,"turns":15},{"damage":33,"enemies":"2 Thieves","floor":18,"turns":5},{"damage":60,"enemies":"Gremlin Leader","floor":23,"turns":9}],"seed_played":"-4328324514832943340","potions_obtained":[{"floor":2,"key":"Block Potion"},{"floor":4,"key":"Regen Potion"},{"floor":7,"key":"FearPotion"},{"floor":14,"key":"Strength Potion"},{"floor":18,"key":"SkillPotion"}],"is_trial":false,"path_per_floor":["M","M","M","M","?","R","E","R","T","M","E","?","?","M","R","B",null,"M","$","$","?","$","E"],"character_chosen":"IRONCLAD","items_purchased":["Shrug It Off","Metallicize","Vajra","Mind Blast","Second Wind"],"campfire_rested":1,"item_purchase_floors":[19,19,19,19,22],"current_hp_per_floor":[88,88,88,86,91,91,75,75,75,81,52,52,52,37,64,30,93,70,70,70,61,61,1],"gold":0,"neow_bonus":"TEN_PERCENT_HP_BONUS","is_prod":false,"is_daily":false,"chose_seed":false,"campfire_upgraded":2,"win_rate":0,"timestamp":1558495938,"path_taken":["M","M","M","M","?","R","E","R","T","M","E","?","?","?","R","BOSS","M","?","$","?","$","E"],"build_version":"2019-01-23","purchased_purges":1,"victory":false,"max_hp_per_floor":[88,88,88,88,93,93,93,93,93,93,93,93,93,93,93,93,93,93,93,93,93,93,93],"card_choices":[{"not_picked":["Heavy Blade","Clothesline"],"picked":"Body Slam","floor":1},{"not_picked":["Pommel Strike","Sever Soul"],"picked":"Entrench","floor":2},{"not_picked":["Reckless Charge","Spot Weakness"],"picked":"True Grit","floor":3},{"not_picked":["Blood for Blood","Havoc","Flex"],"picked":"SKIP","floor":4},{"not_picked":["Wild Strike","Perfected Strike"],"picked":"Evolve","floor":7},{"not_picked":["Flex","Disarm"],"picked":"Headbutt","floor":10},{"not_picked":["Demon Form","Clash","Evolve"],"picked":"SKIP","floor":11},{"not_picked":["Dropkick","Clothesline"],"picked":"Iron Wave","floor":14},{"not_picked":["Immolate","Fiend Fire"],"picked":"Juggernaut","floor":16},{"not_picked":["Body Slam","Clash+1","Evolve"],"picked":"SKIP","floor":18}],"player_experience":232307,"relics_obtained":[{"floor":7,"key":"Smiling Mask"},{"floor":11,"key":"Thread and Needle"}],"event_choices":[{"damage_healed":0,"gold_gain":0,"player_choice":"Donut","damage_taken":0,"max_hp_gain":5,"max_hp_loss":0,"event_name":"Big Fish","floor":5,"gold_loss":0},{"damage_healed":0,"gold_gain":0,"player_choice":"Ignored","damage_taken":0,"max_hp_gain":0,"max_hp_loss":0,"event_name":"Liars Game","floor":12,"gold_loss":0},{"damage_healed":0,"gold_gain":100,"player_choice":"Pray","damage_taken":0,"max_hp_gain":0,"max_hp_loss":0,"event_name":"Golden Shrine","floor":13,"gold_loss":0},{"damage_healed":0,"gold_gain":0,"player_choice":"","damage_taken":9,"max_hp_gain":0,"max_hp_loss":0,"event_name":"Knowing Skull","floor":21,"potions_obtained":[],"gold_loss":0,"cards_obtained":[]}],"is_beta":false,"boss_relics":[{"not_picked":["Runic Cube","Cursed Key"],"picked":"Black Blood"}],"items_purged_floors":[19],"is_endless":false,"potions_floor_spawned":[2,4,7,14,18],"killed_by":"Gremlin Leader","ascension_level":0}