{"gold_per_floor":[209,224,242,73,84,84,146,146,146,146,159,170,198,216,216,319,319,331,331,347,91,102,102,128,144,144,144,155,155,155,0,0,102,102,112,212,212],"floor_reached":37,"playtime":2270,"items_purged":["Strike_R","Dark Embrace+1"],"score":481,"play_id":"22a1b3fb-7a96-4e30-811e-b1f085df14a3","local_time":"20190629184919","is_ascension_mode":true,"campfire_choices":[{"data":"Anger","floor":6,"key":"SMITH"},{"floor":8,"key":"REST"},{"data":"Flame Barrier","floor":15,"key":"SMITH"},{"floor":23,"key":"REST"},{"floor":27,"key":"REST"},{"floor":30,"key":"REST"},{"floor":32,"key":"REST"}],"neow_cost":"NONE","seed_source_timestamp":580869643731187,"circlet_count":0,"master_deck":["Defend_R","Defend_R","Defend_R","Defend_R","Bash","Anger+1","Cleave","Shrug It Off","Flash of Steel","Headbutt","Pommel Strike","Flame Barrier+1","Demon Form+1","Intimidate+1","Armaments+1","Pommel Strike","Bloodletting","Shrug It Off","Warcry+1"],"relics":["Burning Blood","Tiny Chest","Lantern","Frozen Egg 2","Astrolabe","Anchor","PreservedInsect","The Courier","Busted Crown"],"potions_floor_usage":[13,16,16,22,24,25,35],"damage_taken":[{"damage":9,"enemies":"2 Louse","floor":1,"turns":2},{"damage":1,"enemies":"Cultist","floor":2,"turns":3},{"damage":6,"enemies":"Small Slimes","floor":3,"turns":3},{"damage":10,"enemies":"2 Fungi Beasts","floor":5,"turns":4},{"damage":35,"enemies":"Lagavulin","floor":7,"turns":6},{"damage":0,"enemies":"3 Louse","floor":11,"turns":2},{"damage":6,"enemies":"Gremlin Gang","floor":12,"turns":3},{"damage":16,"enemies":"Gremlin Nob","floor":13,"turns":3},{"damage":1,"enemies":"Looter","floor":14,"turns":2},{"damage":38,"enemies":"The Guardian","floor":16,"turns":14},{"damage":9,"enemies":"Shell Parasite","floor":18,"turns":6},{"damage":4,"enemies":"3 Byrds","floor":20,"turns":4},{"damage":38,"enemies":"Sentry and Sphere","floor":22,"turns":7},{"damage":29,"enemies":"Slavers","floor":24,"turns":7},{"damage":38,"enemies":"Cultist and Chosen","floor":25,"turns":7},{"damage":28,"enemies":"Shelled Parasite and Fungi","floor":28,"turns":7},{"damage":40,"enemies":"Champ","floor":33,"turns":11},{"damage":26,"enemies":"3 Shapes","floor":35,"turns":5},{"damage":62,"enemies":"3 Darklings","floor":37,"turns":4}],"seed_played":"-3850198850470844312","potions_obtained":[{"floor":1,"key":"Swift Potion"},{"floor":11,"key":"Swift Potion"},{"floor":12,"key":"Fire Potion"},{"floor":16,"key":"Swift Potion"},{"floor":22,"key":"Poison Potion"},{"floor":24,"key":"Weak Potion"},{"floor":33,"key":"EssenceOfSteel"}],"is_trial":false,"path_per_floor":["M","M","M","$","M","R","E","R","T","?","M","M","E","M","R","B",null,"M","?","M","$","M","R","E","M","T","R","M","?","R","?","R","B",null,"M","?","M"],"character_chosen":"IRONCLAD","items_purchased":["Flash of Steel","Anchor"],"campfire_rested":5,"item_purchase_floors":[4,21],"current_hp_per_floor":[77,80,80,80,76,76,47,71,71,71,77,77,67,72,72,40,80,77,77,79,79,47,71,48,16,16,40,18,18,42,42,66,32,80,60,60,0],"gold":212,"neow_bonus":"HUNDRED_GOLD","is_prod":false,"is_daily":false,"chose_seed":false,"campfire_upgraded":2,"win_rate":0,"timestamp":1561859359,"path_taken":["M","M","M","$","M","R","E","R","T","?","M","?","E","M","R","BOSS","M","?","M","$","M","R","E","M","T","R","M","?","R","?","R","BOSS","M","?","?"],"build_version":"2019-01-23","purchased_purges":2,"victory":false,"max_hp_per_floor":[80,80,80,80,80,80,80,80,80,80,80,80,80,80,80,80,80,80,80,80,80,80,80,80,80,80,80,80,80,80,80,80,80,80,80,80,80],"card_choices":[{"not_picked":["Sever Soul","Armaments"],"picked":"Anger","floor":1},{"not_picked":["Bloodletting","Headbutt"],"picked":"Cleave","floor":2},{"not_picked":["Sentinel","Twin Strike"],"picked":"Shrug It Off","floor":3},{"not_picked":["Rage","Offering"],"picked":"Headbutt","floor":5},{"not_picked":["Clothesline","Cleave","Sword Boomerang"],"picked":"SKIP","floor":7},{"not_picked":["Warcry","Thunderclap"],"picked":"Pommel Strike","floor":11},{"not_picked":["Clothesline","Limit Break","Sword Boomerang"],"picked":"SKIP","floor":12},{"not_picked":["Power Through","Pummel"],"picked":"Flame Barrier","floor":13},{"not_picked":["Thunderclap","Sever Soul","Perfected Strike"],"picked":"SKIP","floor":14},{"not_picked":["Immolate","Feed"],"picked":"Demon Form+1","floor":16},{"not_picked":["Power Through","Clash"],"picked":"Pommel Strike","floor":18},{"not_picked":["Pommel Strike","Havoc","Wild Strike"],"picked":"SKIP","floor":20},{"not_picked":["Thunderclap","Combust+1","Rampage"],"picked":"SKIP","floor":22},{"not_picked":["Shrug It Off","Shockwave","Havoc"],"picked":"SKIP","floor":24},{"not_picked":["Wild Strike+1","Spot Weakness"],"picked":"Shrug It Off","floor":25},{"not_picked":["Perfected Strike+1","Flex"],"picked":"Warcry+1","floor":28},{"not_picked":["Body Slam"],"picked":"SKIP","floor":35}],"player_experience":531489,"relics_obtained":[{"floor":7,"key":"Tiny Chest"},{"floor":9,"key":"Lantern"},{"floor":13,"key":"Frozen Egg 2"},{"floor":24,"key":"PreservedInsect"},{"floor":26,"key":"The Courier"}],"event_choices":[{"cards_removed":["Strike_R"],"damage_healed":0,"gold_gain":0,"player_choice":"Purged","damage_taken":0,"max_hp_gain":0,"max_hp_loss":0,"event_name":"Purifier","floor":10,"gold_loss":0},{"damage_healed":0,"gold_gain":0,"player_choice":"Read","damage_taken":0,"max_hp_gain":0,"max_hp_loss":0,"event_name":"The Library","floor":19,"gold_loss":0,"cards_obtained":["Bloodletting"]},{"damage_healed":0,"gold_gain":0,"player_choice":"Ignored","damage_taken":0,"max_hp_gain":0,"max_hp_loss":0,"event_name":"Cursed Tome","floor":29,"gold_loss":0},{"damage_healed":0,"gold_gain":0,"player_choice":"Paid Fearfully","damage_taken":0,"max_hp_gain":0,"max_hp_loss":0,"event_name":"Masked Bandits","floor":31,"gold_loss":155},{"damage_healed":0,"gold_gain":100,"player_choice":"Pray","damage_taken":0,"max_hp_gain":0,"max_hp_loss":0,"event_name":"Golden Shrine","floor":36,"gold_loss":0}],"is_beta":false,"boss_relics":[{"not_picked":["Lizard Tail","Runic Dome"],"picked":"Astrolabe"},{"not_picked":["Cursed Key","Runic Pyramid"],"picked":"Busted Crown"}],"items_purged_floors":[4,21],"is_endless":false,"potions_floor_spawned":[1,11,12,16,22,24,33],"killed_by":"3 Darklings","ascension_level":4}