{"gold_per_floor":[115,132,152,152,152,178,178,12,12,22,34,66,130,142,142,242,242,259,271,288,288,304,304,304,304],"floor_reached":25,"playtime":1439,"items_purged":["Warcry"],"score":215,"play_id":"e0a80e8f-f602-43e6-9da3-8e3b2a2ea87f","local_time":"20190428145317","is_ascension_mode":false,"campfire_choices":[{"floor":7,"key":"REST"},{"floor":15,"key":"REST"},{"floor":23,"key":"REST"}],"neow_cost":"NONE","seed_source_timestamp":19121036396302,"circlet_count":0,"master_deck":["Strike_R","Strike_R","Strike_R","Strike_R","Strike_R","Defend_R","Defend_R","Defend_R","Defend_R+1","Bash","Immolate","Infernal Blade","Battle Trance+1","Brutality","Flash of Steel","Thunderclap","Clash","Anger","Demon Form","Anger","Perfected Strike","Inflame","Iron Wave"],"relics":["Black Blood","Letter Opener","Regal Pillow","Gremlin Horn","War Paint"],"potions_floor_usage":[16,16,22,22,25],"damage_taken":[{"damage":0,"enemies":"2 Louse","floor":1,"turns":1},{"damage":8,"enemies":"Jaw Worm","floor":2,"turns":4},{"damage":2,"enemies":"Small Slimes","floor":3,"turns":4},{"damage":27,"enemies":"Gremlin Nob","floor":6,"turns":4},{"damage":10,"enemies":"Looter","floor":10,"turns":3},{"damage":21,"enemies":"Exordium Thugs","floor":11,"turns":3},{"damage":23,"enemies":"Lagavulin","floor":12,"turns":5},{"damage":6,"enemies":"3 Louse","floor":14,"turns":2},{"damage":69,"enemies":"Hexaghost","floor":16,"turns":9},{"damage":22,"enemies":"2 Thieves","floor":18,"turns":3},{"damage":6,"enemies":"Chosen","floor":19,"turns":4},{"damage":32,"enemies":"Shelled Parasite and Fungi","floor":20,"turns":4},{"damage":23,"enemies":"Snake Plant","floor":22,"turns":4},{"damage":89,"enemies":"Slavers","floor":25,"turns":5}],"seed_played":"2894112288983889896","potions_obtained":[{"floor":2,"key":"Regen Potion"},{"floor":10,"key":"Strength Potion"},{"floor":11,"key":"AttackPotion"},{"floor":12,"key":"BloodPotion"},{"floor":18,"key":"Poison Potion"},{"floor":22,"key":"Ancient Potion"}],"is_trial":false,"path_per_floor":["M","M","M","?","?","E","R","$","T","M","M","E","?","M","R","B",null,"M","M","M","?","M","R","?","E"],"character_chosen":"IRONCLAD","items_purchased":["Flash of Steel"],"campfire_rested":3,"item_purchase_floors":[8],"current_hp_per_floor":[80,78,80,80,73,52,80,80,80,76,61,44,44,44,80,32,80,68,72,50,50,45,80,80,0],"gold":304,"neow_bonus":"ONE_RANDOM_RARE_CARD","is_prod":false,"is_daily":false,"chose_seed":false,"campfire_upgraded":0,"win_rate":0.0,"timestamp":1556488397,"path_taken":["M","M","M","?","?","E","R","?","T","M","M","E","?","M","R","BOSS","M","M","M","?","M","R","?","E"],"build_version":"2019-01-23","purchased_purges":1,"victory":false,"max_hp_per_floor":[80,80,80,80,80,80,80,80,80,80,80,80,80,80,80,80,80,80,80,80,80,80,80,80,80],"card_choices":[{"not_picked":["Iron Wave","Wild Strike"],"picked":"Warcry","floor":1},{"not_picked":["Wild Strike","Iron Wave"],"picked":"Infernal Blade","floor":2},{"not_picked":["Spot Weakness","Wild Strike"],"picked":"Battle Trance","floor":3},{"not_picked":["Shrug It Off","Rage"],"picked":"Brutality","floor":6},{"not_picked":["Power Through","Perfected Strike"],"picked":"Thunderclap","floor":10},{"not_picked":["Combust","Body Slam"],"picked":"Clash","floor":11},{"not_picked":["Dropkick","Corruption"],"picked":"Evolve","floor":12},{"not_picked":["Perfected Strike","Hemokinesis"],"picked":"Anger","floor":14},{"not_picked":["Barricade","Brutality"],"picked":"Demon Form","floor":16},{"not_picked":["Flex","Dropkick"],"picked":"Anger","floor":18},{"not_picked":["Intimidate","Second Wind","Body Slam"],"picked":"SKIP","floor":19},{"not_picked":["Body Slam+1","Flex"],"picked":"Perfected Strike","floor":20},{"not_picked":["Dropkick","Warcry"],"picked":"Inflame","floor":22}],"player_experience":38118,"relics_obtained":[{"floor":6,"key":"Regal Pillow"},{"floor":9,"key":"Gremlin Horn"},{"floor":12,"key":"War Paint"}],"event_choices":[{"damage_healed":0,"gold_gain":0,"player_choice":"Leave","damage_taken":0,"max_hp_gain":0,"max_hp_loss":0,"event_name":"The Cleric","floor":4,"gold_loss":0},{"damage_healed":0,"gold_gain":0,"player_choice":"Success","damage_taken":7,"relics_obtained":["Letter Opener"],"max_hp_gain":0,"max_hp_loss":0,"event_name":"Scrap Ooze","floor":5,"gold_loss":0},{"damage_healed":0,"gold_gain":64,"player_choice":"Gained Gold","damage_taken":0,"max_hp_gain":0,"max_hp_loss":0,"event_name":"Golden Wing","floor":13,"gold_loss":0},{"damage_healed":0,"gold_gain":0,"player_choice":"Ignored","damage_taken":0,"max_hp_gain":0,"max_hp_loss":0,"event_name":"Ghosts","floor":21,"gold_loss":0},{"cards_removed":["Evolve"],"damage_healed":0,"gold_gain":0,"player_choice":"Took Card","damage_taken":0,"max_hp_gain":0,"max_hp_loss":0,"event_name":"NoteForYourself","floor":24,"gold_loss":0,"cards_obtained":["Iron Wave"]}],"is_beta":false,"boss_relics":[{"not_picked":["Astrolabe","Black Star"],"picked":"Black Blood"}],"items_purged_floors":[8],"is_endless":false,"potions_floor_spawned":[2,10,11,12,14,18,22],"killed_by":"Slavers","ascension_level":0}