{"gold_per_floor":[110,127,143,143,160,190,190,208,264,334,334],"floor_reached":11,"playtime":433,"items_purged":[],"score":150,"play_id":"7221cebd-0f71-4959-aef8-9748b4407cf8","local_time":"20190622211755","is_ascension_mode":true,"campfire_choices":[{"floor":7,"key":"REST"}],"neow_cost":"TEN_PERCENT_HP_LOSS","seed_source_timestamp":858372149359684,"circlet_count":0,"master_deck":["AscendersBane","Strike_R","Strike_R","Strike_R","Strike_R","Strike_R","Defend_R","Defend_R","Defend_R","Defend_R","Bash","Thunderclap","Burning Pact","Iron Wave","Shrug It Off","Offering","Cleave","Disarm"],"relics":["Burning Blood","Charon\u0027s Ashes","SsserpentHead","Gambling Chip","Tiny Chest"],"potions_floor_usage":[6,10],"damage_taken":[{"damage":7,"enemies":"Jaw Worm","floor":1,"turns":5},{"damage":1,"enemies":"Cultist","floor":2,"turns":3},{"damage":8,"enemies":"2 Louse","floor":3,"turns":3},{"damage":8,"enemies":"2 Fungi Beasts","floor":5,"turns":4},{"damage":59,"enemies":"Gremlin Nob","floor":6,"turns":6},{"damage":26,"enemies":"Gremlin Gang","floor":8,"turns":7},{"damage":3,"enemies":"Blue Slaver","floor":10,"turns":4},{"damage":19,"enemies":"3 Sentries","floor":11,"turns":2}],"seed_played":"-4507737981867883435","potions_obtained":[{"floor":5,"key":"SneckoOil"},{"floor":8,"key":"Fire Potion"}],"is_trial":false,"path_per_floor":["M","M","M","?","M","E","R","M","T","M","E"],"character_chosen":"IRONCLAD","items_purchased":[],"campfire_rested":1,"item_purchase_floors":[],"current_hp_per_floor":[67,68,66,66,64,11,31,11,11,14,0],"gold":334,"neow_bonus":"ONE_RARE_RELIC","is_prod":false,"is_daily":false,"chose_seed":false,"campfire_upgraded":0,"win_rate":0,"timestamp":1561263475,"path_taken":["M","M","M","?","M","E","R","M","T","?","E"],"build_version":"2019-01-23","purchased_purges":0,"victory":false,"max_hp_per_floor":[68,68,68,68,68,68,68,68,68,68,68],"card_choices":[{"not_picked":["Armaments","Body Slam"],"picked":"Thunderclap","floor":1},{"not_picked":["Warcry","Cleave"],"picked":"Burning Pact","floor":2},{"not_picked":["Wild Strike","Headbutt"],"picked":"Iron Wave","floor":3},{"not_picked":["Thunderclap","Flex"],"picked":"Shrug It Off","floor":5},{"not_picked":["Rupture","Rampage"],"picked":"Offering","floor":6},{"not_picked":["Pommel Strike","Headbutt"],"picked":"Cleave","floor":8},{"not_picked":["Clothesline","Hemokinesis"],"picked":"Disarm","floor":10}],"player_experience":1052491,"relics_obtained":[{"floor":6,"key":"Gambling Chip"},{"floor":9,"key":"Tiny Chest"}],"event_choices":[{"damage_healed":0,"gold_gain":0,"player_choice":"Trade","damage_taken":0,"relics_obtained":["SsserpentHead"],"max_hp_gain":0,"max_hp_loss":0,"event_name":"FaceTrader","floor":4,"gold_loss":0}],"is_beta":false,"boss_relics":[],"items_purged_floors":[],"is_endless":false,"potions_floor_spawned":[5,8],"killed_by":"3 Sentries","ascension_level":19}