{"gold_per_floor":[119,38,53,70,88,88,120,139,188,220,238,249,249,262,262,361,361,377,377,387,387,398,398,398,424,469,469,483,408,432,65,65,167,167,179,279,152,152,76,76,108,121,189,202,256,256,276,31,31,31],"floor_reached":50,"playtime":3208,"items_purged":["Uppercut"],"score":527,"play_id":"541fc0d9-f896-48b4-b86c-cd77ec0e8855","local_time":"20190518182025","is_ascension_mode":false,"campfire_choices":[{"data":"Hemokinesis","floor":6,"key":"SMITH"},{"floor":15,"key":"REST"},{"floor":23,"key":"REST"},{"data":"Offering","floor":27,"key":"SMITH"},{"floor":32,"key":"REST"},{"data":"Bloodletting","floor":40,"key":"SMITH"},{"floor":46,"key":"REST"},{"floor":49,"key":"RECALL"}],"neow_cost":"NONE","seed_source_timestamp":449532942891239,"circlet_count":0,"master_deck":["Bash","Rupture","Sever Soul","Hemokinesis+1","Ghostly Armor+1","Flex","Cleave","Heavy Blade","Rupture","Flame Barrier+1","Offering+1","Intimidate","Uppercut","Shrug It Off","Immolate","Demon Form+1","Reaper","Flex","Inflame+1","Evolve+1","RitualDagger","Headbutt","Flame Barrier+1","Dual Wield","Hemokinesis","Barricade+1","Body Slam+1","Bloodletting+1","Entrench","Battle Trance+1","Parasite","Whirlwind","Flame Barrier"],"relics":["Black Blood","Mercury Hourglass","Art of War","Frozen Egg 2","Pandora\u0027s Box","MutagenicStrength","Juzu Bracelet","Centennial Puzzle","Pocketwatch","Torii","Pen Nib","Shuriken","Turnip","Lantern"],"potions_floor_usage":[5,10,10,11,11,14,16,33,41,41,41,44,50],"damage_taken":[{"damage":5,"enemies":"Small Slimes","floor":1,"turns":3},{"damage":9,"enemies":"Jaw Worm","floor":3,"turns":3},{"damage":3,"enemies":"Cultist","floor":4,"turns":3},{"damage":7,"enemies":"Exordium Wildlife","floor":5,"turns":5},{"damage":16,"enemies":"Gremlin Nob","floor":7,"turns":4},{"damage":1,"enemies":"Large Slime","floor":8,"turns":3},{"damage":38,"enemies":"Lagavulin","floor":10,"turns":5},{"damage":7,"enemies":"3 Louse","floor":11,"turns":3},{"damage":4,"enemies":"Blue Slaver","floor":12,"turns":4},{"damage":7,"enemies":"Large Slime","floor":14,"turns":5},{"damage":54,"enemies":"Slime Boss","floor":16,"turns":11},{"damage":17,"enemies":"3 Byrds","floor":18,"turns":4},{"damage":10,"enemies":"Spheric Guardian","floor":20,"turns":4},{"damage":26,"enemies":"Snecko","floor":22,"turns":4},{"damage":38,"enemies":"Gremlin Leader","floor":25,"turns":7},{"damage":8,"enemies":"Sentry and Sphere","floor":28,"turns":4},{"damage":44,"enemies":"Champ","floor":33,"turns":9},{"damage":27,"enemies":"3 Shapes","floor":35,"turns":3},{"damage":17,"enemies":"Mind Bloom Boss Battle","floor":36,"turns":7},{"damage":49,"enemies":"Giant Head","floor":41,"turns":8},{"damage":13,"enemies":"3 Darklings","floor":42,"turns":3},{"damage":28,"enemies":"Sphere and 2 Shapes","floor":44,"turns":6},{"damage":43,"enemies":"2 Orb Walkers","floor":45,"turns":5},{"damage":9,"enemies":"Writhing Mass","floor":47,"turns":5},{"damage":48,"enemies":"Donu and Deca","floor":50,"turns":4}],"seed_played":"1006651643125924835","potions_obtained":[{"floor":3,"key":"SkillPotion"},{"floor":5,"key":"GamblersBrew"},{"floor":7,"key":"Regen Potion"},{"floor":10,"key":"EntropicBrew"},{"floor":22,"key":"Strength Potion"},{"floor":25,"key":"SpeedPotion"},{"floor":36,"key":"Explosive Potion"},{"floor":42,"key":"AttackPotion"}],"is_trial":false,"path_per_floor":["M","$","M","M","M","R","E","M","T","E","M","M","?","M","R","B",null,"M","?","M","?","M","R","?","E","T","R","M","?","T","$","R","B",null,"M","?","$","?","$","R","E","M","T","M","?","R","M","$","R","B"],"character_chosen":"IRONCLAD","items_purchased":["Hemokinesis","Hemokinesis","Pocketwatch","PowerPotion","Bloodletting","Flame Barrier","Lantern","SpeedPotion"],"campfire_rested":4,"item_purchase_floors":[2,31,31,37,39,48,48,48],"current_hp_per_floor":[80,80,77,80,79,79,69,74,74,51,50,52,52,51,75,27,80,69,69,65,59,49,73,73,56,56,56,54,54,54,54,78,54,80,63,67,67,67,67,67,43,61,61,47,14,36,37,37,37,0],"gold":31,"neow_bonus":"THREE_CARDS","is_prod":false,"is_daily":false,"chose_seed":false,"campfire_upgraded":3,"win_rate":0,"timestamp":1558228825,"path_taken":["M","$","M","M","M","R","E","M","T","E","M","M","?","M","R","BOSS","M","?","M","?","M","R","?","E","T","R","M","?","?","$","R","BOSS","M","?","$","?","?","R","E","M","T","M","?","R","M","$","R","BOSS"],"build_version":"2019-01-23","purchased_purges":1,"victory":false,"max_hp_per_floor":[80,80,80,80,80,80,80,80,80,80,80,80,80,80,80,80,80,80,80,80,80,80,80,80,80,80,80,80,80,80,80,80,80,80,80,80,80,76,76,76,76,76,76,76,76,76,76,76,76,76],"card_choices":[{"not_picked":["Cleave","Warcry"],"picked":"Rupture","floor":0},{"not_picked":["Heavy Blade","Headbutt"],"picked":"Sever Soul","floor":1},{"not_picked":["Shockwave","Sever Soul"],"picked":"Ghostly Armor","floor":3},{"not_picked":["Shockwave","Havoc"],"picked":"Flex","floor":4},{"not_picked":["Burning Pact","Body Slam"],"picked":"Cleave","floor":5},{"not_picked":["Shockwave","Sword Boomerang"],"picked":"Heavy Blade","floor":7},{"not_picked":["Armaments","Havoc"],"picked":"Rupture","floor":8},{"not_picked":["Pummel","Burning Pact"],"picked":"Flame Barrier","floor":10},{"not_picked":["Clothesline","Thunderclap","Entrench"],"picked":"SKIP","floor":11},{"not_picked":["Uppercut","Second Wind","Sword Boomerang"],"picked":"SKIP","floor":12},{"not_picked":["Warcry","Berserk+1","Anger"],"picked":"SKIP","floor":14},{"not_picked":["Dark Embrace+1","Brutality+1"],"picked":"Offering","floor":16},{"not_picked":["Shrug It Off","Clash"],"picked":"Inflame+1","floor":18},{"not_picked":["Infernal Blade","Iron Wave+1"],"picked":"Evolve+1","floor":20},{"not_picked":["Evolve+1","Twin Strike"],"picked":"Headbutt","floor":22},{"not_picked":["Power Through","Warcry"],"picked":"Flame Barrier+1","floor":25},{"not_picked":["Searing Blow+1","Ghostly Armor"],"picked":"Dual Wield","floor":28},{"not_picked":["Bludgeon","Offering"],"picked":"Barricade+1","floor":33},{"not_picked":["Rampage+1","Evolve+1"],"picked":"Body Slam+1","floor":35},{"not_picked":["True Grit+1","Twin Strike","Spot Weakness+1"],"picked":"SKIP","floor":41},{"not_picked":["Anger","Headbutt+1"],"picked":"Entrench","floor":42},{"not_picked":["Infernal Blade+1","Heavy Blade+1"],"picked":"Battle Trance+1","floor":44},{"not_picked":["Spot Weakness","Cleave"],"picked":"Whirlwind","floor":47}],"player_experience":221077,"relics_obtained":[{"floor":7,"key":"Mercury Hourglass"},{"floor":9,"key":"Art of War"},{"floor":10,"key":"Frozen Egg 2"},{"floor":25,"key":"Juzu Bracelet"},{"floor":26,"key":"Centennial Puzzle"},{"floor":36,"key":"Torii"},{"floor":41,"key":"Pen Nib"},{"floor":43,"key":"Shuriken"},{"floor":45,"key":"Turnip"}],"event_choices":[{"damage_healed":0,"gold_gain":0,"player_choice":"Grow","damage_taken":0,"max_hp_gain":0,"max_hp_loss":0,"event_name":"Living Wall","floor":13,"gold_loss":0,"cards_upgraded":["Flame Barrier"]},{"damage_healed":0,"gold_gain":0,"player_choice":"Inject Mutagens","damage_taken":0,"relics_obtained":["MutagenicStrength"],"max_hp_gain":0,"max_hp_loss":0,"event_name":"Drug Dealer","floor":19,"gold_loss":0},{"damage_healed":0,"gold_gain":0,"player_choice":"Joined the Cult","damage_taken":6,"max_hp_gain":0,"max_hp_loss":0,"event_name":"Nest","floor":21,"gold_loss":0,"cards_obtained":["RitualDagger"]},{"damage_healed":0,"gold_gain":0,"player_choice":"Upgraded","damage_taken":0,"max_hp_gain":0,"max_hp_loss":0,"event_name":"Upgrade Shrine","floor":24,"gold_loss":0,"cards_upgraded":["Ghostly Armor"]},{"cards_removed":["Havoc"],"damage_healed":0,"gold_gain":0,"player_choice":"Gave Gold","damage_taken":0,"max_hp_gain":0,"max_hp_loss":0,"event_name":"Beggar","floor":29,"gold_loss":75},{"damage_healed":0,"gold_gain":0,"player_choice":"Fight","damage_taken":0,"max_hp_gain":0,"max_hp_loss":0,"event_name":"MindBloom","floor":36,"gold_loss":0},{"damage_healed":0,"gold_gain":0,"player_choice":"Max HP","damage_taken":0,"max_hp_gain":0,"max_hp_loss":4,"event_name":"Winding Halls","floor":38,"gold_loss":0},{"damage_healed":0,"gold_gain":0,"player_choice":"Fight","damage_taken":0,"max_hp_gain":0,"max_hp_loss":0,"event_name":"Mysterious Sphere","floor":45,"gold_loss":0}],"is_beta":false,"boss_relics":[{"not_picked":["Astrolabe","Ectoplasm"],"picked":"Pandora\u0027s Box"},{"not_picked":["Fusion Hammer","Tiny House"],"picked":"Black Blood"}],"items_purged_floors":[37],"is_endless":false,"potions_floor_spawned":[3,5,7,10,22,25,36,42],"killed_by":"Donu and Deca","ascension_level":0}