{"gold_per_floor":[110,35,35,45,62,96,112,112,112,112,56,1,36,49,49,127,127,137,148,148,166,185,185,215,215,292,319,345,51,68,9,9,9],"floor_reached":33,"playtime":1081,"items_purged":[],"score":499,"play_id":"7293e3c3-8c83-44e2-ad02-73284874ca79","local_time":"20190331154835","is_ascension_mode":true,"campfire_choices":[{"floor":8,"key":"REST"},{"data":"Consume","floor":10,"key":"SMITH"},{"data":"Zap","floor":15,"key":"SMITH"},{"floor":23,"key":"REST"},{"floor":32,"key":"REST"}],"neow_cost":"NONE","seed_source_timestamp":943252725769051,"circlet_count":0,"master_deck":["AscendersBane","Strike_B+1","Strike_B+1","Strike_B","Defend_B","Defend_B","Defend_B","Defend_B","Zap+1","Dualcast","Consume+1","Ball Lightning","Go for the Eyes","Doom and Gloom","Coolheaded","Electrodynamics","Beam Cell","BootSequence","Fusion+1","Redo","Writhe","Capacitor","Darkness","Conserve Battery"],"relics":["FrozenCore","Blood Vial","Whetstone","Lantern","Symbiotic Virus","Mercury Hourglass","Pantograph","Unceasing Top","Meat on the Bone","Pen Nib","Red Mask","ClockworkSouvenir"],"potions_floor_usage":[14,16,20,24,28,33,33],"damage_taken":[{"damage":0,"enemies":"2 Louse","floor":1,"turns":2},{"damage":7,"enemies":"Jaw Worm","floor":4,"turns":4},{"damage":4,"enemies":"Small Slimes","floor":5,"turns":3},{"damage":40,"enemies":"3 Sentries","floor":6,"turns":6},{"damage":9,"enemies":"Looter","floor":7,"turns":3},{"damage":16,"enemies":"Gremlin Nob","floor":13,"turns":3},{"damage":0,"enemies":"Gremlin Gang","floor":14,"turns":1},{"damage":8,"enemies":"Hexaghost","floor":16,"turns":7},{"damage":7,"enemies":"3 Byrds","floor":18,"turns":4},{"damage":15,"enemies":"Spheric Guardian","floor":19,"turns":4},{"damage":3,"enemies":"Snecko","floor":20,"turns":3},{"damage":6,"enemies":"Cultist and Chosen","floor":21,"turns":4},{"damage":22,"enemies":"Centurion and Healer","floor":22,"turns":4},{"damage":20,"enemies":"Slavers","floor":24,"turns":4},{"damage":17,"enemies":"Masked Bandits","floor":28,"turns":3},{"damage":6,"enemies":"Chosen and Byrds","floor":30,"turns":5},{"damage":74,"enemies":"Automaton","floor":33,"turns":8}],"seed_played":"-8340943510604753360","potions_obtained":[{"floor":6,"key":"SteroidPotion"},{"floor":14,"key":"Poison Potion"},{"floor":16,"key":"SmokeBomb"},{"floor":19,"key":"Energy Potion"},{"floor":22,"key":"Ancient Potion"},{"floor":28,"key":"GamblersBrew"},{"floor":30,"key":"Block Potion"}],"is_trial":false,"path_per_floor":["M","?","?","M","M","E","M","R","T","R","?","?","E","M","R","B",null,"M","M","M","M","M","R","E","?","T","T","?","$","M","$","R","B"],"character_chosen":"DEFECT","items_purchased":["Capacitor","ClockworkSouvenir","Conserve Battery"],"campfire_rested":3,"item_purchase_floors":[29,29,31],"current_hp_per_floor":[66,66,66,61,59,21,14,35,35,35,35,35,21,23,23,17,58,53,40,39,35,15,36,18,18,18,18,15,15,23,23,44,0],"gold":9,"neow_bonus":"RANDOM_COMMON_RELIC","is_prod":false,"is_daily":false,"chose_seed":false,"campfire_upgraded":2,"win_rate":0,"timestamp":1554061715,"path_taken":["M","?","?","M","M","E","M","R","T","R","?","?","E","M","R","BOSS","M","?","?","M","M","R","E","?","T","?","?","$","M","$","R","BOSS"],"build_version":"2019-01-23","purchased_purges":0,"victory":false,"max_hp_per_floor":[71,71,71,71,71,71,71,71,71,71,71,71,71,71,71,71,71,71,71,71,71,71,71,71,71,71,71,71,71,71,71,71,71],"card_choices":[{"not_picked":["Compile Driver","Turbo","Hologram"],"picked":"SKIP","floor":1},{"not_picked":["Beam Cell","Barrage"],"picked":"Consume","floor":4},{"not_picked":["Gash","Recycle"],"picked":"Ball Lightning","floor":5},{"not_picked":["Rebound","Scrape"],"picked":"Go for the Eyes","floor":6},{"not_picked":["Turbo","Gash"],"picked":"Doom and Gloom","floor":7},{"not_picked":["Heatsinks","Scrape","Recycle"],"picked":"SKIP","floor":13},{"not_picked":["Compile Driver","Hello World"],"picked":"Coolheaded","floor":14},{"not_picked":["Seek","Core Surge"],"picked":"Electrodynamics","floor":16},{"not_picked":["Coolheaded","Rebound"],"picked":"Beam Cell","floor":18},{"not_picked":["Redo","Beam Cell"],"picked":"BootSequence","floor":19},{"not_picked":["Compile Driver+1","Sweeping Beam"],"picked":"Fusion+1","floor":21},{"not_picked":["Go for the Eyes+1","Ball Lightning"],"picked":"Redo","floor":22},{"not_picked":["Melter","Sunder","Genetic Algorithm+1"],"picked":"SKIP","floor":24},{"not_picked":["Beam Cell","Barrage"],"picked":"Darkness","floor":30}],"player_experience":485239,"relics_obtained":[{"floor":6,"key":"Whetstone"},{"floor":9,"key":"Lantern"},{"floor":13,"key":"Mercury Hourglass"},{"floor":24,"key":"Pantograph"},{"floor":26,"key":"Meat on the Bone"},{"floor":27,"key":"Pen Nib"},{"floor":28,"key":"Red Mask"}],"event_choices":[{"cards_removed":["Strike_B"],"damage_healed":0,"gold_gain":0,"player_choice":"Card Removal","damage_taken":0,"max_hp_gain":0,"max_hp_loss":0,"event_name":"The Cleric","floor":2,"gold_loss":75},{"damage_healed":0,"gold_gain":0,"player_choice":"Ignored","damage_taken":0,"max_hp_gain":0,"max_hp_loss":0,"event_name":"Liars Game","floor":3,"gold_loss":0},{"damage_healed":0,"gold_gain":0,"player_choice":"Left Gold","damage_taken":0,"max_hp_gain":0,"max_hp_loss":0,"event_name":"World of Goop","floor":11,"gold_loss":56},{"damage_healed":0,"gold_gain":0,"player_choice":"Paid Gold","damage_taken":0,"relics_obtained":["Symbiotic Virus"],"max_hp_gain":0,"max_hp_loss":0,"event_name":"WeMeetAgain","floor":12,"gold_loss":55},{"damage_healed":0,"gold_gain":0,"player_choice":"Opened","damage_taken":0,"relics_obtained":["Unceasing Top"],"max_hp_gain":0,"max_hp_loss":0,"event_name":"The Mausoleum","floor":25,"gold_loss":0,"cards_obtained":["Writhe"]},{"damage_healed":0,"gold_gain":0,"player_choice":"Fought Bandits","damage_taken":0,"max_hp_gain":0,"max_hp_loss":0,"event_name":"Masked Bandits","floor":28,"gold_loss":0}],"is_beta":false,"boss_relics":[{"not_picked":["Runic Dome","Calling Bell"],"picked":"FrozenCore"}],"items_purged_floors":[],"is_endless":false,"potions_floor_spawned":[6,14,16,19,22,28,30],"killed_by":"Automaton","ascension_level":16}