{"gold_per_floor":[118,118,40,52,65,92,109,109,109,109,129,144,159,159],"floor_reached":14,"playtime":752,"items_purged":[],"score":94,"play_id":"ab926e5f-3b30-4b41-87f1-c96edb3e869b","local_time":"20190628172007","is_ascension_mode":false,"campfire_choices":[{"data":"Echo Form","floor":8,"key":"SMITH"},{"data":"Loop","floor":10,"key":"SMITH"}],"neow_cost":"NONE","seed_source_timestamp":1014087785455400,"circlet_count":0,"master_deck":["Strike_B","Strike_B","Strike_B","Strike_B","Defend_B","Defend_B+1","Defend_B","Defend_B","Zap","Dualcast+1","Loop","Echo Form+1","Loop+1","Coolheaded","Chaos","BootSequence","Capacitor","Multi-Cast","Hologram"],"relics":["Cracked Core","Orichalcum","Bottled Flame"],"potions_floor_usage":[6,13],"damage_taken":[{"damage":2,"enemies":"Small Slimes","floor":1,"turns":3},{"damage":5,"enemies":"Jaw Worm","floor":4,"turns":3},{"damage":0,"enemies":"2 Louse","floor":5,"turns":3},{"damage":24,"enemies":"3 Sentries","floor":6,"turns":6},{"damage":4,"enemies":"Exordium Wildlife","floor":7,"turns":3},{"damage":1,"enemies":"Blue Slaver","floor":11,"turns":4},{"damage":4,"enemies":"Looter","floor":12,"turns":4},{"damage":6,"enemies":"Exordium Wildlife","floor":13,"turns":5},{"damage":7,"enemies":"Gremlin Gang","floor":14,"turns":2}],"seed_played":"2469379339023512641","potions_obtained":[{"floor":5,"key":"Explosive Potion"},{"floor":6,"key":"Swift Potion"},{"floor":7,"key":"AttackPotion"},{"floor":11,"key":"FearPotion"}],"is_trial":false,"path_per_floor":["M","?","$","M","M","E","M","R","T","R","M","M","M","M"],"character_chosen":"DEFECT","items_purchased":["Echo Form"],"campfire_rested":0,"item_purchase_floors":[3],"current_hp_per_floor":[80,64,64,59,59,35,31,31,31,31,30,26,20,13],"gold":159,"neow_bonus":"TEN_PERCENT_HP_BONUS","is_prod":false,"is_daily":false,"chose_seed":false,"campfire_upgraded":2,"win_rate":0.0,"timestamp":1561767607,"path_taken":["M","?","?","?","M","E","M","R","T","R","M","M","M","M"],"build_version":"2019-01-23","purchased_purges":0,"victory":false,"max_hp_per_floor":[82,82,82,82,82,82,82,82,82,82,82,82,82,82],"card_choices":[{"not_picked":["Cold Snap","Static Discharge"],"picked":"Loop","floor":1},{"not_picked":["Fusion","Darkness"],"picked":"Loop","floor":4},{"not_picked":["Beam Cell","Gash"],"picked":"Coolheaded","floor":5},{"not_picked":["Coolheaded","Echo Form"],"picked":"Chaos","floor":6},{"not_picked":["Storm","FTL"],"picked":"BootSequence","floor":7},{"not_picked":["Cold Snap","Hologram"],"picked":"Capacitor","floor":11},{"not_picked":["Steam Power","Coolheaded"],"picked":"Multi-Cast","floor":12},{"not_picked":["Rip and Tear","Stack"],"picked":"Hologram","floor":13}],"player_experience":16793,"relics_obtained":[{"floor":6,"key":"Orichalcum"},{"floor":9,"key":"Bottled Flame"}],"event_choices":[{"damage_healed":0,"gold_gain":0,"player_choice":"Entered Light","damage_taken":16,"max_hp_gain":0,"max_hp_loss":0,"event_name":"Shining Light","floor":2,"gold_loss":0,"cards_upgraded":["Defend_B","Dualcast"]}],"is_beta":false,"boss_relics":[],"items_purged_floors":[],"is_endless":false,"potions_floor_spawned":[5,6,7,11],"killed_by":"Gremlin Gang","ascension_level":0}