{"gold_per_floor":[112,124,143,158,168,168,187,187,187,187,214,214,231,231,231,333,333,353,364,364,364,364,364,364,376,376,404,404,46,66,99,99,199,199,219,94,110,130,130,130,150,150,150,150,0,0,0,0,0,0],"floor_reached":51,"playtime":2703,"items_purged":["Survivor"],"score":780,"play_id":"07f3e31f-b143-4c44-b75e-aa93fe5c5513","local_time":"20190606005423","is_ascension_mode":true,"campfire_choices":[{"data":"Dash","floor":6,"key":"SMITH"},{"data":"Die Die Die","floor":8,"key":"SMITH"},{"data":"Neutralize","floor":10,"key":"SMITH"},{"data":"Sucker Punch","floor":15,"key":"SMITH"},{"data":"Adrenaline","floor":23,"key":"SMITH"},{"data":"Terror","floor":32,"key":"SMITH"},{"data":"Bite","floor":40,"key":"SMITH"},{"data":"Bite","floor":42,"key":"SMITH"},{"data":"Bite","floor":44,"key":"SMITH"},{"data":"Bite","floor":46,"key":"SMITH"},{"floor":49,"key":"REST"}],"neow_cost":"NONE","seed_source_timestamp":94007459888050,"circlet_count":0,"master_deck":["Defend_G+1","Defend_G+1","Defend_G+1","Defend_G+1","Defend_G+1","Neutralize+1","Bane","Heel Hook","Dash+1","Die Die Die+1","Sucker Punch+1","Adrenaline+1","Backstab","Well Laid Plans","Bite+1","Bite+1","Bite+1","Bite+1","Blur+1","Heel Hook","Die Die Die+1","Terror+1","Deflect+1","Noxious Fumes+1","Backstab","Prepared+1","Madness","Madness"],"relics":["Ring of the Snake","NeowsBlessing","Kunai","Prayer Wheel","WristBlade","Meat on the Bone","Orichalcum","Frozen Egg 2","DollysMirror","Bag of Marbles","Pear","White Beast Statue","Molten Egg 2","Red Mask"],"potions_floor_usage":[4,16,19,27,27,33,50,50],"damage_taken":[{"damage":0,"enemies":"Cultist","floor":1,"turns":1},{"damage":0,"enemies":"2 Louse","floor":2,"turns":1},{"damage":0,"enemies":"Small Slimes","floor":3,"turns":1},{"damage":8,"enemies":"3 Louse","floor":4,"turns":3},{"damage":4,"enemies":"Looter","floor":5,"turns":4},{"damage":0,"enemies":"Blue Slaver","floor":7,"turns":2},{"damage":13,"enemies":"Gremlin Nob","floor":11,"turns":5},{"damage":0,"enemies":"2 Fungi Beasts","floor":13,"turns":1},{"damage":21,"enemies":"The Guardian","floor":16,"turns":20},{"damage":4,"enemies":"Shell Parasite","floor":18,"turns":6},{"damage":5,"enemies":"2 Thieves","floor":19,"turns":3},{"damage":19,"enemies":"Centurion and Healer","floor":25,"turns":5},{"damage":8,"enemies":"Slavers","floor":27,"turns":6},{"damage":0,"enemies":"Snake Plant","floor":30,"turns":4},{"damage":3,"enemies":"Gremlin Leader","floor":31,"turns":4},{"damage":38,"enemies":"Champ","floor":33,"turns":18},{"damage":9,"enemies":"Orb Walker","floor":35,"turns":3},{"damage":0,"enemies":"3 Shapes","floor":37,"turns":3},{"damage":0,"enemies":"Jaw Worm Horde","floor":38,"turns":3},{"damage":17,"enemies":"Sphere and 2 Shapes","floor":41,"turns":6},{"damage":89,"enemies":"Donu and Deca","floor":50,"turns":14}],"seed_played":"3730226753468153933","potions_obtained":[{"floor":2,"key":"EssenceOfSteel"},{"floor":11,"key":"SkillPotion"},{"floor":13,"key":"Explosive Potion"},{"floor":16,"key":"Ancient Potion"},{"floor":18,"key":"Dexterity Potion"},{"floor":27,"key":"Dexterity Potion"},{"floor":33,"key":"Energy Potion"},{"floor":35,"key":"Poison Potion"},{"floor":38,"key":"FairyPotion"},{"floor":41,"key":"Ancient Potion"}],"is_trial":false,"path_per_floor":["M","M","M","M","M","R","M","R","T","R","E","?","M","?","R","B",null,"M","M","?","?","T","R","?","M","T","E","?","$","M","E","R","B",null,"M","$","M","M","?","R","M","R","T","R","?","R","?","?","R","B",null],"character_chosen":"THE_SILENT","items_purchased":["DollysMirror","Bag of Marbles","Strength Potion"],"campfire_rested":1,"item_purchase_floors":[29,29,36],"current_hp_per_floor":[70,70,70,62,58,58,58,58,58,58,45,68,68,61,61,40,70,66,61,49,49,49,49,49,37,37,47,47,47,49,59,59,44,59,54,54,58,59,52,52,47,47,47,47,47,47,47,47,59,18],"gold":0,"neow_bonus":"THREE_ENEMY_KILL","is_prod":false,"is_daily":false,"chose_seed":false,"campfire_upgraded":10,"win_rate":0,"timestamp":1559807663,"path_taken":["M","M","M","M","?","R","?","R","T","R","E","?","M","?","R","BOSS","M","M","?","?","?","R","?","?","T","E","?","$","M","E","R","BOSS","M","$","M","M","?","R","M","R","T","R","?","R","?","?","R","BOSS"],"build_version":"2019-01-23","purchased_purges":1,"victory":true,"max_hp_per_floor":[70,70,70,70,70,70,70,70,70,70,70,70,70,70,70,70,70,70,70,49,49,49,49,49,49,49,49,49,49,49,59,59,59,59,59,59,59,59,59,59,59,59,59,59,59,59,59,59,59,59],"card_choices":[{"not_picked":["Acrobatics","Deadly Poison","Deflect"],"picked":"SKIP","floor":1},{"not_picked":["Deflect","Prepared"],"picked":"Bane","floor":2},{"not_picked":["Dagger Spray","Backflip"],"picked":"Heel Hook","floor":3},{"not_picked":["Backflip","Flying Knee"],"picked":"Dash","floor":4},{"not_picked":["Catalyst","Finisher"],"picked":"Die Die Die","floor":5},{"not_picked":["Poisoned Stab","Setup","Calculated Gamble"],"picked":"SKIP","floor":7},{"not_picked":["Bane","Expertise","Calculated Gamble"],"picked":"SKIP","floor":11},{"not_picked":["Bane","Cloak And Dagger"],"picked":"Sucker Punch","floor":13},{"not_picked":["Dagger Spray","Cloak And Dagger","Choke"],"picked":"SKIP","floor":13},{"not_picked":["Doppelganger","After Image"],"picked":"Adrenaline","floor":16},{"not_picked":["Crippling Poison","Caltrops"],"picked":"Backstab","floor":18},{"not_picked":["Bane","Poisoned Stab"],"picked":"Well Laid Plans","floor":18},{"not_picked":["PiercingWail","Accuracy","Outmaneuver"],"picked":"SKIP","floor":19},{"not_picked":["Infinite Blades","Dagger Throw+1","Bane+1"],"picked":"SKIP","floor":19},{"not_picked":["Eviscerate","Underhanded Strike"],"picked":"Blur+1","floor":25},{"not_picked":["Dagger Spray","Poisoned Stab","Expertise"],"picked":"SKIP","floor":25},{"not_picked":["Deadly Poison","Slice"],"picked":"Heel Hook","floor":27},{"not_picked":["Flying Knee","Flechettes"],"picked":"Terror","floor":30},{"not_picked":["Poisoned Stab","Doppelganger"],"picked":"Deflect+1","floor":30},{"not_picked":["Blade Dance","Concentrate","Choke"],"picked":"SKIP","floor":31},{"not_picked":["PiercingWail","Underhanded Strike+1"],"picked":"Noxious Fumes+1","floor":35},{"not_picked":["Deadly Poison+1","Dodge and Roll","Flechettes"],"picked":"SKIP","floor":35},{"not_picked":["Deadly Poison+1","Dodge and Roll","Flechettes"],"picked":"SKIP","floor":35},{"not_picked":["Deflect","Well Laid Plans+1"],"picked":"Backstab","floor":37},{"not_picked":["Flechettes+1","Deflect+1","Bane"],"picked":"SKIP","floor":37},{"not_picked":["Sucker Punch+1","Flying Knee+1"],"picked":"Prepared+1","floor":38},{"not_picked":["Underhanded Strike","Reflex+1","Envenom+1"],"picked":"SKIP","floor":38},{"not_picked":["Expertise+1","Sucker Punch","Flying Knee+1"],"picked":"SKIP","floor":41},{"not_picked":["Dagger Throw+1","Distraction","Deadly Poison+1"],"picked":"SKIP","floor":41}],"player_experience":325262,"relics_obtained":[{"floor":9,"key":"Kunai"},{"floor":11,"key":"Prayer Wheel"},{"floor":22,"key":"Meat on the Bone"},{"floor":26,"key":"Orichalcum"},{"floor":27,"key":"Frozen Egg 2"},{"floor":31,"key":"Pear"},{"floor":43,"key":"Molten Egg 2"}],"event_choices":[{"damage_healed":23,"gold_gain":0,"player_choice":"Banana","damage_taken":0,"max_hp_gain":0,"max_hp_loss":0,"event_name":"Big Fish","floor":12,"gold_loss":0},{"cards_removed":["Strike_G"],"damage_healed":0,"gold_gain":0,"player_choice":"Card Removal","damage_taken":7,"max_hp_gain":0,"max_hp_loss":0,"event_name":"Golden Wing","floor":14,"gold_loss":0},{"damage_healed":0,"gold_gain":0,"player_choice":"Became a vampire","damage_taken":0,"max_hp_gain":0,"max_hp_loss":21,"event_name":"Vampires","floor":20,"gold_loss":0,"cards_obtained":["Bite","Bite","Bite","Bite","Bite"]},{"damage_healed":0,"gold_gain":0,"player_choice":"Ignored","damage_taken":0,"max_hp_gain":0,"max_hp_loss":0,"event_name":"The Mausoleum","floor":21,"gold_loss":0},{"damage_healed":0,"gold_gain":0,"player_choice":"Forge","damage_taken":0,"max_hp_gain":0,"max_hp_loss":0,"event_name":"Accursed Blacksmith","floor":24,"gold_loss":0,"cards_upgraded":["Bite"]},{"damage_healed":0,"gold_gain":0,"player_choice":"Simplicity","damage_taken":0,"max_hp_gain":0,"max_hp_loss":0,"event_name":"Back to Basics","floor":28,"gold_loss":0,"cards_upgraded":["Defend_G","Defend_G","Defend_G","Defend_G","Defend_G"]},{"damage_healed":0,"gold_gain":0,"player_choice":"Embrace Madness","damage_taken":7,"max_hp_gain":0,"max_hp_loss":0,"event_name":"Winding Halls","floor":39,"gold_loss":0,"cards_obtained":["Madness","Madness"]},{"damage_healed":0,"gold_gain":0,"player_choice":"Paid","damage_taken":0,"relics_obtained":["Red Mask"],"max_hp_gain":0,"max_hp_loss":0,"event_name":"Tomb of Lord Red Mask","floor":45,"gold_loss":150},{"cards_removed":["Bite"],"damage_healed":0,"gold_gain":0,"player_choice":"Removed Attack","damage_taken":0,"max_hp_gain":0,"max_hp_loss":0,"event_name":"Falling","floor":47,"gold_loss":0},{"damage_healed":0,"gold_gain":0,"player_choice":"Ignored","damage_taken":0,"max_hp_gain":0,"max_hp_loss":0,"event_name":"Mysterious Sphere","floor":48,"gold_loss":0}],"is_beta":false,"boss_relics":[{"not_picked":["HoveringKite","Lizard Tail"],"picked":"WristBlade"},{"not_picked":["Velvet Choker","Snecko Eye"],"picked":"White Beast Statue"}],"items_purged_floors":[36],"is_endless":false,"potions_floor_spawned":[2,11,13,16,18,27,33,35,37,38,41],"ascension_level":3}