{"gold_per_floor":[359,50,60,60,75,75,75,75,102,122,122,87,87,0,0,77,77,94,110,110,32,32],"floor_reached":22,"playtime":818,"items_purged":[],"score":335,"play_id":"5a774add-330b-48c3-864f-8c5ef34e57c9","local_time":"20190702192002","is_ascension_mode":true,"campfire_choices":[{"data":"Backflip","floor":6,"key":"SMITH"},{"floor":8,"key":"REST"},{"data":"Leap","floor":11,"key":"SMITH"},{"data":"Noxious Fumes","floor":13,"key":"SMITH"},{"data":"Noxious Fumes","floor":15,"key":"SMITH"}],"neow_cost":"TEN_PERCENT_HP_LOSS","seed_source_timestamp":1714905624126716,"circlet_count":0,"master_deck":["AscendersBane","Strike_G","Strike_G","Strike_G","Strike_G","Strike_G","Defend_G","Defend_G","Defend_G","Defend_G","Defend_G","Survivor","Neutralize","Noxious Fumes+1","Noxious Fumes+1","Thunderclap","Backflip+1","Leap+1","Panache","Sucker Punch+1","Aggregate+1"],"relics":["Ring of the Snake","PrismaticShard","Vajra","Art of War","Cursed Key"],"potions_floor_usage":[16,18],"damage_taken":[{"damage":5,"enemies":"Jaw Worm","floor":1,"turns":8},{"damage":5,"enemies":"Small Slimes","floor":3,"turns":5},{"damage":1,"enemies":"2 Louse","floor":5,"turns":3},{"damage":3,"enemies":"Blue Slaver","floor":10,"turns":5},{"damage":10,"enemies":"The Guardian","floor":16,"turns":10},{"damage":39,"enemies":"Chosen","floor":18,"turns":5},{"damage":6,"enemies":"3 Byrds","floor":19,"turns":4},{"damage":12,"enemies":"Shelled Parasite and Fungi","floor":22,"turns":1}],"seed_played":"-2869613072914316926","potions_obtained":[{"floor":10,"key":"Strength Potion"},{"floor":16,"key":"Poison Potion"}],"is_trial":false,"path_per_floor":["M","$","M","?","M","R","?","R","T","M","R","?","R","$","R","B",null,"M","M","?","$","M"],"character_chosen":"THE_SILENT","items_purchased":["PrismaticShard","Noxious Fumes","GhostInAJar","GhostInAJar"],"campfire_rested":1,"item_purchase_floors":[2,2,14,21],"current_hp_per_floor":[54,54,49,60,59,59,14,32,32,29,29,44,44,44,44,34,54,15,9,9,9,0],"gold":32,"neow_bonus":"TWO_FIFTY_GOLD","is_prod":false,"is_daily":false,"chose_seed":false,"campfire_upgraded":4,"win_rate":0,"timestamp":1562120402,"path_taken":["M","$","M","?","M","R","?","R","T","M","R","?","R","?","R","BOSS","M","M","?","$","M"],"build_version":"2019-07-01","purchased_purges":0,"victory":false,"max_hp_per_floor":[60,60,60,60,60,60,60,60,60,60,60,60,60,60,60,60,60,60,60,60,60,60],"card_choices":[{"not_picked":["Outmaneuver","Dagger Spray"],"picked":"Noxious Fumes","floor":1},{"not_picked":["Tempest","Loop"],"picked":"Thunderclap","floor":3},{"not_picked":["Iron Wave","Darkness"],"picked":"Backflip","floor":5},{"not_picked":["Rampage","Backstab"],"picked":"Leap","floor":10},{"not_picked":["Night Terror","Transmutation"],"picked":"Panache","floor":16},{"not_picked":["Coolheaded","Dagger Throw+1"],"picked":"Sucker Punch+1","floor":18},{"not_picked":["Mind Blast","Pommel Strike"],"picked":"Aggregate+1","floor":19}],"player_experience":1119367,"relics_obtained":[{"floor":9,"key":"Art of War"}],"event_choices":[{"damage_healed":20,"gold_gain":0,"player_choice":"Banana","damage_taken":0,"max_hp_gain":0,"max_hp_loss":0,"event_name":"Big Fish","floor":4,"gold_loss":0},{"damage_healed":0,"gold_gain":0,"player_choice":"Success","damage_taken":45,"relics_obtained":["Vajra"],"max_hp_gain":0,"max_hp_loss":0,"event_name":"Scrap Ooze","floor":7,"gold_loss":0},{"damage_healed":15,"gold_gain":0,"player_choice":"Healed","damage_taken":0,"max_hp_gain":0,"max_hp_loss":0,"event_name":"The Cleric","floor":12,"gold_loss":35},{"damage_healed":0,"gold_gain":0,"player_choice":"Ignored","damage_taken":0,"max_hp_gain":0,"max_hp_loss":0,"event_name":"Cursed Tome","floor":20,"gold_loss":0}],"is_beta":false,"boss_relics":[{"not_picked":["Tiny House","Ectoplasm"],"picked":"Cursed Key"}],"items_purged_floors":[],"is_endless":false,"potions_floor_spawned":[10,16],"killed_by":"Shelled Parasite and Fungi","ascension_level":19}