{"gold_per_floor":[113,125,125,135,135,135,149,175,175,189,201,201,219,236,236,334,334,352,385,385,160,172,172,182,182,229,249,249,268,286,93,93,93],"floor_reached":33,"playtime":2436,"items_purged":["Strike_G"],"score":278,"play_id":"a17fa38f-f1e3-4d32-9a80-3d47ee04c23d","local_time":"20190614222031","is_ascension_mode":false,"campfire_choices":[{"data":"Deadly Poison","floor":6,"key":"SMITH"},{"floor":12,"key":"REST"},{"floor":15,"key":"REST"},{"data":"Ghostly","floor":23,"key":"SMITH"},{"data":"Well Laid Plans","floor":25,"key":"SMITH"},{"data":"Ghostly","floor":28,"key":"SMITH"},{"data":"Ghostly","floor":32,"key":"SMITH"}],"neow_cost":"NONE","seed_source_timestamp":598379459551428,"circlet_count":0,"master_deck":["Defend_G","Defend_G","Defend_G","Defend_G","Defend_G","Strike_G","Strike_G","Strike_G","Strike_G","Survivor","Neutralize","Leg Sweep+1","Deadly Poison+1","Quick Slash","Dagger Spray","Well Laid Plans+1","Bane","Corpse Explosion","Ghostly+1","Ghostly+1","Ghostly+1","Ghostly","Ghostly","Bane+1","Escape Plan","Deflect+1"],"relics":["Ring of the Snake","Blue Candle","Centennial Puzzle","Ornamental Fan","Eternal Feather","Red Mask","Lantern","ClockworkSouvenir"],"potions_floor_usage":[10,11,14,29],"damage_taken":[{"damage":0,"enemies":"2 Louse","floor":1,"turns":4},{"damage":0,"enemies":"Cultist","floor":2,"turns":5},{"damage":1,"enemies":"Jaw Worm","floor":4,"turns":5},{"damage":6,"enemies":"Exordium Wildlife","floor":7,"turns":4},{"damage":32,"enemies":"Gremlin Nob","floor":8,"turns":6},{"damage":3,"enemies":"Exordium Thugs","floor":10,"turns":4},{"damage":13,"enemies":"3 Louse","floor":11,"turns":2},{"damage":0,"enemies":"2 Fungi Beasts","floor":13,"turns":4},{"damage":0,"enemies":"Exordium Thugs","floor":14,"turns":4},{"damage":40,"enemies":"Slime Boss","floor":16,"turns":10},{"damage":26,"enemies":"Spheric Guardian","floor":18,"turns":6},{"damage":10,"enemies":"Masked Bandits","floor":19,"turns":2},{"damage":2,"enemies":"3 Byrds","floor":22,"turns":4},{"damage":1,"enemies":"Centurion and Healer","floor":24,"turns":5},{"damage":0,"enemies":"Snecko","floor":27,"turns":6},{"damage":13,"enemies":"Cultist and Chosen","floor":29,"turns":8},{"damage":3,"enemies":"Snake Plant","floor":30,"turns":4},{"damage":46,"enemies":"Automaton","floor":33,"turns":12}],"seed_played":"-4242089431333576686","potions_obtained":[{"floor":4,"key":"Energy Potion"},{"floor":8,"key":"FearPotion"},{"floor":10,"key":"AttackPotion"},{"floor":11,"key":"LiquidBronze"},{"floor":16,"key":"Ancient Potion"},{"floor":27,"key":"Explosive Potion"}],"is_trial":false,"path_per_floor":["M","M","?","M","?","R","M","E","T","M","M","R","M","M","R","B",null,"M","?","?","$","M","R","M","R","T","M","R","M","M","$","R","B"],"character_chosen":"THE_SILENT","items_purchased":["Lantern","ClockworkSouvenir"],"campfire_rested":2,"item_purchase_floors":[21,31],"current_hp_per_floor":[70,70,70,69,69,69,63,31,31,28,15,36,36,36,57,17,70,44,34,34,34,32,35,34,35,35,35,35,22,19,19,34,0],"gold":93,"neow_bonus":"THREE_CARDS","is_prod":false,"is_daily":false,"chose_seed":false,"campfire_upgraded":5,"win_rate":0,"timestamp":1560576031,"path_taken":["M","M","?","M","?","R","?","E","T","M","M","R","M","M","R","BOSS","M","?","?","$","M","R","M","R","T","M","R","?","M","$","R","BOSS"],"build_version":"2019-01-23","purchased_purges":1,"victory":false,"max_hp_per_floor":[70,70,70,70,70,70,70,70,70,70,70,70,70,70,70,70,70,70,70,35,35,35,35,35,35,35,35,35,35,35,35,35,35],"card_choices":[{"not_picked":["Blade Dance","Noxious Fumes"],"picked":"Leg Sweep","floor":0},{"not_picked":["Blade Dance","Expertise","Backflip"],"picked":"SKIP","floor":1},{"not_picked":["Noxious Fumes","Prepared"],"picked":"Deadly Poison","floor":2},{"not_picked":["Dagger Throw","Underhanded Strike"],"picked":"Quick Slash","floor":4},{"not_picked":["Deflect","Cloak And Dagger"],"picked":"Dagger Spray","floor":7},{"not_picked":["Malaise","Slice"],"picked":"Well Laid Plans","floor":8},{"not_picked":["Well Laid Plans","Acrobatics","Slice"],"picked":"SKIP","floor":10},{"not_picked":["Blade Dance","Sucker Punch","Dagger Spray"],"picked":"SKIP","floor":11},{"not_picked":["Underhanded Strike","Finisher"],"picked":"Bane","floor":13},{"not_picked":["Backstab","Terror","Acrobatics"],"picked":"SKIP","floor":14},{"not_picked":["Storm of Steel","Phantasmal Killer"],"picked":"Corpse Explosion","floor":16},{"not_picked":["Dagger Spray","Cloak And Dagger","Caltrops"],"picked":"SKIP","floor":18},{"not_picked":["Dodge and Roll","Prepared"],"picked":"Bane+1","floor":22},{"not_picked":["Acrobatics","Flying Knee"],"picked":"Escape Plan","floor":24},{"not_picked":["Quick Slash+1","Underhanded Strike","Expertise"],"picked":"SKIP","floor":27},{"not_picked":["Setup","Backstab","Predator"],"picked":"SKIP","floor":29},{"not_picked":["Tactician","Tools of the Trade"],"picked":"Deflect+1","floor":30}],"player_experience":376709,"relics_obtained":[{"floor":8,"key":"Centennial Puzzle"},{"floor":9,"key":"Ornamental Fan"},{"floor":19,"key":"Red Mask"}],"event_choices":[{"damage_healed":0,"gold_gain":0,"player_choice":"Grow","damage_taken":0,"max_hp_gain":0,"max_hp_loss":0,"event_name":"Living Wall","floor":3,"gold_loss":0,"cards_upgraded":["Leg Sweep"]},{"damage_healed":0,"gold_gain":0,"player_choice":"Gave Potion","damage_taken":0,"relics_obtained":["Blue Candle"],"max_hp_gain":0,"max_hp_loss":0,"event_name":"WeMeetAgain","floor":5,"gold_loss":0},{"damage_healed":0,"gold_gain":0,"player_choice":"Fought Bandits","damage_taken":0,"max_hp_gain":0,"max_hp_loss":0,"event_name":"Masked Bandits","floor":19,"gold_loss":0},{"damage_healed":0,"gold_gain":0,"player_choice":"Became a Ghost","damage_taken":0,"max_hp_gain":0,"max_hp_loss":35,"event_name":"Ghosts","floor":20,"gold_loss":0,"cards_obtained":["Ghostly","Ghostly","Ghostly","Ghostly","Ghostly"]}],"is_beta":false,"boss_relics":[{"not_picked":["Black Star","Runic Pyramid"],"picked":"Eternal Feather"}],"items_purged_floors":[21],"is_endless":false,"potions_floor_spawned":[4,8,10,11,16,27],"killed_by":"Automaton","ascension_level":0}