{"gold_per_floor":[109,109,159,19,29,60,60,79,79,79,94,94,127,138,138,240,240,224,224,224,234,91,91,116,42,42,42,16,32,50,62,62,62],"floor_reached":33,"playtime":1518,"items_purged":["PiercingWail"],"score":475,"play_id":"cb7871b7-6658-4081-bdb3-8e5e8f2876b5","local_time":"20190208185906","is_ascension_mode":true,"campfire_choices":[{"floor":7,"key":"REST"},{"data":"Infinite Blades","floor":10,"key":"SMITH"},{"data":"Cloak And Dagger","floor":12,"key":"SMITH"},{"floor":15,"key":"REST"},{"data":"Accuracy","floor":23,"key":"SMITH"},{"floor":27,"key":"REST"},{"floor":32,"key":"REST"}],"neow_cost":"NONE","seed_source_timestamp":0,"circlet_count":0,"master_deck":["Defend_G","Defend_G","Defend_G","Defend_G","Survivor","Neutralize","Acrobatics","Choke","Footwork","Dash","Cloak And Dagger+1","Infinite Blades+1","Slice","Caltrops","Adrenaline","Storm of Steel","Bite","Bite","Bite","Bite","Bite","Acrobatics+1","Accuracy+1","Dodge and Roll+1","Accuracy","Slice","Endless Agony","Slice"],"special_seed":0,"relics":["Ring of the Snake","Shuriken","Lantern","Dodecahedron","Lizard Tail","Boot","Shovel"],"potions_floor_usage":[11,16,29,33,33],"damage_taken":[{"damage":2,"enemies":"Jaw Worm","floor":1,"turns":5},{"damage":0,"enemies":"Cultist","floor":5,"turns":5},{"damage":39,"enemies":"Gremlin Nob","floor":6,"turns":6},{"damage":0,"enemies":"Small Slimes","floor":8,"turns":4},{"damage":0,"enemies":"Gremlin Gang","floor":11,"turns":2},{"damage":7,"enemies":"Lagavulin","floor":13,"turns":5},{"damage":0,"enemies":"Blue Slaver","floor":14,"turns":3},{"damage":5,"enemies":"Hexaghost","floor":16,"turns":9},{"damage":6,"enemies":"2 Thieves","floor":18,"turns":4},{"damage":10,"enemies":"Shell Parasite","floor":21,"turns":4},{"damage":72,"enemies":"Slavers","floor":24,"turns":6},{"damage":10,"enemies":"Chosen and Byrds","floor":29,"turns":6},{"damage":0,"enemies":"Centurion and Healer","floor":30,"turns":6},{"damage":20,"enemies":"Shelled Parasite and Fungi","floor":31,"turns":5},{"damage":42,"enemies":"Collector","floor":33,"turns":6}],"seed_played":"1626951444847953680","potions_obtained":[{"floor":5,"key":"Explosive Potion"},{"floor":13,"key":"Dexterity Potion"},{"floor":14,"key":"Weak Potion"},{"floor":24,"key":"GamblersBrew"},{"floor":29,"key":"GamblersBrew"},{"floor":30,"key":"Poison Potion"}],"is_trial":false,"path_per_floor":["M","?","?","$","M","E","R","M","T","R","M","R","E","M","R","B",null,"M","?","?","M","$","R","E","$","T","R","$","M","M","M","R","B"],"character_chosen":"THE_SILENT","items_purchased":["Footwork","Dash","Accuracy","Accuracy","Slice"],"campfire_rested":4,"item_purchase_floors":[4,4,22,25,28],"current_hp_per_floor":[68,68,68,68,68,29,50,50,50,50,50,50,43,43,64,59,70,64,49,49,43,43,43,7,7,7,21,21,21,35,17,31,0],"gold":62,"neow_bonus":"THREE_CARDS","is_prod":false,"is_daily":false,"chose_seed":false,"campfire_upgraded":3,"win_rate":0,"timestamp":1549670346,"path_taken":["M","?","?","?","?","E","R","M","T","R","?","R","E","M","R","BOSS","M","?","?","?","$","R","E","$","T","R","$","M","M","?","R","BOSS"],"build_version":"2019-01-23","purchased_purges":1,"victory":false,"max_hp_per_floor":[70,70,70,70,70,70,70,70,70,70,70,70,70,70,70,70,70,70,49,49,49,49,49,49,49,49,49,49,49,49,49,49,49],"card_choices":[{"not_picked":["Calculated Gamble","Deadly Poison"],"picked":"Terror","floor":0.0},{"not_picked":["Quick Slash","Reflex"],"picked":"Acrobatics","floor":1},{"not_picked":["Catalyst","Flying Knee"],"picked":"PiercingWail","floor":5},{"not_picked":["Well Laid Plans","Dodge and Roll"],"picked":"Cloak And Dagger","floor":6},{"not_picked":["Calculated Gamble","Backflip"],"picked":"Infinite Blades","floor":8},{"not_picked":["Eviscerate","Poisoned Stab"],"picked":"Slice","floor":11},{"not_picked":["Poisoned Stab","Outmaneuver"],"picked":"Caltrops","floor":13},{"not_picked":["Dagger Throw","Backflip"],"picked":"Adrenaline","floor":14},{"not_picked":["Doppelganger","Wraith Form v2"],"picked":"Storm of Steel","floor":16},{"not_picked":["Distraction","Deadly Poison","Choke"],"picked":"SKIP","floor":18},{"not_picked":["Flechettes+1","Deflect"],"picked":"Acrobatics+1","floor":21},{"not_picked":["Riddle With Holes","Outmaneuver"],"picked":"Dodge and Roll+1","floor":24},{"not_picked":["Deadly Poison+1","Acrobatics+1"],"picked":"Endless Agony","floor":29},{"not_picked":["Tactician","Calculated Gamble"],"picked":"Slice","floor":30},{"not_picked":["Doppelganger","Quick Slash","Distraction"],"picked":"SKIP","floor":31}],"player_experience":180320,"relics_obtained":[{"floor":6,"key":"Shuriken"},{"floor":9,"key":"Lantern"},{"floor":13,"key":"Dodecahedron"},{"floor":24,"key":"Boot"},{"floor":26,"key":"Shovel"}],"event_choices":[{"damage_healed":0,"gold_gain":0,"cards_transformed":["Strike_G"],"player_choice":"Change","damage_taken":0,"max_hp_gain":0,"max_hp_loss":0,"event_name":"Living Wall","floor":2,"gold_loss":0,"cards_obtained":["Choke"]},{"damage_healed":0,"gold_gain":50,"player_choice":"Gained Gold","damage_taken":0,"max_hp_gain":0,"max_hp_loss":0,"event_name":"Golden Wing","floor":3,"gold_loss":0},{"damage_healed":0,"gold_gain":0,"player_choice":"Became a vampire","damage_taken":0,"max_hp_gain":0,"max_hp_loss":21,"event_name":"Vampires","floor":19,"gold_loss":0,"cards_obtained":["Bite","Bite","Bite","Bite","Bite"]},{"cards_removed":["Defend_G"],"damage_healed":0,"gold_gain":0,"player_choice":"Purged","damage_taken":0,"max_hp_gain":0,"max_hp_loss":0,"event_name":"Purifier","floor":20,"gold_loss":0}],"is_beta":false,"boss_relics":[{"not_picked":["Runic Dome","Velvet Choker"],"picked":"Lizard Tail"}],"items_purged_floors":[22],"is_endless":false,"potions_floor_spawned":[5,13,14,24,29,30,31],"killed_by":"Collector","ascension_level":4}