{"gold_per_floor":[111,122,141,141,19,51,51,77,77,90,90,103,115,115,115,218,218,234,248,248,261,261,261,271,271],"floor_reached":25,"playtime":1888,"items_purged":["Strike_R"],"score":258,"play_id":"000aa19c-79eb-4431-b4ad-d298620dcec9","local_time":"20190622182041","is_ascension_mode":true,"campfire_choices":[{"data":"Thunderclap","floor":7,"key":"SMITH"},{"floor":11,"key":"REST"},{"floor":15,"key":"REST"},{"data":"Flame Barrier","floor":23,"key":"SMITH"}],"neow_cost":"NONE","seed_source_timestamp":259930432899996,"circlet_count":0,"master_deck":["Strike_R","Strike_R","Strike_R","Strike_R","Defend_R","Defend_R","Defend_R","Defend_R","Bash","Clothesline","Cleave","Shrug It Off","Thunderclap+1","Battle Trance","Spot Weakness","Reaper+1","Headbutt+1","Dropkick+1","Flame Barrier+1","Dropkick+1"],"relics":["Burning Blood","Blue Candle","Molten Egg 2","Kunai","Snecko Eye","Nilry\u0027s Codex","Prayer Wheel"],"potions_floor_usage":[6,8,10,16,19],"damage_taken":[{"damage":9,"enemies":"2 Louse","floor":1,"turns":3},{"damage":11,"enemies":"Jaw Worm","floor":2,"turns":5},{"damage":4,"enemies":"Cultist","floor":3,"turns":3},{"damage":40,"enemies":"3 Sentries","floor":6,"turns":8},{"damage":47,"enemies":"Lagavulin","floor":8,"turns":7},{"damage":4,"enemies":"Gremlin Gang","floor":10,"turns":3},{"damage":8,"enemies":"Looter","floor":12,"turns":3},{"damage":7,"enemies":"Exordium Wildlife","floor":13,"turns":5},{"damage":52,"enemies":"Slime Boss","floor":16,"turns":12},{"damage":11,"enemies":"3 Byrds","floor":18,"turns":6},{"damage":24,"enemies":"Shell Parasite","floor":19,"turns":3},{"damage":7,"enemies":"Snecko","floor":21,"turns":3},{"damage":35,"enemies":"Shelled Parasite and Fungi","floor":24,"turns":5},{"damage":48,"enemies":"Book of Stabbing","floor":25,"turns":4}],"seed_played":"-2841315610771281857","potions_obtained":[{"floor":3,"key":"BloodPotion"},{"floor":6,"key":"AttackPotion"},{"floor":8,"key":"Weak Potion"},{"floor":12,"key":"Dexterity Potion"},{"floor":16,"key":"FearPotion"},{"floor":18,"key":"Ancient Potion"}],"is_trial":false,"path_per_floor":["M","M","M","?","$","E","R","E","T","M","R","M","M","?","R","B",null,"M","M","?","M","T","R","M","E"],"character_chosen":"IRONCLAD","items_purchased":["Shrug It Off"],"campfire_rested":2,"item_purchase_floors":[5],"current_hp_per_floor":[85,80,82,87,87,62,62,21,21,23,50,48,47,47,74,28,93,90,84,68,67,67,67,43,0],"gold":271,"neow_bonus":"TEN_PERCENT_HP_BONUS","is_prod":false,"is_daily":false,"chose_seed":false,"campfire_upgraded":2,"win_rate":0,"timestamp":1561252841,"path_taken":["M","M","M","?","$","E","R","E","T","M","R","M","M","?","R","BOSS","M","M","?","M","?","R","M","E"],"build_version":"2019-01-23","purchased_purges":1,"victory":false,"max_hp_per_floor":[88,88,88,93,93,93,93,93,93,93,93,93,93,93,93,93,93,93,93,93,93,93,93,93,93],"card_choices":[{"not_picked":["Combust","Heavy Blade"],"picked":"Clothesline","floor":1},{"not_picked":["Pummel","Clothesline"],"picked":"Cleave","floor":2},{"not_picked":["Carnage","Disarm","Sever Soul"],"picked":"SKIP","floor":3},{"not_picked":["Perfected Strike","Clothesline"],"picked":"Thunderclap","floor":6},{"not_picked":["Uppercut","Exhume"],"picked":"Battle Trance","floor":8},{"not_picked":["Clothesline+1","Havoc"],"picked":"Spot Weakness","floor":10},{"not_picked":["Power Through","True Grit","Cleave+1"],"picked":"SKIP","floor":12},{"not_picked":["Sever Soul+1","Shockwave","Power Through"],"picked":"SKIP","floor":13},{"not_picked":["Impervious","Dark Embrace"],"picked":"Reaper+1","floor":16},{"not_picked":["Disarm+1","Clash+1"],"picked":"Headbutt+1","floor":18},{"not_picked":["True Grit+1","Combust"],"picked":"Dropkick+1","floor":19},{"not_picked":["Rage","Fire Breathing"],"picked":"Flame Barrier","floor":21},{"not_picked":["Fire Breathing","Infernal Blade"],"picked":"Dropkick+1","floor":24},{"not_picked":["Armaments","Twin Strike+1","True Grit+1"],"picked":"SKIP","floor":24}],"player_experience":468098,"relics_obtained":[{"floor":6,"key":"Blue Candle"},{"floor":8,"key":"Molten Egg 2"},{"floor":9,"key":"Kunai"},{"floor":20,"key":"Nilry\u0027s Codex"},{"floor":22,"key":"Prayer Wheel"}],"event_choices":[{"damage_healed":0,"gold_gain":0,"player_choice":"Donut","damage_taken":0,"max_hp_gain":5,"max_hp_loss":0,"event_name":"Big Fish","floor":4,"gold_loss":0},{"damage_healed":0,"gold_gain":0,"player_choice":"Ignored","damage_taken":0,"max_hp_gain":0,"max_hp_loss":0,"event_name":"Shining Light","floor":14,"gold_loss":0},{"damage_healed":0,"gold_gain":0,"player_choice":"Obtained Book","damage_taken":16,"max_hp_gain":0,"max_hp_loss":0,"event_name":"Cursed Tome","floor":20,"gold_loss":0}],"is_beta":false,"boss_relics":[{"not_picked":["Philosopher\u0027s Stone","Fusion Hammer"],"picked":"Snecko Eye"}],"items_purged_floors":[5],"is_endless":false,"potions_floor_spawned":[3,6,8,12,16,18],"killed_by":"Book of Stabbing","ascension_level":4}