{"gold_per_floor":[115,128,128,139,119,145,145,175,201,201,265,265,279,298,298,298],"floor_reached":16,"playtime":415,"items_purged":[],"score":228,"play_id":"9c91e5b3-2450-408d-b116-a5855b36939a","local_time":"20190323233351","is_ascension_mode":true,"campfire_choices":[{"floor":10,"key":"REST"},{"floor":12,"key":"REST"},{"data":"Perfected Strike","floor":15,"key":"SMITH"}],"neow_cost":"NONE","seed_source_timestamp":280623408319651,"circlet_count":0,"master_deck":["AscendersBane","Strike_R","Strike_R","Strike_R","Strike_R","Strike_R","Defend_R","Defend_R","Defend_R","Defend_R","Bash","Twin Strike","Twin Strike","Perfected Strike+1","Whirlwind","Rampage","Wild Strike","Pommel Strike"],"relics":["Burning Blood","Regal Pillow","Bag of Preparation","Pen Nib","Centennial Puzzle","Tiny Chest"],"potions_floor_usage":[16,16],"damage_taken":[{"damage":9,"enemies":"Jaw Worm","floor":1,"turns":5},{"damage":7,"enemies":"Cultist","floor":2,"turns":4},{"damage":8,"enemies":"Small Slimes","floor":4,"turns":4},{"damage":50,"enemies":"Lagavulin","floor":6,"turns":8},{"damage":32,"enemies":"Gremlin Nob","floor":8,"turns":4},{"damage":40,"enemies":"3 Sentries","floor":11,"turns":7},{"damage":3,"enemies":"Blue Slaver","floor":13,"turns":2},{"damage":0,"enemies":"3 Louse","floor":14,"turns":1},{"damage":63,"enemies":"Hexaghost","floor":16,"turns":9}],"seed_played":"-2327934152824277179","potions_obtained":[{"floor":5,"key":"FairyPotion"},{"floor":6,"key":"SpeedPotion"},{"floor":11,"key":"SkillPotion"}],"is_trial":false,"path_per_floor":["M","M","?","M","?","E","$","E","T","R","E","R","M","M","R","B"],"character_chosen":"IRONCLAD","items_purchased":[],"campfire_rested":2,"item_purchase_floors":[],"current_hp_per_floor":[65,64,64,62,62,18,18,13,13,50,16,53,56,62,62,0],"gold":298,"neow_bonus":"RANDOM_COMMON_RELIC","is_prod":false,"is_daily":false,"chose_seed":false,"campfire_upgraded":1,"win_rate":0,"timestamp":1553398431,"path_taken":["M","M","?","M","?","E","$","E","T","R","E","R","M","M","R","BOSS"],"build_version":"2019-01-23","purchased_purges":0,"victory":false,"max_hp_per_floor":[75,75,75,75,75,75,75,75,75,75,75,75,75,75,75,75],"card_choices":[{"not_picked":["Wild Strike","Dual Wield"],"picked":"Twin Strike","floor":1},{"not_picked":["Sentinel","Wild Strike"],"picked":"Twin Strike","floor":2},{"not_picked":["Seeing Red","Heavy Blade"],"picked":"Perfected Strike","floor":4},{"not_picked":["Havoc","Anger"],"picked":"Whirlwind","floor":6},{"not_picked":["Exhume","Reckless Charge","Heavy Blade"],"picked":"SKIP","floor":8},{"not_picked":["Shockwave","Uppercut"],"picked":"Rampage","floor":11},{"not_picked":["Headbutt","Rage"],"picked":"Wild Strike","floor":13},{"not_picked":["Pommel Strike","Corruption","Whirlwind"],"picked":"SKIP","floor":14},{"not_picked":["Corruption","Whirlwind"],"picked":"Pommel Strike","floor":14}],"player_experience":459700,"relics_obtained":[{"floor":6,"key":"Bag of Preparation"},{"floor":8,"key":"Pen Nib"},{"floor":9,"key":"Centennial Puzzle"},{"floor":11,"key":"Tiny Chest"}],"event_choices":[{"damage_healed":0,"gold_gain":0,"player_choice":"Ignored","damage_taken":0,"max_hp_gain":0,"max_hp_loss":0,"event_name":"Liars Game","floor":3,"gold_loss":0},{"damage_healed":0,"gold_gain":0,"player_choice":"Bought 1 Potion","damage_taken":0,"max_hp_gain":0,"max_hp_loss":0,"event_name":"The Woman in Blue","floor":5,"gold_loss":0}],"is_beta":false,"boss_relics":[],"items_purged_floors":[],"is_endless":false,"potions_floor_spawned":[6,11,13],"killed_by":"Hexaghost","ascension_level":18}