{"gold_per_floor":[117,117,136,152,231,262,262,262,289,72,90,100,22,40,40,40],"floor_reached":16,"playtime":500,"items_purged":[],"score":199,"play_id":"7efc9c08-bad9-4385-8180-5c4921dbb647","local_time":"20190625213142","is_ascension_mode":true,"campfire_choices":[{"floor":8,"key":"REST"},{"data":"Mayhem","floor":15,"key":"SMITH"}],"neow_cost":"NONE","seed_source_timestamp":1118329987506577,"circlet_count":0,"master_deck":["AscendersBane","Strike_R","Strike_R","Strike_R","Strike_R","Strike_R","Defend_R","Defend_R","Defend_R","Bash","Armaments","Heavy Blade","Flex","Clothesline+1","Mayhem+1","Shrug It Off","Seeing Red","True Grit","Pommel Strike+1"],"relics":["Burning Blood","NeowsBlessing","Bottled Flame","Molten Egg 2","Boot"],"potions_floor_usage":[6,11,14,14],"damage_taken":[{"damage":0,"enemies":"2 Louse","floor":1,"turns":1},{"damage":0,"enemies":"Jaw Worm","floor":3,"turns":1},{"damage":0,"enemies":"Small Slimes","floor":4,"turns":1},{"damage":62,"enemies":"Lagavulin","floor":6,"turns":6},{"damage":12,"enemies":"Blue Slaver","floor":11,"turns":4},{"damage":24,"enemies":"Gremlin Gang","floor":12,"turns":5},{"damage":2,"enemies":"3 Louse","floor":14,"turns":4},{"damage":36,"enemies":"Hexaghost","floor":16,"turns":9}],"seed_played":"-953424098133111453","potions_obtained":[{"floor":3,"key":"LiquidBronze"},{"floor":6,"key":"FearPotion"},{"floor":11,"key":"LiquidBronze"},{"floor":12,"key":"SpeedPotion"}],"is_trial":false,"path_per_floor":["M","?","M","M","T","E","?","R","T","$","M","M","$","M","R","B"],"character_chosen":"IRONCLAD","items_purchased":["Mayhem","Shrug It Off","Regen Potion"],"campfire_rested":1,"item_purchase_floors":[10,10,13],"current_hp_per_floor":[74,67,73,75,75,19,19,41,41,41,35,17,17,33,33,0],"gold":40,"neow_bonus":"THREE_ENEMY_KILL","is_prod":false,"is_daily":false,"chose_seed":false,"campfire_upgraded":1,"win_rate":0,"timestamp":1561523502,"path_taken":["M","?","M","M","?","E","?","R","T","?","M","?","$","M","R","BOSS"],"build_version":"2019-01-23","purchased_purges":0,"victory":false,"max_hp_per_floor":[75,75,75,75,75,75,75,75,75,75,75,75,75,75,75,75],"card_choices":[{"not_picked":["Body Slam","Burning Pact"],"picked":"Armaments","floor":1},{"not_picked":["Body Slam","Fire Breathing"],"picked":"Heavy Blade","floor":3},{"not_picked":["Hemokinesis","Clash"],"picked":"Flex","floor":4},{"not_picked":["Pommel Strike","Sentinel"],"picked":"Clothesline","floor":6},{"not_picked":["Dual Wield","Rupture"],"picked":"Seeing Red","floor":11},{"not_picked":["Wild Strike+1","Pommel Strike+1"],"picked":"True Grit","floor":12},{"not_picked":["Clash+1","Sentinel"],"picked":"Pommel Strike+1","floor":14}],"player_experience":1081613,"relics_obtained":[{"floor":5,"key":"Bottled Flame"},{"floor":6,"key":"Molten Egg 2"},{"floor":9,"key":"Boot"}],"event_choices":[{"cards_removed":["Defend_R"],"damage_healed":0,"gold_gain":0,"player_choice":"Card Removal","damage_taken":7,"max_hp_gain":0,"max_hp_loss":0,"event_name":"Golden Wing","floor":2,"gold_loss":0},{"damage_healed":0,"gold_gain":0,"player_choice":"Fled","damage_taken":0,"max_hp_gain":0,"max_hp_loss":0,"event_name":"Scrap Ooze","floor":7,"gold_loss":0}],"is_beta":false,"boss_relics":[],"items_purged_floors":[],"is_endless":false,"potions_floor_spawned":[3,6,11,12],"killed_by":"Hexaghost","ascension_level":19}