{"gold_per_floor":[119,119,119,131,144,144,172,188,214,227,227,271,13,13],"floor_reached":14,"playtime":514,"items_purged":[],"score":200,"play_id":"400aeabc-4b97-43b3-beae-aee9718a1fa0","local_time":"20190614093310","is_ascension_mode":true,"campfire_choices":[{"data":"Bouncing Flask","floor":6,"key":"SMITH"}],"neow_cost":"NONE","seed_source_timestamp":34173608918706,"circlet_count":0,"master_deck":["AscendersBane","Defend_G","Defend_G","Defend_G","Defend_G","Defend_G","Strike_G","Strike_G","Strike_G","Strike_G","Survivor","Neutralize","Bouncing Flask+1","Cloak And Dagger","Dagger Throw","Leg Sweep","Bane","Corpse Explosion"],"relics":["Ring of the Snake","Dream Catcher","Snake Skull","Bag of Preparation","Golden Idol","Potion Belt","Membership Card"],"potions_floor_usage":[7,7,12],"damage_taken":[{"damage":6,"enemies":"Cultist","floor":1,"turns":5},{"damage":1,"enemies":"Small Slimes","floor":4,"turns":4},{"damage":1,"enemies":"Jaw Worm","floor":5,"turns":6},{"damage":14,"enemies":"Lagavulin","floor":7,"turns":6},{"damage":3,"enemies":"Looter","floor":8,"turns":4},{"damage":0,"enemies":"Large Slime","floor":10,"turns":4},{"damage":26,"enemies":"3 Sentries","floor":12,"turns":7},{"damage":15,"enemies":"Red Slaver","floor":14,"turns":3}],"seed_played":"-4254851858981807386","potions_obtained":[{"floor":1,"key":"SkillPotion"},{"floor":5,"key":"SkillPotion"},{"floor":10,"key":"GamblersBrew"},{"floor":12,"key":"Energy Potion"}],"is_trial":false,"path_per_floor":["M","?","?","M","M","R","E","M","T","M","?","E","$","M"],"character_chosen":"THE_SILENT","items_purchased":["Membership Card","Corpse Explosion"],"campfire_rested":0,"item_purchase_floors":[13,13],"current_hp_per_floor":[53,46,46,45,44,44,30,27,27,27,27,1,1,0],"gold":13,"neow_bonus":"RANDOM_COMMON_RELIC","is_prod":false,"is_daily":false,"chose_seed":false,"campfire_upgraded":1,"win_rate":0,"timestamp":1560519190,"path_taken":["M","?","?","M","M","R","E","?","T","M","?","E","$","M"],"build_version":"2019-01-23","purchased_purges":0,"victory":false,"max_hp_per_floor":[66,66,66,66,66,66,66,66,66,66,60,60,60,60],"card_choices":[{"not_picked":["Underhanded Strike","Endless Agony"],"picked":"Bouncing Flask","floor":1},{"not_picked":["Sucker Punch","Prepared"],"picked":"Cloak And Dagger","floor":4},{"not_picked":["Slice","Prepared"],"picked":"Dagger Throw","floor":5},{"not_picked":["Masterful Stab","Doppelganger","Outmaneuver"],"picked":"SKIP","floor":7},{"not_picked":["Outmaneuver","Deflect","Blade Dance"],"picked":"SKIP","floor":8},{"not_picked":["Blade Dance","Backflip"],"picked":"Leg Sweep","floor":10},{"not_picked":["Underhanded Strike","Dodge and Roll"],"picked":"Bane","floor":12}],"player_experience":891367,"relics_obtained":[{"floor":7,"key":"Snake Skull"},{"floor":9,"key":"Bag of Preparation"},{"floor":12,"key":"Potion Belt"}],"event_choices":[{"cards_removed":["Strike_G"],"damage_healed":0,"gold_gain":0,"player_choice":"Card Removal","damage_taken":7,"max_hp_gain":0,"max_hp_loss":0,"event_name":"Golden Wing","floor":2,"gold_loss":0},{"damage_healed":0,"gold_gain":0,"player_choice":"Ignored","damage_taken":0,"max_hp_gain":0,"max_hp_loss":0,"event_name":"Liars Game","floor":3,"gold_loss":0},{"damage_healed":0,"gold_gain":0,"player_choice":"Lose Max HP","damage_taken":0,"relics_obtained":["Golden Idol"],"max_hp_gain":0,"max_hp_loss":6,"event_name":"Golden Idol","floor":11,"gold_loss":0}],"is_beta":false,"boss_relics":[],"items_purged_floors":[],"is_endless":false,"potions_floor_spawned":[1,5,10,12],"killed_by":"Red Slaver","ascension_level":20}