{"gold_per_floor":[119,119,132,144,171,171,190,190,236,256,273,307,66,78,78,175,175,190,115,5,24,123,148,148,58,58,72,82,82,100,110,110,211,211,221,239,239,339,339,366,346,346,346,376,408,63,93,25,25,25],"floor_reached":51,"playtime":2439,"items_purged":[],"score":960,"play_id":"cc8620ee-923e-4362-a6d4-116c1fb0c03b","local_time":"20190629042416","is_ascension_mode":false,"campfire_choices":[{"data":"Footwork","floor":6,"key":"SMITH"},{"data":"Dodge and Roll","floor":15,"key":"SMITH"},{"data":"Blur","floor":24,"key":"SMITH"},{"data":"Neutralize","floor":29,"key":"SMITH"},{"data":"Endless Agony","floor":32,"key":"SMITH"},{"data":"After Image","floor":42,"key":"SMITH"},{"data":"Footwork","floor":49,"key":"SMITH"}],"neow_cost":"NONE","seed_source_timestamp":1052180564777052,"circlet_count":0,"master_deck":["Defend_G","Defend_G","Defend_G","Defend_G","Defend_G+1","Neutralize+1","Dash","Noxious Fumes+1","Footwork+1","Dodge and Roll+1","Blur+1","Backstab","PiercingWail+1","Dodge and Roll+1","Backstab","Catalyst+1","Deflect+1","Crippling Poison+1","Outmaneuver+1","Endless Agony+1","Distraction+1","Catalyst+1","After Image+1","Die Die Die+1","Blur+1","Noxious Fumes+1","PiercingWail+1","Deflect+1","Footwork+1","Leg Sweep+1","Forethought+1","Deflect+1","Backflip+1","Dodge and Roll+1"],"relics":["Ring of the Snake","Snake Skull","Ancient Tea Set","Toxic Egg 2","Bottled Tornado","Runic Pyramid","Dream Catcher","Question Card","Astrolabe","Thread and Needle","WingedGreaves","Pear","Pocketwatch","Pen Nib","Paper Crane","Mercury Hourglass","Bronze Scales"],"potions_floor_usage":[11,12,21,31,33,33,35,40,44,45,47,47],"damage_taken":[{"damage":0,"enemies":"Jaw Worm","floor":1,"turns":3},{"damage":0,"enemies":"Cultist","floor":3,"turns":3},{"damage":0,"enemies":"Small Slimes","floor":4,"turns":4},{"damage":0,"enemies":"Looter","floor":7,"turns":4},{"damage":1,"enemies":"Red Slaver","floor":10,"turns":6},{"damage":10,"enemies":"Lots of Slimes","floor":11,"turns":4},{"damage":1,"enemies":"3 Sentries","floor":12,"turns":9},{"damage":1,"enemies":"Blue Slaver","floor":14,"turns":5},{"damage":0,"enemies":"Hexaghost","floor":16,"turns":12},{"damage":1,"enemies":"Chosen","floor":18,"turns":8},{"damage":4,"enemies":"2 Thieves","floor":21,"turns":5},{"damage":3,"enemies":"Book of Stabbing","floor":23,"turns":9},{"damage":0,"enemies":"Snake Plant","floor":27,"turns":4},{"damage":0,"enemies":"3 Cultists","floor":28,"turns":5},{"damage":0,"enemies":"Chosen and Byrds","floor":30,"turns":7},{"damage":2,"enemies":"Snake Plant","floor":31,"turns":5},{"damage":10,"enemies":"Champ","floor":33,"turns":6},{"damage":0,"enemies":"3 Darklings","floor":35,"turns":5},{"damage":10,"enemies":"3 Shapes","floor":36,"turns":4},{"damage":0,"enemies":"Mind Bloom Boss Battle","floor":38,"turns":6},{"damage":1,"enemies":"Giant Head","floor":40,"turns":7},{"damage":3,"enemies":"Reptomancer","floor":44,"turns":6},{"damage":0,"enemies":"Nemesis","floor":45,"turns":7},{"damage":0,"enemies":"Reptomancer","floor":47,"turns":8},{"damage":0,"enemies":"Donu and Deca","floor":50,"turns":11}],"seed_played":"1084912063179238593","potions_obtained":[{"floor":1,"key":"Swift Potion"},{"floor":3,"key":"GhostInAJar"},{"floor":10,"key":"Explosive Potion"},{"floor":16,"key":"Ancient Potion"},{"floor":18,"key":"Weak Potion"},{"floor":21,"key":"FearPotion"},{"floor":27,"key":"Regen Potion"},{"floor":31,"key":"Explosive Potion"},{"floor":36,"key":"GamblersBrew"},{"floor":38,"key":"PowerPotion"},{"floor":40,"key":"Weak Potion"},{"floor":41,"key":"LiquidBronze"},{"floor":45,"key":"Strength Potion"}],"is_trial":false,"path_per_floor":["M","?","M","M","T","R","M","?","T","M","M","E","$","M","R","B",null,"M","?","$","M","?","E","R","?","T","M","M","R","M","M","R","B",null,"M","M","T","?","?","E","?","R","T","E","E","$","E","$","R","B",null],"character_chosen":"THE_SILENT","items_purchased":["Bottled Tornado","Backstab","Catalyst+1","Mercury Hourglass","Forethought+1","Backflip+1","Dodge and Roll+1"],"campfire_rested":0,"item_purchase_floors":[13,20,20,46,46,48,48],"current_hp_per_floor":[70,70,70,70,70,70,70,70,70,69,59,58,58,57,57,57,70,69,69,69,65,65,62,62,62,62,62,62,62,62,70,70,60,70,70,60,60,60,60,69,69,69,69,66,66,66,66,66,66,66],"gold":25,"neow_bonus":"THREE_CARDS","is_prod":false,"is_daily":false,"chose_seed":false,"campfire_upgraded":7,"win_rate":0.0,"timestamp":1561807456,"path_taken":["M","?","M","?","?","R","M","?","T","M","?","E","$","M","R","BOSS","M","?","$","M","?","E","R","?","T","?","?","R","M","M","R","BOSS","M","M","?","?","?","E","?","R","T","E","E","$","E","$","R","BOSS"],"build_version":"2019-01-23","purchased_purges":0,"victory":true,"max_hp_per_floor":[70,70,70,70,70,70,70,70,70,70,70,70,70,70,70,70,70,70,70,70,70,70,70,70,70,70,70,70,70,70,70,70,70,70,70,70,70,70,70,80,80,80,80,80,80,80,80,80,80,80],"card_choices":[{"not_picked":["Backflip","PiercingWail"],"picked":"Dash","floor":0},{"not_picked":["Masterful Stab","Crippling Poison"],"picked":"Noxious Fumes","floor":1},{"not_picked":["Sucker Punch","Outmaneuver"],"picked":"Footwork","floor":3},{"not_picked":["Sucker Punch","Prepared","Underhanded Strike"],"picked":"SKIP","floor":4},{"not_picked":["Underhanded Strike","Tactician"],"picked":"Dodge and Roll","floor":7},{"not_picked":["Expertise","Prepared"],"picked":"Blur","floor":10},{"not_picked":["Infinite Blades","Wraith Form v2"],"picked":"Backstab","floor":11},{"not_picked":["Skewer","Predator"],"picked":"PiercingWail","floor":12},{"not_picked":["Slice","Masterful Stab","Flechettes"],"picked":"SKIP","floor":14},{"not_picked":["Dagger Throw+1","PiercingWail+1"],"picked":"Dodge and Roll+1","floor":18},{"not_picked":["Backflip+1","Bouncing Flask+1"],"picked":"Deflect+1","floor":21},{"not_picked":["Masterful Stab+1","Blade Dance+1"],"picked":"Crippling Poison+1","floor":23},{"not_picked":["Flying Knee+1","Crippling Poison+1","All Out Attack"],"picked":"Outmaneuver+1","floor":27},{"not_picked":["Leg Sweep+1","Doppelganger+1","Blade Dance+1"],"picked":"Endless Agony","floor":28},{"not_picked":["Reflex+1","Quick Slash","Sucker Punch"],"picked":"Distraction+1","floor":30},{"not_picked":["Sucker Punch","Dagger Throw","Skewer"],"picked":"Catalyst+1","floor":31},{"not_picked":["Venomology+1","Corpse Explosion+1","Phantasmal Killer+1"],"picked":"After Image","floor":33},{"not_picked":["Bane+1","Eviscerate","Choke"],"picked":"PiercingWail+1","floor":35},{"not_picked":["Outmaneuver+1","Eviscerate+1","Reflex+1"],"picked":"Deflect+1","floor":36},{"not_picked":["Slice","Prepared+1","All Out Attack"],"picked":"Footwork","floor":38},{"not_picked":["Acrobatics+1","PiercingWail+1","Choke","Malaise+1"],"picked":"SKIP","floor":40},{"not_picked":["Calculated Gamble+1","PiercingWail+1","Slice+1"],"picked":"Leg Sweep+1","floor":44},{"not_picked":["Underhanded Strike+1","Poisoned Stab","Bane+1","Doppelganger+1"],"picked":"SKIP","floor":45},{"not_picked":["Underhanded Strike","Choke","Slice"],"picked":"Deflect+1","floor":47}],"player_experience":30744,"relics_obtained":[{"floor":5,"key":"Snake Skull"},{"floor":9,"key":"Ancient Tea Set"},{"floor":12,"key":"Toxic Egg 2"},{"floor":23,"key":"Dream Catcher"},{"floor":26,"key":"Question Card"},{"floor":37,"key":"Thread and Needle"},{"floor":38,"key":"WingedGreaves"},{"floor":40,"key":"Pear"},{"floor":43,"key":"Pocketwatch"},{"floor":44,"key":"Pen Nib"},{"floor":45,"key":"Paper Crane"},{"floor":47,"key":"Bronze Scales"}],"event_choices":[{"damage_healed":0,"gold_gain":0,"player_choice":"Forge","damage_taken":0,"max_hp_gain":0,"max_hp_loss":0,"event_name":"Accursed Blacksmith","floor":2,"gold_loss":0,"cards_upgraded":["Noxious Fumes"]},{"cards_removed":["Survivor"],"damage_healed":0,"gold_gain":0,"player_choice":"Offered Basic","damage_taken":0,"max_hp_gain":0,"max_hp_loss":0,"event_name":"Bonfire Elementals","floor":8,"gold_loss":0},{"cards_removed":["Strike_G"],"damage_healed":0,"gold_gain":0,"player_choice":"Gave Gold","damage_taken":0,"max_hp_gain":0,"max_hp_loss":0,"event_name":"Beggar","floor":19,"gold_loss":75},{"damage_healed":0,"gold_gain":99,"player_choice":"Stole From Cult","damage_taken":0,"max_hp_gain":0,"max_hp_loss":0,"event_name":"Nest","floor":22,"gold_loss":0},{"cards_removed":["Strike_G"],"damage_healed":0,"gold_gain":0,"player_choice":"Upgrade and Remove","damage_taken":0,"max_hp_gain":0,"max_hp_loss":0,"event_name":"Designer","floor":25,"gold_loss":90,"cards_upgraded":["Defend_G"]},{"damage_healed":0,"gold_gain":0,"player_choice":"Fight","damage_taken":0,"max_hp_gain":0,"max_hp_loss":0,"event_name":"MindBloom","floor":38,"gold_loss":0},{"damage_healed":0,"gold_gain":0,"player_choice":"Ignored","damage_taken":0,"max_hp_gain":0,"max_hp_loss":0,"event_name":"Tomb of Lord Red Mask","floor":39,"gold_loss":0},{"damage_healed":0,"gold_gain":0,"player_choice":"Bought 1 Potion","damage_taken":0,"max_hp_gain":0,"max_hp_loss":0,"event_name":"The Woman in Blue","floor":41,"gold_loss":0}],"is_beta":false,"boss_relics":[{"not_picked":["Calling Bell","Orrery"],"picked":"Runic Pyramid"},{"not_picked":["Sozu","Cursed Key"],"picked":"Astrolabe"}],"items_purged_floors":[],"is_endless":false,"potions_floor_spawned":[1,3,10,16,18,21,27,28,31,36,38,40,45],"ascension_level":0}