{"gold_per_floor":[116,66,82,82,62,62,90,90,90,110,120,132,143,168,168,263,263,281,296,33,44,61,61,61,61,61,61,75,90,102,116,116,216,216,232,332,344,361,361],"floor_reached":39,"playtime":3732,"items_purged":["Defend_G"],"score":599,"play_id":"0a77a682-f20f-49f4-b0c0-6e4a1ae340d7","local_time":"20190228210613","is_ascension_mode":true,"campfire_choices":[{"data":"Sucker Punch","floor":6,"key":"SMITH"},{"floor":8,"key":"REST"},{"data":"Blur","floor":15,"key":"SMITH"},{"data":"Caltrops","floor":23,"key":"SMITH"},{"floor":32,"key":"REST"}],"neow_cost":"NONE","seed_source_timestamp":1126751064591626,"circlet_count":0,"master_deck":["AscendersBane","Defend_G","Defend_G+1","Defend_G","Defend_G","Strike_G","Strike_G","Strike_G","Strike_G","Survivor","Neutralize+1","Caltrops+1","Sucker Punch+1","Bullet Time","Backstab","Flying Knee","Dash","Cloak And Dagger","Blur+1","After Image","Caltrops","Bandage Up","Deflect","Caltrops","Riddle With Holes+1","Well Laid Plans+1","RitualDagger","Cloak And Dagger+1","Envenom","Dodge and Roll+1"],"relics":["Ring of the Serpent","Bag of Marbles","Dream Catcher","Pantograph","Torii","Paper Crane","Singing Bowl","Busted Crown","The Specimen"],"potions_floor_usage":[7,14,28,33,33,33,36,37,39],"damage_taken":[{"damage":4,"enemies":"Small Slimes","floor":1,"turns":3},{"damage":10,"enemies":"Jaw Worm","floor":3,"turns":5},{"damage":21,"enemies":"Gremlin Nob","floor":7,"turns":5},{"damage":0,"enemies":"Cultist","floor":10,"turns":3},{"damage":6,"enemies":"Looter","floor":11,"turns":3},{"damage":0,"enemies":"Exordium Wildlife","floor":12,"turns":4},{"damage":0,"enemies":"3 Louse","floor":13,"turns":3},{"damage":16,"enemies":"Lagavulin","floor":14,"turns":6},{"damage":15,"enemies":"The Guardian","floor":16,"turns":17},{"damage":0,"enemies":"3 Byrds","floor":18,"turns":5},{"damage":18,"enemies":"Spheric Guardian","floor":19,"turns":5},{"damage":8,"enemies":"Snake Plant","floor":21,"turns":4},{"damage":1,"enemies":"Cultist and Chosen","floor":22,"turns":8},{"damage":10,"enemies":"Snecko","floor":28,"turns":4},{"damage":1,"enemies":"Snake Plant","floor":29,"turns":3},{"damage":16,"enemies":"Cultist and Chosen","floor":30,"turns":8},{"damage":1,"enemies":"Chosen and Byrds","floor":31,"turns":5},{"damage":16,"enemies":"Collector","floor":33,"turns":15},{"damage":1,"enemies":"3 Shapes","floor":35,"turns":9},{"damage":2,"enemies":"Mind Bloom Boss Battle","floor":36,"turns":8},{"damage":20,"enemies":"3 Darklings","floor":37,"turns":7},{"damage":7,"enemies":"Spire Growth","floor":38,"turns":7},{"damage":80,"enemies":"Transient","floor":39,"turns":5}],"seed_played":"-5116994309015040094","potions_obtained":[{"floor":1,"key":"Dexterity Potion"},{"floor":5,"key":"Block Potion"},{"floor":7,"key":"GamblersBrew"},{"floor":11,"key":"PowerPotion"},{"floor":16,"key":"EssenceOfSteel"},{"floor":22,"key":"AttackPotion"},{"floor":28,"key":"Poison Potion"},{"floor":33,"key":"Explosive Potion"},{"floor":35,"key":"Poison Potion"},{"floor":36,"key":"Fire Potion"}],"is_trial":false,"path_per_floor":["M","?","M","?","?","R","E","R","T","M","M","M","M","E","R","B",null,"M","M","$","M","M","R","$","?","T","T","M","M","M","M","R","B",null,"M","?","M","M","M"],"character_chosen":"THE_SILENT","items_purchased":["Bandage Up","Deflect","Caltrops"],"campfire_rested":2,"item_purchase_floors":[20,20,20],"current_hp_per_floor":[59,59,49,35,35,35,14,35,35,35,29,29,29,13,13,23,58,58,40,40,36,39,39,39,33,33,33,29,34,24,25,48,61,74,79,78,64,63,0],"gold":361,"neow_bonus":"RANDOM_COMMON_RELIC","is_prod":false,"is_daily":false,"chose_seed":false,"campfire_upgraded":3,"win_rate":0,"timestamp":1551405973,"path_taken":["M","?","M","?","?","R","E","R","T","M","M","M","M","E","R","BOSS","M","?","$","M","M","R","$","?","T","?","M","M","M","M","R","BOSS","M","?","M","M","M"],"build_version":"2019-01-23","purchased_purges":1,"victory":false,"max_hp_per_floor":[70,70,70,70,70,70,70,70,70,70,70,70,70,70,70,70,70,70,70,70,70,70,70,70,70,70,70,72,74,76,78,78,78,78,80,80,82,84,84],"card_choices":[{"not_picked":["Underhanded Strike","Sucker Punch"],"picked":"Caltrops","floor":1},{"not_picked":["Underhanded Strike","Prepared"],"picked":"Sucker Punch","floor":3},{"not_picked":["Dodge and Roll","Bane"],"picked":"Bullet Time","floor":7},{"not_picked":["Dagger Spray","Deflect"],"picked":"Backstab","floor":8},{"not_picked":["Skewer","Bane"],"picked":"Flying Knee","floor":10},{"not_picked":["Quick Slash","Skewer","Bouncing Flask"],"picked":"SKIP","floor":11},{"not_picked":["Sucker Punch","Endless Agony"],"picked":"Dash","floor":12},{"not_picked":["Expertise","Quick Slash"],"picked":"Cloak And Dagger","floor":13},{"not_picked":["Bouncing Flask","Finisher"],"picked":"Blur","floor":14},{"not_picked":["Venomology","Grand Finale"],"picked":"After Image","floor":16},{"not_picked":["Cloak And Dagger","Concentrate"],"picked":"Caltrops","floor":18},{"not_picked":["Riddle With Holes","Quick Slash","Dagger Throw"],"picked":"SKIP","floor":19},{"not_picked":["Acrobatics","Slice"],"picked":"Riddle With Holes+1","floor":21},{"not_picked":["Dodge and Roll","PiercingWail+1"],"picked":"Well Laid Plans+1","floor":22},{"not_picked":["Noxious Fumes","A Thousand Cuts","Backflip"],"picked":"Singing Bowl","floor":28},{"not_picked":["Skewer","Accuracy","Quick Slash+1"],"picked":"Singing Bowl","floor":29},{"not_picked":["Dagger Throw","Flying Knee","Dodge and Roll"],"picked":"Singing Bowl","floor":30},{"not_picked":["Deadly Poison","Slice","Underhanded Strike"],"picked":"Singing Bowl","floor":31},{"not_picked":["Accuracy","Dodge and Roll"],"picked":"Cloak And Dagger+1","floor":32},{"not_picked":["Malaise","Tools of the Trade"],"picked":"Envenom","floor":33},{"not_picked":["Sucker Punch"],"picked":"Singing Bowl","floor":35},{"not_picked":[],"picked":"Dodge and Roll+1","floor":36},{"not_picked":["Blade Dance"],"picked":"Singing Bowl","floor":37},{"not_picked":["Quick Slash+1"],"picked":"Singing Bowl","floor":38}],"player_experience":339368,"relics_obtained":[{"floor":7,"key":"Dream Catcher"},{"floor":9,"key":"Pantograph"},{"floor":14,"key":"Torii"},{"floor":26,"key":"Paper Crane"},{"floor":27,"key":"Singing Bowl"},{"floor":36,"key":"The Specimen"}],"event_choices":[{"cards_removed":["Strike_G"],"damage_healed":0,"gold_gain":0,"player_choice":"Card Removal","damage_taken":0,"max_hp_gain":0,"max_hp_loss":0,"event_name":"The Cleric","floor":2,"gold_loss":50},{"damage_healed":0,"gold_gain":0,"player_choice":"Entered Light","damage_taken":14,"max_hp_gain":0,"max_hp_loss":0,"event_name":"Shining Light","floor":4,"gold_loss":0,"cards_upgraded":["Defend_G","Neutralize"]},{"damage_healed":0,"gold_gain":0,"player_choice":"Bought 1 Potion","damage_taken":0,"max_hp_gain":0,"max_hp_loss":0,"event_name":"The Woman in Blue","floor":5,"gold_loss":0},{"damage_healed":0,"gold_gain":0,"player_choice":"Joined the Cult","damage_taken":6,"max_hp_gain":0,"max_hp_loss":0,"event_name":"Nest","floor":25,"gold_loss":0,"cards_obtained":["RitualDagger"]},{"damage_healed":0,"gold_gain":0,"player_choice":"Fight","damage_taken":0,"max_hp_gain":0,"max_hp_loss":0,"event_name":"MindBloom","floor":36,"gold_loss":0}],"is_beta":false,"boss_relics":[{"not_picked":["Runic Dome","White Beast Statue"],"picked":"Ring of the Serpent"},{"not_picked":["Empty Cage","Astrolabe"],"picked":"Busted Crown"}],"items_purged_floors":[20],"is_endless":false,"potions_floor_spawned":[1,7,11,16,18,22,28,29,33,35,36],"killed_by":"Transient","ascension_level":10}