{"gold_per_floor":[317,331,12,12,12,46,46,46,91,91,110,110,135,147,147,251,251,261,245,257,51,65,65,85,101,101,114,114,214,214,228,228,228],"floor_reached":33,"playtime":2694,"items_purged":[],"score":261,"play_id":"b2724772-14c0-4137-aa81-7a38db41d56b","local_time":"20190628162034","is_ascension_mode":false,"campfire_choices":[{"data":"Seeing Red","floor":8,"key":"SMITH"},{"data":"Blood for Blood","floor":12,"key":"SMITH"},{"data":"Armaments","floor":15,"key":"SMITH"},{"data":"Perfected Strike","floor":23,"key":"SMITH"},{"floor":30,"key":"REST"},{"floor":32,"key":"REST"}],"neow_cost":"NO_GOLD","seed_source_timestamp":1008574316921180,"circlet_count":0,"master_deck":["Strike_R","Strike_R+1","Strike_R+1","Strike_R+1","Strike_R","Defend_R","Defend_R","Defend_R","Defend_R+1","Bash","Whirlwind","Iron Wave+1","Dropkick","Seeing Red+1","Seeing Red+1","Blood for Blood+1","Perfected Strike+1","Armaments+1","Demon Form","Shrug It Off+1","Cleave","Warcry+1","Iron Wave","Clothesline","Pommel Strike","Iron Wave","Writhe","Clothesline+1"],"relics":["Black Blood","Old Coin","Lee\u0027s Waffle","Kunai","Ancient Tea Set","War Paint","Whetstone","OrangePellets","Lantern","Blood Vial"],"potions_floor_usage":[13,13,16,25,25,25,27],"damage_taken":[{"damage":17,"enemies":"Small Slimes","floor":1,"turns":4},{"damage":1,"enemies":"Jaw Worm","floor":2,"turns":5},{"damage":25,"enemies":"3 Sentries","floor":6,"turns":8},{"damage":0,"enemies":"2 Louse","floor":10,"turns":1},{"damage":0,"enemies":"Blue Slaver","floor":11,"turns":3},{"damage":36,"enemies":"Lagavulin","floor":13,"turns":4},{"damage":4,"enemies":"Red Slaver","floor":14,"turns":3},{"damage":20,"enemies":"Hexaghost","floor":16,"turns":10},{"damage":15,"enemies":"Spheric Guardian","floor":18,"turns":5},{"damage":15,"enemies":"2 Thieves","floor":19,"turns":4},{"damage":39,"enemies":"3 Cultists","floor":20,"turns":5},{"damage":18,"enemies":"Chosen and Byrds","floor":22,"turns":7},{"damage":43,"enemies":"Snake Plant","floor":24,"turns":5},{"damage":15,"enemies":"Cultist and Chosen","floor":25,"turns":8},{"damage":20,"enemies":"Snecko","floor":27,"turns":7},{"damage":19,"enemies":"Snake Plant","floor":31,"turns":7},{"damage":77,"enemies":"Collector","floor":33,"turns":5}],"seed_played":"-2683371430517959571","potions_obtained":[{"floor":1,"key":"Energy Potion"},{"floor":2,"key":"BloodPotion"},{"floor":14,"key":"PowerPotion"},{"floor":18,"key":"SpeedPotion"},{"floor":19,"key":"GamblersBrew"},{"floor":24,"key":"Regen Potion"},{"floor":25,"key":"Dexterity Potion"}],"is_trial":false,"path_per_floor":["M","M","$","?","?","E","T","R","T","M","M","R","E","M","R","B",null,"M","M","M","$","M","R","M","M","T","M","?","?","R","M","R","B"],"character_chosen":"IRONCLAD","items_purchased":["Lee\u0027s Waffle","Dropkick","Seeing Red","OrangePellets"],"campfire_rested":2,"item_purchase_floors":[3,3,3,21],"current_hp_per_floor":[69,74,87,92,74,55,55,55,55,61,67,67,46,48,48,34,92,87,82,53,53,45,45,12,22,22,12,12,12,39,32,59,0],"gold":228,"neow_bonus":"ONE_RARE_RELIC","is_prod":false,"is_daily":false,"chose_seed":false,"campfire_upgraded":4,"win_rate":0.0,"timestamp":1561764034,"path_taken":["M","M","$","?","?","E","?","R","T","M","M","R","E","M","R","BOSS","M","M","M","$","M","R","M","M","T","M","?","?","R","M","R","BOSS"],"build_version":"2019-01-23","purchased_purges":0,"victory":false,"max_hp_per_floor":[80,80,87,92,92,92,92,92,92,92,92,92,92,92,92,92,92,92,92,92,92,92,92,92,92,92,92,92,92,92,92,92,92],"card_choices":[{"not_picked":["Headbutt","Thunderclap"],"picked":"Whirlwind","floor":1},{"not_picked":["True Grit","Cleave"],"picked":"Iron Wave","floor":2},{"not_picked":["Feel No Pain","Shockwave"],"picked":"Seeing Red","floor":6},{"not_picked":["Iron Wave","Clothesline","Ghostly Armor"],"picked":"SKIP","floor":10},{"not_picked":["Hemokinesis","Sword Boomerang"],"picked":"Blood for Blood","floor":11},{"not_picked":["Double Tap","Seeing Red"],"picked":"Perfected Strike","floor":13},{"not_picked":["Thunderclap","Cleave"],"picked":"Armaments","floor":14},{"not_picked":["Fiend Fire","Feed"],"picked":"Demon Form","floor":16},{"not_picked":["Anger","Disarm"],"picked":"Shrug It Off+1","floor":18},{"not_picked":["Reckless Charge+1","Clothesline"],"picked":"Cleave","floor":19},{"not_picked":["Combust+1","True Grit"],"picked":"Warcry+1","floor":20},{"not_picked":["Reckless Charge","Thunderclap"],"picked":"Iron Wave","floor":22},{"not_picked":["Brutality","Feel No Pain"],"picked":"Clothesline","floor":24},{"not_picked":["Cleave","True Grit"],"picked":"Pommel Strike","floor":25},{"not_picked":["Clash","Warcry"],"picked":"Iron Wave","floor":27},{"not_picked":["Rupture","Sword Boomerang+1"],"picked":"Clothesline+1","floor":31}],"player_experience":11345,"relics_obtained":[{"floor":6,"key":"Kunai"},{"floor":7,"key":"Ancient Tea Set"},{"floor":9,"key":"War Paint"},{"floor":13,"key":"Whetstone"},{"floor":26,"key":"Lantern"}],"event_choices":[{"damage_healed":0,"gold_gain":0,"player_choice":"Donut","damage_taken":0,"max_hp_gain":5,"max_hp_loss":0,"event_name":"Big Fish","floor":4,"gold_loss":0},{"damage_healed":0,"gold_gain":0,"player_choice":"Entered Light","damage_taken":18,"max_hp_gain":0,"max_hp_loss":0,"event_name":"Shining Light","floor":5,"gold_loss":0,"cards_upgraded":["Iron Wave","Strike_R"]},{"damage_healed":0,"gold_gain":0,"player_choice":"Opened","damage_taken":0,"relics_obtained":["Blood Vial"],"max_hp_gain":0,"max_hp_loss":0,"event_name":"The Mausoleum","floor":28,"gold_loss":0,"cards_obtained":["Writhe"]},{"damage_healed":0,"gold_gain":100,"player_choice":"Pray","damage_taken":0,"max_hp_gain":0,"max_hp_loss":0,"event_name":"Golden Shrine","floor":29,"gold_loss":0}],"is_beta":false,"boss_relics":[{"not_picked":["Philosopher\u0027s Stone","Ectoplasm"],"picked":"Black Blood"}],"items_purged_floors":[],"is_endless":false,"potions_floor_spawned":[1,2,14,18,19,24,25],"killed_by":"Collector","ascension_level":0}