{"gold_per_floor":[119,136,136,160,178,221,221,256,256,256,51,51,75,75,75,194,257,278,317,331,456,456],"floor_reached":22,"playtime":1620,"items_purged":[],"score":194,"play_id":"60491c41-26aa-49e1-ab73-262a0097c6a3","local_time":"20190518201443","is_ascension_mode":false,"campfire_choices":[{"floor":7,"key":"REST"},{"floor":10,"key":"REST"},{"floor":12,"key":"REST"},{"data":"Iron Wave","floor":15,"key":"SMITH"}],"neow_cost":"NONE","seed_source_timestamp":457981580819452,"circlet_count":0,"master_deck":["Strike_R","Strike_R","Strike_R","Strike_R+1","Strike_R","Defend_R","Defend_R","Defend_R","Defend_R","Bash","Impatience","Iron Wave+1","Whirlwind+1","Headbutt","Clash","Impervious","Warcry","Warcry","Thunderclap"],"relics":["Burning Blood","Golden Idol","Paper Frog","FossilizedHelix","Magic Flower","Anchor","Tiny House","Red Mask","Incense Burner","Sundial"],"potions_floor_usage":[6,8,19,19,20,21],"damage_taken":[{"damage":6,"enemies":"Jaw Worm","floor":1,"turns":3},{"damage":2,"enemies":"Small Slimes","floor":2,"turns":3},{"damage":1,"enemies":"Cultist","floor":4,"turns":3},{"damage":7,"enemies":"Gremlin Gang","floor":5,"turns":2},{"damage":42,"enemies":"Gremlin Nob","floor":6,"turns":5},{"damage":54,"enemies":"Lagavulin","floor":8,"turns":8},{"damage":0,"enemies":"2 Fungi Beasts","floor":13,"turns":3},{"damage":30,"enemies":"Slime Boss","floor":16,"turns":10},{"damage":0,"enemies":"Chosen","floor":18,"turns":5},{"damage":38,"enemies":"Masked Bandits","floor":19,"turns":8},{"damage":0,"enemies":"3 Byrds","floor":20,"turns":4},{"damage":12,"enemies":"Colosseum Slavers","floor":21,"turns":5},{"damage":34,"enemies":"Colosseum Nobs","floor":21,"turns":9},{"damage":34,"enemies":"Sentry and Sphere","floor":22,"turns":5}],"seed_played":"-5426728440558636633","potions_obtained":[{"floor":1,"key":"GamblersBrew"},{"floor":2,"key":"PowerPotion"},{"floor":6,"key":"SpeedPotion"},{"floor":17,"key":"Poison Potion"},{"floor":18,"key":"EssenceOfSteel"},{"floor":20,"key":"Energy Potion"}],"is_trial":false,"path_per_floor":["M","M","?","M","M","E","R","E","T","R","$","R","M","?","R","B",null,"M","?","M","?","M"],"character_chosen":"IRONCLAD","items_purchased":["Headbutt","Anchor"],"campfire_rested":3,"item_purchase_floors":[11,11],"current_hp_per_floor":[80,80,74,74,73,37,59,11,11,33,33,55,64,64,64,43,79,79,50,59,31,0],"gold":456,"neow_bonus":"RANDOM_COLORLESS","is_prod":false,"is_daily":false,"chose_seed":false,"campfire_upgraded":1,"win_rate":0,"timestamp":1558235683,"path_taken":["M","M","?","M","M","E","R","E","T","R","$","R","M","?","R","BOSS","M","?","M","?","M"],"build_version":"2019-01-23","purchased_purges":0,"victory":false,"max_hp_per_floor":[80,80,74,74,74,74,74,74,74,74,74,74,74,74,74,74,79,79,79,79,79,79],"card_choices":[{"not_picked":["Heavy Blade","Hemokinesis"],"picked":"Iron Wave","floor":1},{"not_picked":["Clash","Power Through"],"picked":"Whirlwind","floor":2},{"not_picked":["Sentinel","Havoc","Heavy Blade"],"picked":"SKIP","floor":4},{"not_picked":["Metallicize","Anger","Second Wind"],"picked":"SKIP","floor":5},{"not_picked":["Corruption","Entrench","Combust"],"picked":"SKIP","floor":6},{"not_picked":["Fire Breathing","Offering","Wild Strike"],"picked":"SKIP","floor":8},{"not_picked":["Perfected Strike","Pummel"],"picked":"Clash","floor":13},{"not_picked":["Bludgeon","Berserk"],"picked":"Impervious","floor":16},{"not_picked":["Sever Soul","Sentinel"],"picked":"Warcry","floor":18},{"not_picked":["Entrench","Sword Boomerang"],"picked":"Warcry","floor":19},{"not_picked":["Blood for Blood","Dropkick","Sword Boomerang"],"picked":"SKIP","floor":20},{"not_picked":["Heavy Blade","Perfected Strike"],"picked":"Thunderclap","floor":21}],"player_experience":227643,"relics_obtained":[{"floor":6,"key":"Paper Frog"},{"floor":8,"key":"FossilizedHelix"},{"floor":9,"key":"Magic Flower"},{"floor":19,"key":"Red Mask"},{"floor":21,"key":"Incense Burner"},{"floor":21,"key":"Sundial"}],"event_choices":[{"damage_healed":0,"gold_gain":0,"player_choice":"Lose Max HP","damage_taken":0,"relics_obtained":["Golden Idol"],"max_hp_gain":0,"max_hp_loss":6,"event_name":"Golden Idol","floor":3,"gold_loss":0},{"damage_healed":0,"gold_gain":0,"player_choice":"Grow","damage_taken":0,"max_hp_gain":0,"max_hp_loss":0,"event_name":"Living Wall","floor":14,"gold_loss":0,"cards_upgraded":["Whirlwind"]},{"damage_healed":0,"gold_gain":0,"player_choice":"Fought Bandits","damage_taken":0,"max_hp_gain":0,"max_hp_loss":0,"event_name":"Masked Bandits","floor":19,"gold_loss":0},{"damage_healed":0,"gold_gain":0,"player_choice":"Fight","damage_taken":0,"max_hp_gain":0,"max_hp_loss":0,"event_name":"Colosseum","floor":21,"gold_loss":0},{"damage_healed":0,"gold_gain":0,"player_choice":"Fought Nobs","damage_taken":0,"max_hp_gain":0,"max_hp_loss":0,"event_name":"Colosseum","floor":21,"gold_loss":0}],"is_beta":false,"boss_relics":[{"not_picked":["Mark of Pain","Coffee Dripper"],"picked":"Tiny House"}],"items_purged_floors":[],"is_endless":false,"potions_floor_spawned":[1,2,6,18,20],"killed_by":"Sentry and Sphere","ascension_level":0}