{"gold_per_floor":[113,113,113,6,23,23,54,54,54,119,119,152,164,164,164,283,283,308,28,28,28,44,44,88,88,88,112,112,152,171,190,190,315,315,334,334,403,22,22,22,22],"floor_reached":41,"playtime":2445,"items_purged":["Accuracy+1"],"score":508,"play_id":"e51e64b9-0222-458e-a771-a5707768eeb6","local_time":"20190630080202","is_ascension_mode":false,"campfire_choices":[{"data":"Noxious Fumes","floor":6,"key":"SMITH"},{"data":"Poisoned Stab","floor":11,"key":"SMITH"},{"data":"Well Laid Plans","floor":15,"key":"SMITH"},{"data":"Crippling Poison","floor":23,"key":"SMITH"},{"data":"Burst","floor":25,"key":"SMITH"},{"floor":28,"key":"REST"},{"floor":32,"key":"REST"},{"data":"Enlightenment","floor":40,"key":"SMITH"}],"neow_cost":"NONE","seed_source_timestamp":1151693324160457,"circlet_count":0,"master_deck":["Survivor","Neutralize","Dash","Noxious Fumes+1","Backflip","Backflip","Poisoned Stab+1","Well Laid Plans+1","Dash","Injury","Burst+1","Noxious Fumes+1","Outmaneuver+1","Flying Knee+1","Crippling Poison+1","Dodge and Roll","Endless Agony","Flying Knee","Dodge and Roll+1","Bullet Time","Poisoned Stab+1","PiercingWail","Escape Plan","Unload","Well Laid Plans","After Image","A Thousand Cuts","Eviscerate","Choke","Outmaneuver","Enlightenment+1","Madness","Dark Shackles","Dodge and Roll+1","Madness","Madness"],"relics":["Ring of the Snake","NeowsBlessing","Dead Branch","Juzu Bracelet","Art of War","Golden Idol","Astrolabe","Nilry\u0027s Codex","MutagenicStrength","Dream Catcher","Orichalcum","Strawberry","Pandora\u0027s Box","WingedGreaves","Thread and Needle"],"potions_floor_usage":[10,10,16,27,33,33,37,37,41],"damage_taken":[{"damage":0,"enemies":"Cultist","floor":1,"turns":1},{"damage":0,"enemies":"Jaw Worm","floor":5,"turns":1},{"damage":0,"enemies":"3 Sentries","floor":7,"turns":2},{"damage":31,"enemies":"Lagavulin Event","floor":10,"turns":7},{"damage":11,"enemies":"Lagavulin","floor":12,"turns":8},{"damage":0,"enemies":"Small Slimes","floor":13,"turns":4},{"damage":10,"enemies":"The Guardian","floor":16,"turns":11},{"damage":10,"enemies":"Shell Parasite","floor":18,"turns":7},{"damage":6,"enemies":"Chosen","floor":22,"turns":4},{"damage":15,"enemies":"Book of Stabbing","floor":24,"turns":7},{"damage":10,"enemies":"Snake Plant","floor":27,"turns":4},{"damage":15,"enemies":"Gremlin Leader","floor":29,"turns":6},{"damage":4,"enemies":"Shelled Parasite and Fungi","floor":30,"turns":6},{"damage":0,"enemies":"Cultist and Chosen","floor":31,"turns":6},{"damage":41,"enemies":"Collector","floor":33,"turns":9},{"damage":6,"enemies":"Orb Walker","floor":35,"turns":4},{"damage":17,"enemies":"2 Orb Walkers","floor":37,"turns":4},{"damage":77,"enemies":"Reptomancer","floor":41,"turns":5}],"seed_played":"-4141434300631840376","potions_obtained":[{"floor":1,"key":"Explosive Potion"},{"floor":5,"key":"LiquidBronze"},{"floor":12,"key":"GhostInAJar"},{"floor":24,"key":"Strength Potion"},{"floor":30,"key":"Swift Potion"},{"floor":31,"key":"Explosive Potion"},{"floor":33,"key":"EssenceOfSteel"},{"floor":35,"key":"AttackPotion"}],"is_trial":false,"path_per_floor":["M","?","?","$","M","R","E","?","T","?","R","E","M","?","R","B",null,"M","$","?","?","M","R","E","R","T","M","R","E","M","M","R","B",null,"M","?","?","$","?","R","E"],"character_chosen":"THE_SILENT","items_purchased":["Dash","Noxious Fumes","Crippling Poison","Dodge and Roll","Endless Agony","Thread and Needle","Regen Potion"],"campfire_rested":2,"item_purchase_floors":[4,4,19,19,19,38,38],"current_hp_per_floor":[70,75,75,75,75,75,75,75,75,44,44,33,33,33,33,23,75,65,65,49,49,43,43,28,28,28,18,40,32,28,28,52,11,82,76,66,49,49,39,39,0],"gold":22,"neow_bonus":"THREE_ENEMY_KILL","is_prod":false,"is_daily":false,"chose_seed":false,"campfire_upgraded":6,"win_rate":0,"timestamp":1561906922,"path_taken":["M","?","?","$","M","R","E","?","T","?","R","E","M","?","R","BOSS","M","$","?","?","M","R","E","R","T","M","R","E","M","M","R","BOSS","M","?","?","$","?","R","E"],"build_version":"2019-01-23","purchased_purges":1,"victory":false,"max_hp_per_floor":[70,75,75,75,75,75,75,75,75,75,75,75,75,75,75,75,75,75,75,75,75,75,75,75,75,75,75,75,82,82,82,82,82,82,82,82,82,82,82,82,82],"card_choices":[{"not_picked":["Eviscerate","Bane","Underhanded Strike"],"picked":"SKIP","floor":1},{"not_picked":["Calculated Gamble","Sucker Punch"],"picked":"Backflip","floor":5},{"not_picked":["Prepared","Calculated Gamble"],"picked":"Backflip","floor":7},{"not_picked":["Slice","Underhanded Strike"],"picked":"Poisoned Stab","floor":10},{"not_picked":["Acrobatics","Leg Sweep"],"picked":"Well Laid Plans","floor":12},{"not_picked":["Dagger Spray","Backstab"],"picked":"Dash","floor":13},{"not_picked":["Glass Knife","Night Terror"],"picked":"Burst","floor":16},{"not_picked":["Catalyst","Crippling Poison"],"picked":"Flying Knee+1","floor":18},{"not_picked":["Dagger Spray","Catalyst"],"picked":"Flying Knee","floor":22},{"not_picked":["Flying Knee","Bouncing Flask"],"picked":"Dodge and Roll+1","floor":24},{"not_picked":["Accuracy","Bane","Riddle With Holes+1"],"picked":"SKIP","floor":27},{"not_picked":["Choke+1","Predator"],"picked":"Bullet Time","floor":28},{"not_picked":["Riddle With Holes","Tactician"],"picked":"Poisoned Stab+1","floor":29},{"not_picked":["Dodge and Roll","Outmaneuver"],"picked":"PiercingWail","floor":30},{"not_picked":["Outmaneuver+1","Poisoned Stab","Prepared"],"picked":"SKIP","floor":31},{"not_picked":["Prepared","Dagger Spray"],"picked":"Escape Plan","floor":32},{"not_picked":["Dodge and Roll+1","Poisoned Stab+1"],"picked":"Outmaneuver","floor":35},{"not_picked":["Swift Strike","Bandage Up"],"picked":"Enlightenment","floor":36},{"not_picked":["Finesse","Panacea"],"picked":"Madness","floor":36},{"not_picked":["Panacea","Flash of Steel"],"picked":"Dark Shackles","floor":36},{"not_picked":["Slice","Well Laid Plans+1"],"picked":"Dodge and Roll+1","floor":37}],"player_experience":47845,"relics_obtained":[{"floor":7,"key":"Dead Branch"},{"floor":10,"key":"Juzu Bracelet"},{"floor":12,"key":"Art of War"},{"floor":20,"key":"Nilry\u0027s Codex"},{"floor":24,"key":"Dream Catcher"},{"floor":26,"key":"Orichalcum"},{"floor":29,"key":"Strawberry"},{"floor":37,"key":"WingedGreaves"}],"event_choices":[{"damage_healed":0,"gold_gain":0,"player_choice":"Donut","damage_taken":0,"max_hp_gain":5,"max_hp_loss":0,"event_name":"Big Fish","floor":2,"gold_loss":0},{"damage_healed":0,"gold_gain":0,"player_choice":"Ignored","damage_taken":0,"max_hp_gain":0,"max_hp_loss":0,"event_name":"Liars Game","floor":3,"gold_loss":0},{"cards_removed":["Strike_G"],"damage_healed":0,"gold_gain":0,"player_choice":"Forget","damage_taken":0,"max_hp_gain":0,"max_hp_loss":0,"event_name":"Living Wall","floor":8,"gold_loss":0},{"damage_healed":0,"gold_gain":30,"player_choice":"Searched \u00272\u0027 times","damage_taken":0,"max_hp_gain":0,"max_hp_loss":0,"event_name":"Dead Adventurer","floor":10,"gold_loss":0},{"damage_healed":0,"gold_gain":0,"player_choice":"Take Wound","damage_taken":0,"relics_obtained":["Golden Idol"],"max_hp_gain":0,"max_hp_loss":0,"event_name":"Golden Idol","floor":14,"gold_loss":0,"cards_obtained":["Injury"]},{"damage_healed":0,"gold_gain":0,"player_choice":"Obtained Book","damage_taken":16,"max_hp_gain":0,"max_hp_loss":0,"event_name":"Cursed Tome","floor":20,"gold_loss":0},{"damage_healed":0,"gold_gain":0,"player_choice":"Inject Mutagens","damage_taken":0,"relics_obtained":["MutagenicStrength"],"max_hp_gain":0,"max_hp_loss":0,"event_name":"Drug Dealer","floor":21,"gold_loss":0},{"damage_healed":0,"gold_gain":0,"player_choice":"Memory 3","damage_taken":10,"max_hp_gain":0,"max_hp_loss":0,"event_name":"SensoryStone","floor":36,"gold_loss":0},{"damage_healed":0,"gold_gain":0,"player_choice":"Fight","damage_taken":0,"max_hp_gain":0,"max_hp_loss":0,"event_name":"Mysterious Sphere","floor":37,"gold_loss":0},{"damage_healed":0,"gold_gain":0,"player_choice":"Embrace Madness","damage_taken":10,"max_hp_gain":0,"max_hp_loss":0,"event_name":"Winding Halls","floor":39,"gold_loss":0,"cards_obtained":["Madness","Madness"]}],"is_beta":false,"boss_relics":[{"not_picked":["White Beast Statue","Eternal Feather"],"picked":"Astrolabe"},{"not_picked":["Black Star","Sozu"],"picked":"Pandora\u0027s Box"}],"items_purged_floors":[19],"is_endless":false,"potions_floor_spawned":[1,5,12,24,30,31,33,35],"killed_by":"Reptomancer","ascension_level":0}