{"gold_per_floor":[116,136,86,105,121,121,149,165,246,258,287,299,299,299,299,401,401,420,520,211,221,235,235,249,278,278,294,294,311,311,311,311,416,416,432,450,0,100,100,100,114,126,152,152,162,162,162,162,162,162],"floor_reached":51,"playtime":3465,"items_purged":["Defend_B"],"score":656,"play_id":"54990fbb-7301-40bf-aac6-c7bc630a3681","local_time":"20190701204335","is_ascension_mode":false,"campfire_choices":[{"data":"Lockon","floor":6,"key":"SMITH"},{"data":"1","floor":13,"key":"LIFT"},{"data":"Streamline","floor":15,"key":"SMITH"},{"floor":23,"key":"REST"},{"floor":28,"key":"REST"},{"data":"Fission","floor":30,"key":"SMITH"},{"data":"Hologram","floor":32,"key":"SMITH"},{"data":"Apotheosis","floor":40,"key":"SMITH"},{"floor":44,"key":"REST"},{"data":"Leap","floor":46,"key":"SMITH"},{"floor":49,"key":"REST"}],"neow_cost":"NONE","seed_source_timestamp":759331201056771,"circlet_count":0,"master_deck":["Defend_B","Defend_B","Zap","Dualcast","Hologram+1","Go for the Eyes","Lockon+1","Cold Snap","Streamline+1","Skim","Streamline+1","Fission+1","Conserve Battery+1","Tempest+1","Multi-Cast+1","Sweeping Beam","Defragment+1","Sunder+1","Coolheaded","Chill+1","Turbo","Undo","Hologram+1","Undo+1","Electrodynamics","Leap+1","Auto Shields+1","Apotheosis+1","Rebound+1","Parasite","Aggregate+1","Skim+1"],"relics":["Cracked Core","Unceasing Top","Meat on the Bone","Girya","Astrolabe","Whetstone","Lantern","Pocketwatch","Nuclear Battery","Medical Kit","Gambling Chip","Pen Nib"],"potions_floor_usage":[1,7,7,10,10,16,22,22,24,29,33,35,36,41,42,42,50,50],"damage_taken":[{"damage":0,"enemies":"Small Slimes","floor":1,"turns":3},{"damage":1,"enemies":"2 Louse","floor":2,"turns":3},{"damage":1,"enemies":"Cultist","floor":4,"turns":3},{"damage":2,"enemies":"Blue Slaver","floor":5,"turns":4},{"damage":20,"enemies":"Lagavulin","floor":7,"turns":7},{"damage":5,"enemies":"Lots of Slimes","floor":8,"turns":4},{"damage":0,"enemies":"3 Louse","floor":10,"turns":2},{"damage":12,"enemies":"Gremlin Nob","floor":11,"turns":4},{"damage":2,"enemies":"2 Fungi Beasts","floor":12,"turns":3},{"damage":21,"enemies":"Slime Boss","floor":16,"turns":8},{"damage":23,"enemies":"Spheric Guardian","floor":18,"turns":4},{"damage":12,"enemies":"Shell Parasite","floor":21,"turns":6},{"damage":16,"enemies":"Snake Plant","floor":22,"turns":2},{"damage":1,"enemies":"Snecko","floor":24,"turns":5},{"damage":42,"enemies":"Gremlin Leader","floor":25,"turns":6},{"damage":6,"enemies":"Cultist and Chosen","floor":27,"turns":5},{"damage":11,"enemies":"Snake Plant","floor":29,"turns":2},{"damage":33,"enemies":"Automaton","floor":33,"turns":9},{"damage":7,"enemies":"3 Shapes","floor":35,"turns":4},{"damage":13,"enemies":"Orb Walker","floor":36,"turns":2},{"damage":0,"enemies":"Mind Bloom Boss Battle","floor":38,"turns":5},{"damage":0,"enemies":"Writhing Mass","floor":41,"turns":9},{"damage":39,"enemies":"Transient","floor":42,"turns":5},{"damage":6,"enemies":"Spire Growth","floor":45,"turns":6},{"damage":56,"enemies":"Time Eater","floor":50,"turns":16}],"seed_played":"-3412339000199808775","potions_obtained":[{"floor":0,"key":"GamblersBrew"},{"floor":0,"key":"Fruit Juice"},{"floor":0,"key":"Regen Potion"},{"floor":7,"key":"Swift Potion"},{"floor":8,"key":"Energy Potion"},{"floor":12,"key":"Dexterity Potion"},{"floor":16,"key":"FocusPotion"},{"floor":21,"key":"SneckoOil"},{"floor":22,"key":"GamblersBrew"},{"floor":25,"key":"SpeedPotion"},{"floor":29,"key":"PowerPotion"},{"floor":33,"key":"Fruit Juice"},{"floor":35,"key":"Regen Potion"},{"floor":39,"key":"PowerPotion"},{"floor":39,"key":"Explosive Potion"},{"floor":39,"key":"Energy Potion"},{"floor":42,"key":"Explosive Potion"},{"floor":45,"key":"FearPotion"}],"is_trial":false,"path_per_floor":["M","M","?","M","M","R","E","M","T","M","E","M","R","?","R","B",null,"M","?","$","M","M","R","M","E","T","M","R","M","R","?","R","B",null,"M","M","$","?","?","R","M","M","T","R","M","R","?","?","R","B",null],"character_chosen":"DEFECT","items_purchased":["Defragment","Sunder","Whetstone","Coolheaded","Medical Kit","Apotheosis"],"campfire_rested":4,"item_purchase_floors":[20,20,20,20,37,37],"current_hp_per_floor":[80,79,79,78,76,76,70,65,65,65,53,51,51,51,51,42,80,57,57,57,45,41,65,64,34,34,40,64,53,53,53,53,32,80,78,70,70,70,70,70,70,43,43,68,62,62,62,62,85,41],"gold":162,"neow_bonus":"THREE_SMALL_POTIONS","is_prod":false,"is_daily":false,"chose_seed":false,"campfire_upgraded":6,"win_rate":0,"timestamp":1562039015,"path_taken":["M","M","?","M","M","R","E","M","T","M","E","M","R","?","R","BOSS","M","?","$","M","?","R","M","E","T","M","R","M","R","?","R","BOSS","M","?","?","?","?","R","?","M","T","R","M","R","?","?","R","BOSS"],"build_version":"2019-07-01","purchased_purges":1,"victory":true,"max_hp_per_floor":[80,80,80,80,80,80,80,80,80,80,80,80,80,80,80,80,80,80,80,80,80,80,80,80,80,80,80,80,80,80,80,80,80,80,85,85,85,85,85,85,85,85,85,85,85,85,85,85,85,85],"card_choices":[{"not_picked":["Redo","Rainbow"],"picked":"Hologram","floor":1},{"not_picked":["Steam","Fusion"],"picked":"Go for the Eyes","floor":2},{"not_picked":["Aggregate","Reinforced Body"],"picked":"Lockon","floor":4},{"not_picked":["Compile Driver","Conserve Battery"],"picked":"Cold Snap","floor":5},{"not_picked":["Seek","Steam"],"picked":"Streamline","floor":7},{"not_picked":["Genetic Algorithm","Gash"],"picked":"Skim","floor":8},{"not_picked":["Go for the Eyes","Gash","Heatsinks"],"picked":"SKIP","floor":10},{"not_picked":["Hologram","Rainbow"],"picked":"Streamline","floor":11},{"not_picked":["Redo","Streamline","Compile Driver"],"picked":"SKIP","floor":12},{"not_picked":["Rainbow","Amplify"],"picked":"Fission","floor":16},{"not_picked":["Capacitor","Double Energy"],"picked":"Sweeping Beam","floor":18},{"not_picked":["Leap","Conserve Battery"],"picked":"Chill+1","floor":21},{"not_picked":["Beam Cell","Redo+1"],"picked":"Turbo","floor":22},{"not_picked":["Rebound","Conserve Battery+1"],"picked":"Undo","floor":24},{"not_picked":["Heatsinks+1","Redo","Compile Driver"],"picked":"SKIP","floor":25},{"not_picked":["Consume+1","Stack"],"picked":"Hologram+1","floor":27},{"not_picked":["Hologram+1","Rip and Tear"],"picked":"Undo+1","floor":29},{"not_picked":["Buffer","Meteor Strike"],"picked":"Electrodynamics","floor":33},{"not_picked":["Genetic Algorithm","Hologram"],"picked":"Leap","floor":35},{"not_picked":["Beam Cell","Sweeping Beam"],"picked":"Auto Shields+1","floor":36},{"not_picked":["Skim","Streamline"],"picked":"Rebound+1","floor":38},{"not_picked":["Conserve Battery+1","Redo","Undo"],"picked":"SKIP","floor":41},{"not_picked":["Beam Cell+1","Stack+1"],"picked":"Aggregate+1","floor":42},{"not_picked":["Lockon+1","Darkness"],"picked":"Skim+1","floor":45}],"player_experience":585701,"relics_obtained":[{"floor":7,"key":"Unceasing Top"},{"floor":9,"key":"Meat on the Bone"},{"floor":11,"key":"Girya"},{"floor":25,"key":"Lantern"},{"floor":26,"key":"Pocketwatch"},{"floor":38,"key":"Gambling Chip"},{"floor":43,"key":"Pen Nib"}],"event_choices":[{"cards_removed":["Defend_B"],"damage_healed":0,"gold_gain":0,"player_choice":"Card Removal","damage_taken":0,"max_hp_gain":0,"max_hp_loss":0,"event_name":"The Cleric","floor":3,"gold_loss":50},{"damage_healed":0,"gold_gain":0,"player_choice":"Ignored","damage_taken":0,"max_hp_gain":0,"max_hp_loss":0,"event_name":"Golden Idol","floor":14,"gold_loss":0},{"damage_healed":0,"gold_gain":100,"player_choice":"Pray","damage_taken":0,"max_hp_gain":0,"max_hp_loss":0,"event_name":"Golden Shrine","floor":19,"gold_loss":0},{"damage_healed":0,"gold_gain":0,"player_choice":"Upgraded","damage_taken":0,"max_hp_gain":0,"max_hp_loss":0,"event_name":"Upgrade Shrine","floor":31,"gold_loss":0,"cards_upgraded":["Defragment"]},{"damage_healed":0,"gold_gain":0,"player_choice":"Fight","damage_taken":0,"max_hp_gain":0,"max_hp_loss":0,"event_name":"MindBloom","floor":38,"gold_loss":0},{"damage_healed":0,"gold_gain":0,"player_choice":"Got Potions","damage_taken":0,"max_hp_gain":0,"max_hp_loss":0,"event_name":"Lab","floor":39,"gold_loss":0},{"damage_healed":0,"gold_gain":0,"player_choice":"Ignored","damage_taken":0,"max_hp_gain":0,"max_hp_loss":0,"event_name":"Mysterious Sphere","floor":47,"gold_loss":0},{"cards_removed":["Strike_B"],"damage_healed":0,"gold_gain":0,"player_choice":"Purged","damage_taken":0,"max_hp_gain":0,"max_hp_loss":0,"event_name":"Purifier","floor":48,"gold_loss":0}],"is_beta":false,"boss_relics":[{"not_picked":["Pandora\u0027s Box","Runic Dome"],"picked":"Astrolabe"},{"not_picked":["Calling Bell","Orrery"],"picked":"Nuclear Battery"}],"items_purged_floors":[37],"is_endless":false,"potions_floor_spawned":[7,8,12,16,21,22,25,29,33,35,42,45],"ascension_level":0}