{"gold_per_floor":[110,110,35,46,11,45,60,60,60,60,60,86,98,109,109,109],"floor_reached":16,"playtime":672,"items_purged":["Pain"],"score":195,"play_id":"b23b9e51-c012-4cf7-87f1-f0d3859efdda","local_time":"20190526201021","is_ascension_mode":true,"campfire_choices":[{"floor":10,"key":"REST"},{"floor":15,"key":"REST"}],"neow_cost":"CURSE","seed_source_timestamp":788138113460874,"circlet_count":0,"master_deck":["AscendersBane","Defend_G","Defend_G","Defend_G","Defend_G","Defend_G","Strike_G","Strike_G","Strike_G","Strike_G","Strike_G","Survivor","Neutralize","Adrenaline","Leg Sweep","Pain","Flying Knee","Flechettes"],"relics":["Ring of the Snake","WarpedTongs","Bottled Flame","Bronze Scales","Blood Vial"],"potions_floor_usage":[6,16,16],"damage_taken":[{"damage":6,"enemies":"Jaw Worm","floor":1,"turns":6},{"damage":7,"enemies":"Cultist","floor":4,"turns":5},{"damage":59,"enemies":"Lagavulin","floor":6,"turns":15},{"damage":0,"enemies":"2 Louse","floor":7,"turns":2},{"damage":12,"enemies":"Exordium Thugs","floor":13,"turns":7},{"damage":10,"enemies":"Large Slime","floor":14,"turns":7},{"damage":35,"enemies":"Hexaghost","floor":16,"turns":9}],"seed_played":"194962806646900765","potions_obtained":[{"floor":4,"key":"SkillPotion"},{"floor":13,"key":"LiquidBronze"},{"floor":14,"key":"SteroidPotion"}],"is_trial":false,"path_per_floor":["M","?","$","M","?","E","M","$","T","R","?","T","M","M","R","B"],"character_chosen":"THE_SILENT","items_purchased":[],"campfire_rested":2,"item_purchase_floors":[],"current_hp_per_floor":[53,53,53,46,62,3,3,3,3,22,27,27,17,9,30,0],"gold":109,"neow_bonus":"THREE_RARE_CARDS","is_prod":false,"is_daily":false,"chose_seed":false,"campfire_upgraded":0,"win_rate":0,"timestamp":1558915821,"path_taken":["M","?","$","?","?","E","M","?","T","R","?","?","M","M","R","BOSS"],"build_version":"2019-01-23","purchased_purges":1,"victory":false,"max_hp_per_floor":[66,66,66,66,66,66,66,66,66,66,71,71,71,71,71,71],"card_choices":[{"not_picked":["Malaise","Envenom"],"picked":"Adrenaline","floor":0},{"not_picked":["Backflip","Outmaneuver"],"picked":"Leg Sweep","floor":1},{"not_picked":["Prepared","Backflip"],"picked":"Flying Knee","floor":4},{"not_picked":["Slice","Phantasmal Killer"],"picked":"Flechettes","floor":6},{"not_picked":["Sucker Punch","Cloak And Dagger","Flechettes"],"picked":"SKIP","floor":7},{"not_picked":["Setup","Dodge and Roll","Acrobatics"],"picked":"SKIP","floor":13},{"not_picked":["Bane","Infinite Blades","Underhanded Strike"],"picked":"SKIP","floor":14}],"player_experience":771243,"relics_obtained":[{"floor":6,"key":"Bottled Flame"},{"floor":9,"key":"Bronze Scales"},{"floor":12,"key":"Blood Vial"}],"event_choices":[{"damage_healed":0,"gold_gain":0,"player_choice":"Rummage","damage_taken":0,"relics_obtained":["WarpedTongs"],"max_hp_gain":0,"max_hp_loss":0,"event_name":"Accursed Blacksmith","floor":2,"gold_loss":0,"cards_obtained":["Pain"]},{"damage_healed":16,"gold_gain":0,"player_choice":"Healed","damage_taken":0,"max_hp_gain":0,"max_hp_loss":0,"event_name":"The Cleric","floor":5,"gold_loss":35},{"damage_healed":0,"gold_gain":0,"player_choice":"Donut","damage_taken":0,"max_hp_gain":5,"max_hp_loss":0,"event_name":"Big Fish","floor":11,"gold_loss":0}],"is_beta":false,"boss_relics":[],"items_purged_floors":[3],"is_endless":false,"potions_floor_spawned":[4,13,14],"killed_by":"Hexaghost","ascension_level":19}