{"gold_per_floor":[116,132,144,154,154,154,185,29,52,83,99,99,99,132,132,231,231,231,231,29,0,0,0,0,0,0,0,0,0,0,0,0,0,0,0,0,0],"floor_reached":37,"playtime":1904,"items_purged":["Strike_R"],"score":512,"play_id":"66d44848-1d24-40cd-a3d1-0e9586728895","local_time":"20190629221350","is_ascension_mode":true,"campfire_choices":[{"floor":6,"key":"REST"},{"floor":12,"key":"REST"},{"data":"True Grit","floor":15,"key":"SMITH"},{"data":"Body Slam","floor":23,"key":"SMITH"},{"floor":27,"key":"REST"},{"data":"Brutality","floor":32,"key":"SMITH"}],"neow_cost":"NONE","seed_source_timestamp":593508132534853,"circlet_count":0,"master_deck":["Strike_R+1","Strike_R+1","Strike_R+1","Strike_R+1","Defend_R+1","Defend_R+1","Defend_R+1","Defend_R+1","Bash+1","Evolve","Shrug It Off","Iron Wave","Anger","Iron Wave","Whirlwind","Headbutt","True Grit+1","Brutality+1","Armaments+1","Body Slam+1","Pommel Strike+1","Pommel Strike+1","Dark Embrace"],"relics":["Burning Blood","Bronze Scales","Boot","Pen Nib","Juzu Bracelet","Ectoplasm","Brimstone","Thread and Needle","Happy Flower","Singing Bowl","Philosopher\u0027s Stone"],"potions_floor_usage":[4,7,14,14,18,22,22,25,33,37],"damage_taken":[{"damage":15,"enemies":"Small Slimes","floor":1,"turns":5},{"damage":11,"enemies":"Cultist","floor":2,"turns":4},{"damage":5,"enemies":"Jaw Worm","floor":3,"turns":4},{"damage":32,"enemies":"Exordium Thugs","floor":4,"turns":6},{"damage":10,"enemies":"Gremlin Nob","floor":7,"turns":3},{"damage":30,"enemies":"Lagavulin","floor":10,"turns":8},{"damage":1,"enemies":"Red Slaver","floor":11,"turns":3},{"damage":2,"enemies":"3 Sentries","floor":14,"turns":6},{"damage":68,"enemies":"Hexaghost","floor":16,"turns":10},{"damage":0,"enemies":"3 Byrds","floor":18,"turns":3},{"damage":4,"enemies":"Chosen","floor":19,"turns":5},{"damage":8,"enemies":"Snake Plant","floor":22,"turns":2},{"damage":30,"enemies":"Gremlin Leader","floor":25,"turns":5},{"damage":18,"enemies":"Book of Stabbing","floor":28,"turns":4},{"damage":15,"enemies":"Centurion and Healer","floor":29,"turns":5},{"damage":0,"enemies":"Cultist and Chosen","floor":31,"turns":3},{"damage":68,"enemies":"Automaton","floor":33,"turns":7},{"damage":1,"enemies":"Orb Walker","floor":35,"turns":2},{"damage":110,"enemies":"Time Eater","floor":37,"turns":6}],"seed_played":"1397181533071444238","potions_obtained":[{"floor":3,"key":"Block Potion"},{"floor":4,"key":"Fire Potion"},{"floor":10,"key":"Explosive Potion"},{"floor":13,"key":"SpeedPotion"},{"floor":13,"key":"FearPotion"},{"floor":16,"key":"Fire Potion"},{"floor":19,"key":"AttackPotion"},{"floor":22,"key":"Strength Potion"},{"floor":31,"key":"Fire Potion"},{"floor":33,"key":"Ancient Potion"}],"is_trial":false,"path_per_floor":["M","M","M","M","?","R","E","$","T","E","M","R","?","E","R","B",null,"M","M","$","?","M","R","?","E","T","R","E","M","?","M","R","B",null,"M","?","B"],"character_chosen":"IRONCLAD","items_purchased":["Whirlwind","Brimstone"],"campfire_rested":3,"item_purchase_floors":[8,20],"current_hp_per_floor":[79,74,75,49,49,75,71,71,71,47,52,78,78,82,82,20,88,88,88,88,88,86,86,86,62,62,88,78,69,69,77,77,15,92,94,94,0],"gold":0,"neow_bonus":"TEN_PERCENT_HP_BONUS","is_prod":false,"is_daily":false,"chose_seed":false,"campfire_upgraded":3,"win_rate":0,"timestamp":1561871630,"path_taken":["M","M","M","M","?","R","E","?","T","E","?","R","?","E","R","BOSS","M","M","$","?","M","R","?","E","T","R","E","M","?","M","R","BOSS","M","?","BOSS"],"build_version":"2019-01-23","purchased_purges":1,"victory":false,"max_hp_per_floor":[88,88,88,88,88,88,88,88,88,88,88,88,88,88,88,88,88,88,88,88,88,88,88,88,88,88,88,90,90,90,92,92,92,92,94,94,94],"card_choices":[{"not_picked":["Heavy Blade","Second Wind"],"picked":"Evolve","floor":1},{"not_picked":["Body Slam","Metallicize"],"picked":"Shrug It Off","floor":2},{"not_picked":["Evolve","Sever Soul"],"picked":"Iron Wave","floor":3},{"not_picked":["Dropkick","Rage"],"picked":"Anger","floor":4},{"not_picked":["Armaments","Feel No Pain"],"picked":"Iron Wave","floor":7},{"not_picked":["Anger","Perfected Strike"],"picked":"Headbutt","floor":10},{"not_picked":["Twin Strike","Evolve"],"picked":"True Grit","floor":11},{"not_picked":["Bloodletting","Body Slam","Twin Strike"],"picked":"SKIP","floor":14},{"not_picked":["Offering","Barricade"],"picked":"Brutality","floor":16},{"not_picked":["Perfected Strike","Twin Strike"],"picked":"Armaments+1","floor":18},{"not_picked":["Clash","Cleave"],"picked":"Body Slam","floor":19},{"not_picked":["Cleave","Blood for Blood+1","Corruption+1"],"picked":"SKIP","floor":22},{"not_picked":["Sever Soul","Anger+1"],"picked":"Pommel Strike+1","floor":25},{"not_picked":["Armaments","Clash","Blood for Blood"],"picked":"Singing Bowl","floor":28},{"not_picked":["Clothesline","True Grit"],"picked":"Pommel Strike+1","floor":29},{"not_picked":["Armaments","Shockwave","Body Slam+1"],"picked":"Singing Bowl","floor":31},{"not_picked":["Brutality","Exhume"],"picked":"Dark Embrace","floor":33},{"not_picked":["Cleave","Wild Strike","Perfected Strike"],"picked":"Singing Bowl","floor":35}],"player_experience":535506,"relics_obtained":[{"floor":7,"key":"Bronze Scales"},{"floor":9,"key":"Boot"},{"floor":10,"key":"Pen Nib"},{"floor":14,"key":"Juzu Bracelet"},{"floor":25,"key":"Thread and Needle"},{"floor":26,"key":"Happy Flower"},{"floor":28,"key":"Singing Bowl"}],"event_choices":[{"damage_healed":0,"gold_gain":0,"player_choice":"Forge","damage_taken":0,"max_hp_gain":0,"max_hp_loss":0,"event_name":"Accursed Blacksmith","floor":5,"gold_loss":0,"cards_upgraded":["Bash"]},{"damage_healed":0,"gold_gain":0,"player_choice":"Got Potions","damage_taken":0,"max_hp_gain":0,"max_hp_loss":0,"event_name":"Lab","floor":13,"gold_loss":0},{"damage_healed":0,"gold_gain":0,"player_choice":"Paid Fearfully","damage_taken":0,"max_hp_gain":0,"max_hp_loss":0,"event_name":"Masked Bandits","floor":21,"gold_loss":29},{"damage_healed":0,"gold_gain":0,"player_choice":"Simplicity","damage_taken":0,"max_hp_gain":0,"max_hp_loss":0,"event_name":"Back to Basics","floor":24,"gold_loss":0,"cards_upgraded":["Strike_R","Strike_R","Strike_R","Strike_R","Defend_R","Defend_R","Defend_R","Defend_R"]},{"damage_healed":0,"gold_gain":0,"player_choice":"Leave","damage_taken":0,"max_hp_gain":0,"max_hp_loss":0,"event_name":"FaceTrader","floor":30,"gold_loss":0},{"damage_healed":0,"gold_gain":0,"player_choice":"Took Portal","damage_taken":0,"max_hp_gain":0,"max_hp_loss":0,"event_name":"SecretPortal","floor":36,"gold_loss":0}],"is_beta":false,"boss_relics":[{"not_picked":["Coffee Dripper","Pandora\u0027s Box"],"picked":"Ectoplasm"},{"not_picked":["Calling Bell","Black Blood"],"picked":"Philosopher\u0027s Stone"}],"items_purged_floors":[8],"is_endless":false,"potions_floor_spawned":[3,4,10,16,19,22,31,33],"killed_by":"Time Eater","ascension_level":4}