{"gold_per_floor":[112,132,152,163,7,34,34,52,76,89,89,89,89,89],"floor_reached":14,"playtime":1647,"items_purged":[],"score":92,"play_id":"20f0f5b3-0035-49c9-87c9-45d0282fb591","local_time":"20190128144244","is_ascension_mode":false,"campfire_choices":[{"floor":7,"key":"REST"},{"floor":12,"key":"REST"}],"neow_cost":"NONE","seed_source_timestamp":877411003357581,"circlet_count":0,"master_deck":["Strike_R","Strike_R","Strike_R","Strike_R","Strike_R+1","Defend_R","Defend_R","Defend_R+1","Defend_R","Bash","Dropkick","Thunderclap","Thunderclap","Burning Pact","Juggernaut","Shrug It Off","Dual Wield","Armaments"],"relics":["Burning Blood","Regal Pillow","Pen Nib","Blood Vial"],"potions_floor_usage":[],"damage_taken":[{"damage":22,"enemies":"Jaw Worm","floor":1,"turns":5},{"damage":5,"enemies":"Cultist","floor":2,"turns":4},{"damage":0,"enemies":"2 Louse","floor":3,"turns":2},{"damage":16,"enemies":"Exordium Wildlife","floor":4,"turns":6},{"damage":38,"enemies":"3 Sentries","floor":6,"turns":8},{"damage":4,"enemies":"Looter","floor":8,"turns":5},{"damage":59,"enemies":"Gremlin Gang","floor":10,"turns":6},{"damage":3,"enemies":"Large Slime","floor":14,"turns":2}],"seed_played":"7815466682409524444","potions_obtained":[{"floor":1,"key":"GamblersBrew"},{"floor":2,"key":"Explosive Potion"},{"floor":3,"key":"Block Potion"}],"is_trial":false,"path_per_floor":["M","M","M","M","$","E","R","M","T","M","?","R","$","M"],"character_chosen":"IRONCLAD","items_purchased":["Juggernaut"],"campfire_rested":2,"item_purchase_floors":[5],"current_hp_per_floor":[64,65,71,61,61,29,68,70,70,19,3,42,42,41],"gold":89,"neow_bonus":"RANDOM_COMMON_RELIC","is_prod":false,"is_daily":false,"chose_seed":false,"campfire_upgraded":0,"win_rate":0.0,"timestamp":1548704564,"path_taken":["M","M","M","M","$","E","R","M","T","M","?","R","$","M"],"build_version":"2019-01-23","purchased_purges":0,"victory":false,"max_hp_per_floor":[80,80,80,80,80,80,80,80,80,80,80,80,80,80],"card_choices":[{"not_picked":["Infernal Blade","Reckless Charge"],"picked":"Dropkick","floor":1},{"not_picked":["Fire Breathing","Anger"],"picked":"Thunderclap","floor":2},{"not_picked":["Sword Boomerang","Clothesline"],"picked":"Thunderclap","floor":3},{"not_picked":["Headbutt","Havoc"],"picked":"Burning Pact","floor":4},{"not_picked":["Wild Strike","Dual Wield"],"picked":"Shrug It Off","floor":6},{"not_picked":["Flex","Sword Boomerang"],"picked":"Dual Wield","floor":8},{"not_picked":["Flame Barrier","True Grit"],"picked":"Armaments","floor":10}],"player_experience":45877,"relics_obtained":[{"floor":6,"key":"Pen Nib"},{"floor":9,"key":"Blood Vial"}],"event_choices":[{"damage_healed":0,"gold_gain":0,"player_choice":"Entered Light","damage_taken":16,"max_hp_gain":0,"max_hp_loss":0,"event_name":"Shining Light","floor":11,"gold_loss":0,"cards_upgraded":["Defend_R","Strike_R"]}],"is_beta":false,"boss_relics":[],"items_purged_floors":[],"is_endless":false,"potions_floor_spawned":[1,2,3],"killed_by":"Large Slime","ascension_level":0}