{"gold_per_floor":[119,119,136,136,146,176,192,211,211,241,259,259,35,55,55,151,151,165,178,178,197,25,54,54,79,102,117,127,2,17,37,37,37],"floor_reached":33,"playtime":1851,"items_purged":["Shame","Strike_G","Strike_G"],"score":389,"play_id":"2b927175-4246-4750-b47b-b813aa34b8ab","local_time":"20190206091722","is_ascension_mode":true,"campfire_choices":[{"floor":15,"key":"REST"},{"floor":24,"key":"REST"},{"floor":32,"key":"REST"}],"neow_cost":"CURSE","seed_source_timestamp":519227359588875,"circlet_count":0,"master_deck":["Defend_G","Defend_G","Defend_G","Defend_G","Strike_G","Strike_G+1","Survivor","Neutralize","Crippling Poison","Sucker Punch+1","Crippling Poison","Flash of Steel","All Out Attack","Backflip","Terror","Backstab","Caltrops","Backstab","Footwork","Dash","Dagger Throw","Deadly Poison+1","Backstab","Deadly Poison+1","Blur","All Out Attack+1","PiercingWail+1"],"relics":["Ring of the Snake","Dead Branch","Whetstone","Ancient Tea Set","Potion Belt","Letter Opener","Bronze Scales","Empty Cage","Dream Catcher","PreservedInsect","Strawberry"],"potions_floor_usage":[7,10,10,10,31,33,33,33],"damage_taken":[{"damage":1,"enemies":"Jaw Worm","floor":1,"turns":5},{"damage":0,"enemies":"2 Louse","floor":3,"turns":3},{"damage":0,"enemies":"Cultist","floor":5,"turns":3},{"damage":33,"enemies":"Gremlin Nob","floor":6,"turns":5},{"damage":4,"enemies":"Large Slime","floor":7,"turns":6},{"damage":0,"enemies":"Lots of Slimes","floor":8,"turns":1},{"damage":2,"enemies":"3 Sentries","floor":10,"turns":4},{"damage":0,"enemies":"Exordium Wildlife","floor":11,"turns":2},{"damage":7,"enemies":"Large Slime","floor":14,"turns":4},{"damage":14,"enemies":"Hexaghost","floor":16,"turns":9},{"damage":10,"enemies":"Chosen","floor":18,"turns":4},{"damage":16,"enemies":"Shell Parasite","floor":19,"turns":5},{"damage":24,"enemies":"Snake Plant","floor":21,"turns":4},{"damage":29,"enemies":"Slavers","floor":23,"turns":4},{"damage":19,"enemies":"Gremlin Leader","floor":25,"turns":4},{"damage":4,"enemies":"Centurion and Healer","floor":27,"turns":4},{"damage":19,"enemies":"3 Cultists","floor":28,"turns":5},{"damage":4,"enemies":"Snake Plant","floor":30,"turns":3},{"damage":10,"enemies":"Shelled Parasite and Fungi","floor":31,"turns":5},{"damage":63,"enemies":"Collector","floor":33,"turns":6}],"seed_played":"2092275752376939612","potions_obtained":[{"floor":1,"key":"Strength Potion"},{"floor":5,"key":"Strength Potion"},{"floor":6,"key":"Fire Potion"},{"floor":8,"key":"Fire Potion"},{"floor":10,"key":"Weak Potion"},{"floor":16,"key":"LiquidBronze"},{"floor":25,"key":"Block Potion"},{"floor":27,"key":"Regen Potion"},{"floor":28,"key":"Ancient Potion"}],"is_trial":false,"path_per_floor":["M","?","M","?","M","E","M","M","T","E","M","?","$","M","R","B",null,"M","M","?","M","$","E","R","E","T","M","M","$","M","M","R","B"],"character_chosen":"THE_SILENT","items_purchased":["Bronze Scales","Backstab"],"campfire_rested":3,"item_purchase_floors":[13,22],"current_hp_per_floor":[69,69,69,69,69,36,32,32,32,30,30,18,18,11,32,18,70,60,44,80,56,56,27,51,32,39,35,16,16,12,2,28,0],"gold":37,"neow_bonus":"ONE_RARE_RELIC","is_prod":false,"is_daily":false,"chose_seed":false,"campfire_upgraded":0,"win_rate":0,"timestamp":1549462642,"path_taken":["M","?","M","?","?","E","M","M","T","E","M","?","$","M","R","BOSS","M","M","?","M","$","E","R","E","T","M","?","$","M","M","R","BOSS"],"build_version":"2019-01-23","purchased_purges":3,"victory":false,"max_hp_per_floor":[70,70,70,70,70,70,70,70,70,70,70,70,70,70,70,70,70,70,70,80,80,80,80,80,80,87,87,87,87,87,87,87,87],"card_choices":[{"not_picked":["Bane","Quick Slash"],"picked":"Crippling Poison","floor":1},{"not_picked":["Expertise","Crippling Poison"],"picked":"Sucker Punch","floor":3},{"not_picked":["Acrobatics","Riddle With Holes"],"picked":"All Out Attack","floor":5},{"not_picked":["Quick Slash","Tactician"],"picked":"Backflip","floor":6},{"not_picked":["Setup","Cloak And Dagger"],"picked":"Terror","floor":7},{"not_picked":["Poisoned Stab","Bane"],"picked":"Backstab","floor":8},{"not_picked":["Concentrate","Grand Finale"],"picked":"Caltrops","floor":10},{"not_picked":["Quick Slash","PiercingWail"],"picked":"Backstab","floor":11},{"not_picked":["Sucker Punch","Dagger Throw"],"picked":"Footwork","floor":14},{"not_picked":["Storm of Steel","Unload"],"picked":"Envenom","floor":16},{"not_picked":["Dagger Spray","Reflex"],"picked":"Dash","floor":18},{"not_picked":["Underhanded Strike","Expertise+1"],"picked":"Dagger Throw","floor":19},{"not_picked":["Escape Plan","Calculated Gamble"],"picked":"Deadly Poison+1","floor":21},{"not_picked":["Venomology","Dodge and Roll"],"picked":"Deadly Poison+1","floor":23},{"not_picked":["Escape Plan+1","Prepared"],"picked":"Blur","floor":24},{"not_picked":["Slice","Terror"],"picked":"All Out Attack+1","floor":25},{"not_picked":["Acrobatics","Dodge and Roll","Crippling Poison"],"picked":"SKIP","floor":27},{"not_picked":["Deadly Poison+1","Dagger Spray+1"],"picked":"PiercingWail+1","floor":28},{"not_picked":["Reflex","Calculated Gamble","Heel Hook+1"],"picked":"SKIP","floor":30},{"not_picked":["Acrobatics","Dagger Spray","Poisoned Stab+1"],"picked":"SKIP","floor":31}],"player_experience":165955,"relics_obtained":[{"floor":6,"key":"Whetstone"},{"floor":9,"key":"Ancient Tea Set"},{"floor":10,"key":"Potion Belt"},{"floor":23,"key":"Dream Catcher"},{"floor":25,"key":"PreservedInsect"},{"floor":26,"key":"Strawberry"}],"event_choices":[{"cards_removed":["Injury"],"damage_healed":0,"gold_gain":0,"player_choice":"Forget","damage_taken":0,"max_hp_gain":0,"max_hp_loss":0,"event_name":"Living Wall","floor":2,"gold_loss":0},{"damage_healed":0,"gold_gain":0,"player_choice":"3 cards matched","damage_taken":0,"max_hp_gain":0,"max_hp_loss":0,"event_name":"Match and Keep!","floor":4,"gold_loss":0,"cards_obtained":["Crippling Poison","Shame","Flash of Steel"]},{"damage_healed":0,"gold_gain":0,"player_choice":"Success","damage_taken":12,"relics_obtained":["Letter Opener"],"max_hp_gain":0,"max_hp_loss":0,"event_name":"Scrap Ooze","floor":12,"gold_loss":0},{"cards_removed":["Envenom"],"damage_healed":26,"gold_gain":0,"player_choice":"Offered Rare","damage_taken":0,"max_hp_gain":10,"max_hp_loss":0,"event_name":"Bonfire Elementals","floor":20,"gold_loss":0}],"is_beta":false,"boss_relics":[{"not_picked":["Runic Pyramid","Fusion Hammer"],"picked":"Empty Cage"}],"items_purged_floors":[13,22,29],"is_endless":false,"potions_floor_spawned":[1,5,6,8,10,16,25,27,28,30],"killed_by":"Collector","ascension_level":4}