{"gold_per_floor":[219,236,386,76,90,118,118,137,137,137,219,232,249,43,43,120,120,140,140,156,81,81,81,81,98,98,113,128,138,151,151],"floor_reached":31,"playtime":1230,"items_purged":["Doubt"],"score":458,"play_id":"e167052f-ae58-4d46-b1c0-346098856970","local_time":"20190405150004","is_ascension_mode":true,"campfire_choices":[{"floor":10,"key":"REST"},{"data":"Consume","floor":15,"key":"SMITH"},{"data":"Self Repair","floor":23,"key":"SMITH"}],"neow_cost":"NONE","seed_source_timestamp":1372192822415796,"circlet_count":0,"master_deck":["AscendersBane","Strike_B+1","Strike_B+1","Strike_B+1","Defend_B+1","Defend_B+1","Defend_B+1","Defend_B+1","Zap","Dualcast","Go for the Eyes","Consume+1","Conserve Battery","Undo","Darkness","Thunder Strike","Stack","Redo","Cold Snap","Doom and Gloom","Tempest","Darkness","Ball Lightning","Multi-Cast","Leap","Self Repair+1","Darkness","Electrodynamics","Defragment","Glacier","Stack","Turbo+1","Capacitor","Leap"],"relics":["Cracked Core","Membership Card","Prayer Wheel","Mango","Letter Opener","Question Card","Velvet Choker","Pen Nib"],"potions_floor_usage":[6,16,30,30],"damage_taken":[{"damage":1,"enemies":"2 Louse","floor":1,"turns":4},{"damage":5,"enemies":"Small Slimes","floor":2,"turns":3},{"damage":7,"enemies":"Jaw Worm","floor":5,"turns":4},{"damage":25,"enemies":"Lagavulin","floor":6,"turns":7},{"damage":12,"enemies":"Exordium Wildlife","floor":8,"turns":5},{"damage":1,"enemies":"Looter","floor":12,"turns":4},{"damage":2,"enemies":"Blue Slaver","floor":13,"turns":5},{"damage":13,"enemies":"Slime Boss","floor":16,"turns":7},{"damage":17,"enemies":"3 Byrds","floor":18,"turns":4},{"damage":13,"enemies":"2 Thieves","floor":20,"turns":3},{"damage":22,"enemies":"Snecko","floor":25,"turns":5},{"damage":11,"enemies":"Snake Plant","floor":27,"turns":5},{"damage":17,"enemies":"Centurion and Healer","floor":28,"turns":6},{"damage":2,"enemies":"Snecko","floor":29,"turns":3},{"damage":18,"enemies":"Sentry and Sphere","floor":30,"turns":5},{"damage":26,"enemies":"Shelled Parasite and Fungi","floor":31,"turns":2}],"seed_played":"-1403734809577590698","potions_obtained":[{"floor":2,"key":"EssenceOfSteel"},{"floor":5,"key":"Poison Potion"},{"floor":8,"key":"SkillPotion"},{"floor":18,"key":"PowerPotion"}],"is_trial":false,"path_per_floor":["M","M","?","$","M","E","?","M","T","R","T","M","M","$","R","B",null,"M","?","M","?","$","R","$","M","T","M","M","M","M","M"],"character_chosen":"DEFECT","items_purchased":["Membership Card","Conserve Battery","Question Card","Darkness","Ball Lightning"],"campfire_rested":1,"item_purchase_floors":[4,4,14,14,14],"current_hp_per_floor":[63,58,58,58,51,26,26,14,28,53,53,52,50,50,50,37,73,56,56,43,43,43,43,43,31,31,30,23,21,13,0],"gold":151,"neow_bonus":"HUNDRED_GOLD","is_prod":false,"is_daily":false,"chose_seed":false,"campfire_upgraded":2,"win_rate":0,"timestamp":1554490804,"path_taken":["M","M","?","$","M","E","?","M","T","R","?","M","M","$","R","BOSS","M","?","M","?","?","R","$","M","T","M","?","M","M","M"],"build_version":"2019-01-23","purchased_purges":1,"victory":false,"max_hp_per_floor":[71,71,71,71,71,71,71,71,85,85,85,85,85,85,85,85,85,85,85,85,85,85,85,85,85,85,85,85,85,85,85],"card_choices":[{"not_picked":["Turbo","BootSequence"],"picked":"Go for the Eyes","floor":1},{"not_picked":["Loop","Hologram"],"picked":"Consume","floor":2},{"not_picked":["Streamline","Beam Cell"],"picked":"Undo","floor":5},{"not_picked":["Cold Snap","FTL"],"picked":"Darkness","floor":6},{"not_picked":["Rebound","Streamline"],"picked":"Thunder Strike","floor":8},{"not_picked":["Turbo","Double Energy"],"picked":"Stack","floor":8},{"not_picked":["Turbo","Beam Cell"],"picked":"Redo","floor":12},{"not_picked":["Redo","Streamline"],"picked":"Cold Snap","floor":12},{"not_picked":["Ball Lightning","Turbo"],"picked":"Doom and Gloom","floor":13},{"not_picked":["Steam","Gash"],"picked":"Tempest","floor":13},{"not_picked":["All For One","Hyperbeam","Machine Learning"],"picked":"Multi-Cast","floor":16},{"not_picked":["Go for the Eyes","Reprogram","Rebound+1"],"picked":"Leap","floor":18},{"not_picked":["Hologram","Leap","Tempest","Hyperbeam"],"picked":"SKIP","floor":18},{"not_picked":["Streamline","Hologram","Recycle"],"picked":"Self Repair","floor":20},{"not_picked":["Coolheaded","Ball Lightning","Go for the Eyes","Chill+1"],"picked":"SKIP","floor":20},{"not_picked":["Ball Lightning","Coolheaded","Steam"],"picked":"Darkness","floor":25},{"not_picked":["Cold Snap","Conserve Battery","Turbo","Chaos"],"picked":"SKIP","floor":25},{"not_picked":["Barrage","Rebound","Ball Lightning"],"picked":"Electrodynamics","floor":27},{"not_picked":["Loop","Leap","Coolheaded"],"picked":"Defragment","floor":27},{"not_picked":["White Noise","Cold Snap","Rebound"],"picked":"Glacier","floor":28},{"not_picked":["Barrage","Meteor Strike","Rebound","Aggregate"],"picked":"SKIP","floor":28},{"not_picked":["Leap","Turbo","Barrage+1"],"picked":"Stack","floor":29},{"not_picked":["Steam","Barrage","Lockon"],"picked":"Turbo+1","floor":29},{"not_picked":["Storm","Compile Driver","Gash"],"picked":"Capacitor","floor":30},{"not_picked":["Barrage","Scrape","Hyperbeam"],"picked":"Leap","floor":30}],"player_experience":513902,"relics_obtained":[{"floor":6,"key":"Prayer Wheel"},{"floor":9,"key":"Mango"},{"floor":11,"key":"Letter Opener"},{"floor":26,"key":"Pen Nib"}],"event_choices":[{"damage_healed":0,"gold_gain":150,"player_choice":"AGREE","damage_taken":0,"max_hp_gain":0,"max_hp_loss":0,"event_name":"Liars Game","floor":3,"gold_loss":0,"cards_obtained":["Doubt"]},{"damage_healed":0,"gold_gain":0,"player_choice":"Searched \u00271\u0027 times","damage_taken":0,"max_hp_gain":0,"max_hp_loss":0,"event_name":"Dead Adventurer","floor":7,"gold_loss":0},{"damage_healed":0,"gold_gain":0,"player_choice":"Simplicity","damage_taken":0,"max_hp_gain":0,"max_hp_loss":0,"event_name":"Back to Basics","floor":19,"gold_loss":0,"cards_upgraded":["Strike_B","Strike_B","Strike_B","Strike_B","Defend_B","Defend_B","Defend_B","Defend_B"]},{"cards_removed":["Strike_B"],"damage_healed":0,"gold_gain":0,"player_choice":"Gave Gold","damage_taken":0,"max_hp_gain":0,"max_hp_loss":0,"event_name":"Beggar","floor":21,"gold_loss":75}],"is_beta":false,"boss_relics":[{"not_picked":["Nuclear Battery","Orrery"],"picked":"Velvet Choker"}],"items_purged_floors":[4],"is_endless":false,"potions_floor_spawned":[2,5,8,13,18,20],"killed_by":"Shelled Parasite and Fungi","ascension_level":18}