{"gold_per_floor":[16,16,16,16,34,34,63,63,63,73,106,126,126,137,137,213,213,233,148,148,102,102,102,102,117,117,117,137,153,153,24,24,101,101,121,221,239,250,250,250,250],"floor_reached":41,"playtime":1565,"items_purged":["Decay"],"score":758,"play_id":"b692b962-b0b8-4fe1-af40-9e1a3cf063f1","local_time":"20190331180256","is_ascension_mode":true,"campfire_choices":[{"data":"Bash","floor":6,"key":"SMITH"},{"floor":8,"key":"REST"},{"data":"Bludgeon","floor":15,"key":"SMITH"},{"data":"Armaments","floor":23,"key":"SMITH"},{"floor":27,"key":"REST"},{"data":"Demon Form","floor":30,"key":"SMITH"},{"data":"Whirlwind","floor":32,"key":"SMITH"},{"floor":40,"key":"REST"}],"neow_cost":"NO_GOLD","seed_source_timestamp":950830020256409,"circlet_count":0,"master_deck":["AscendersBane","Strike_R","Strike_R+1","Strike_R","Strike_R","Defend_R","Defend_R","Defend_R","Defend_R+1","Bash+1","Bludgeon+1","Shrug It Off","Clothesline","Disarm","Uppercut","Armaments+1","Demon Form+1","Cleave","Armaments","Iron Wave+1","Whirlwind+1","Feed","Ghostly Armor"],"relics":["Burning Blood","Bottled Flame","The Courier","Oddly Smooth Stone","Busted Crown","Bag of Marbles","Darkstone Periapt","Runic Pyramid","Ice Cream"],"potions_floor_usage":[29,29,38,41],"damage_taken":[{"damage":4,"enemies":"2 Louse","floor":1,"turns":3},{"damage":7,"enemies":"Small Slimes","floor":5,"turns":4},{"damage":24,"enemies":"3 Sentries","floor":7,"turns":8},{"damage":0,"enemies":"Cultist","floor":10,"turns":3},{"damage":27,"enemies":"Lagavulin","floor":11,"turns":7},{"damage":10,"enemies":"3 Louse","floor":12,"turns":5},{"damage":8,"enemies":"Lots of Slimes","floor":14,"turns":7},{"damage":4,"enemies":"The Guardian","floor":16,"turns":11},{"damage":28,"enemies":"3 Byrds","floor":18,"turns":8},{"damage":12,"enemies":"Spheric Guardian","floor":25,"turns":5},{"damage":2,"enemies":"Snake Plant","floor":28,"turns":2},{"damage":6,"enemies":"Chosen and Byrds","floor":29,"turns":7},{"damage":59,"enemies":"Automaton","floor":33,"turns":9},{"damage":10,"enemies":"Orb Walker","floor":35,"turns":3},{"damage":6,"enemies":"Mind Bloom Boss Battle","floor":36,"turns":8},{"damage":0,"enemies":"3 Shapes","floor":37,"turns":6},{"damage":29,"enemies":"Jaw Worm Horde","floor":38,"turns":2},{"damage":94,"enemies":"2 Orb Walkers","floor":41,"turns":6}],"seed_played":"2569846536598974613","potions_obtained":[{"floor":5,"key":"GamblersBrew"},{"floor":11,"key":"Swift Potion"},{"floor":36,"key":"AttackPotion"},{"floor":38,"key":"Strength Potion"}],"is_trial":false,"path_per_floor":["M","?","?","$","M","R","E","R","T","M","E","M","?","M","R","B",null,"M","?","?","$","?","R","?","M","T","R","M","M","R","$","R","B",null,"M","?","M","M","?","R","?"],"character_chosen":"IRONCLAD","items_purchased":["Cleave","Whirlwind"],"campfire_rested":3,"item_purchase_floors":[21,31],"current_hp_per_floor":[70,47,47,47,46,46,28,50,50,56,35,31,31,29,29,31,64,42,42,42,42,42,42,42,36,36,58,62,62,62,62,62,9,59,58,58,67,44,44,67,0],"gold":250,"neow_bonus":"THREE_RARE_CARDS","is_prod":false,"is_daily":false,"chose_seed":false,"campfire_upgraded":5,"win_rate":0,"timestamp":1554069776,"path_taken":["M","?","?","$","M","R","E","R","T","M","E","?","?","?","R","BOSS","M","?","?","?","?","R","?","M","T","R","M","?","R","$","R","BOSS","M","?","M","M","?","R","?"],"build_version":"2019-01-23","purchased_purges":1,"victory":false,"max_hp_per_floor":[75,75,75,75,75,75,75,75,75,75,75,75,75,75,75,75,75,75,75,75,75,75,75,75,75,75,75,75,75,75,75,75,75,75,78,78,81,81,77,77,77],"card_choices":[{"not_picked":["Dark Embrace","Reaper"],"picked":"Bludgeon","floor":0},{"not_picked":["Body Slam","True Grit"],"picked":"Shrug It Off","floor":1},{"not_picked":["Dropkick","Reckless Charge"],"picked":"Clothesline","floor":5},{"not_picked":["Searing Blow","Headbutt"],"picked":"Disarm","floor":7},{"not_picked":["Heavy Blade","Thunderclap"],"picked":"Uppercut","floor":10},{"not_picked":["Warcry","Anger","Headbutt"],"picked":"SKIP","floor":11},{"not_picked":["Searing Blow","Whirlwind"],"picked":"Armaments","floor":12},{"not_picked":["Pommel Strike","Perfected Strike","Infernal Blade"],"picked":"SKIP","floor":14},{"not_picked":["Immolate","Juggernaut"],"picked":"Demon Form","floor":16},{"not_picked":["Infernal Blade"],"picked":"SKIP","floor":18},{"not_picked":["Disarm"],"picked":"SKIP","floor":25},{"not_picked":[],"picked":"Iron Wave+1","floor":28},{"not_picked":["Intimidate"],"picked":"SKIP","floor":29},{"not_picked":[],"picked":"Feed","floor":33},{"not_picked":["Pommel Strike+1"],"picked":"SKIP","floor":35},{"not_picked":[],"picked":"Ghostly Armor","floor":37},{"not_picked":["Thunderclap"],"picked":"SKIP","floor":38}],"player_experience":486955,"relics_obtained":[{"floor":7,"key":"Bottled Flame"},{"floor":9,"key":"The Courier"},{"floor":11,"key":"Oddly Smooth Stone"},{"floor":26,"key":"Darkstone Periapt"},{"floor":36,"key":"Ice Cream"}],"event_choices":[{"damage_healed":0,"gold_gain":0,"player_choice":"Entered Light","damage_taken":23,"max_hp_gain":0,"max_hp_loss":0,"event_name":"Shining Light","floor":2,"gold_loss":0,"cards_upgraded":["Strike_R","Defend_R"]},{"cards_removed":["Strike_R"],"damage_healed":0,"gold_gain":0,"player_choice":"Offered Basic","damage_taken":0,"max_hp_gain":0,"max_hp_loss":0,"event_name":"Bonfire Elementals","floor":3,"gold_loss":0},{"damage_healed":0,"gold_gain":0,"player_choice":"0 cards matched","damage_taken":0,"max_hp_gain":0,"max_hp_loss":0,"event_name":"Match and Keep!","floor":13,"gold_loss":0,"cards_obtained":[]},{"damage_healed":0,"gold_gain":0,"player_choice":"Obtained Relic","damage_taken":0,"relics_obtained":["Bag of Marbles"],"max_hp_gain":0,"max_hp_loss":0,"event_name":"Addict","floor":19,"gold_loss":85},{"damage_healed":0,"gold_gain":0,"player_choice":"Ignored","damage_taken":0,"max_hp_gain":0,"max_hp_loss":0,"event_name":"Vampires","floor":20,"gold_loss":0},{"damage_healed":0,"gold_gain":0,"player_choice":"Smashed Altar","damage_taken":0,"max_hp_gain":0,"max_hp_loss":0,"event_name":"Forgotten Altar","floor":22,"gold_loss":0,"cards_obtained":["Decay"]},{"damage_healed":0,"gold_gain":0,"player_choice":"Read","damage_taken":0,"max_hp_gain":0,"max_hp_loss":0,"event_name":"The Library","floor":24,"gold_loss":0,"cards_obtained":["Armaments"]},{"damage_healed":0,"gold_gain":0,"player_choice":"Fight","damage_taken":0,"max_hp_gain":0,"max_hp_loss":0,"event_name":"MindBloom","floor":36,"gold_loss":0},{"damage_healed":0,"gold_gain":0,"player_choice":"Max HP","damage_taken":0,"max_hp_gain":0,"max_hp_loss":4,"event_name":"Winding Halls","floor":39,"gold_loss":0},{"damage_healed":0,"gold_gain":0,"player_choice":"Fight","damage_taken":0,"max_hp_gain":0,"max_hp_loss":0,"event_name":"Mysterious Sphere","floor":41,"gold_loss":0}],"is_beta":false,"boss_relics":[{"not_picked":["Ectoplasm","Lizard Tail"],"picked":"Busted Crown"},{"not_picked":["Black Star","Coffee Dripper"],"picked":"Runic Pyramid"}],"items_purged_floors":[31],"is_endless":false,"potions_floor_spawned":[5,11,14,18,36,38],"killed_by":"2 Orb Walkers","ascension_level":18}