{"gold_per_floor":[118,118,42,42,62,96,109,142,187,187,137,154,2,15,15,119,119,135,145,70,70,70,70,86,98,122,141,141,166,198,198,198,301,301,318,318,331,331,344,344,363,363,389,402,40,40,59,76,76,76,76,76,39,72,72],"floor_reached":55,"playtime":2811,"items_purged":["Strike_B"],"score":699,"play_id":"7203e9bd-de1d-41f8-b795-30c636b231bd","local_time":"20190616013543","is_ascension_mode":false,"campfire_choices":[{"data":"Capacitor","floor":10,"key":"SMITH"},{"data":"Storm","floor":15,"key":"SMITH"},{"data":"Zap","floor":23,"key":"SMITH"},{"data":"Redo","floor":28,"key":"SMITH"},{"floor":32,"key":"REST"},{"data":"Stack","floor":40,"key":"SMITH"},{"data":"Conserve Battery","floor":42,"key":"SMITH"},{"floor":49,"key":"RECALL"},{"data":"Undo","floor":52,"key":"SMITH"}],"neow_cost":"NONE","seed_source_timestamp":696127820129864,"circlet_count":0,"master_deck":["Strike_B","Defend_B","Defend_B","Defend_B","Defend_B","Zap+1","Dualcast","Defragment+1","Capacitor+1","Conserve Battery+1","Undo+1","Self Repair","Cold Snap","Electrodynamics","Storm+1","Machine Learning","Skim","Ball Lightning+1","Stack+1","Redo+1","Turbo+1","Thunder Strike","Darkness+1","Aggregate+1","Undo+1","Loop","Apotheosis+1","Force Field+1","Defragment","Storm"],"relics":["Cracked Core","NeowsBlessing","Mercury Hourglass","Bag of Preparation","Runic Pyramid","MutagenicStrength","Smiling Mask","Toxic Egg 2","Red Mask","Busted Crown","Dodecahedron","Vajra","Pen Nib"],"potions_floor_usage":[14,16,24,25,27,27,30,30,44,54,54],"damage_taken":[{"damage":0,"enemies":"Cultist","floor":1,"turns":1},{"damage":0,"enemies":"2 Louse","floor":5,"turns":1},{"damage":0,"enemies":"Gremlin Nob","floor":6,"turns":1},{"damage":7,"enemies":"Small Slimes","floor":7,"turns":3},{"damage":3,"enemies":"Lagavulin","floor":8,"turns":7},{"damage":0,"enemies":"Blue Slaver","floor":12,"turns":5},{"damage":0,"enemies":"3 Louse","floor":14,"turns":1},{"damage":23,"enemies":"Hexaghost","floor":16,"turns":9},{"damage":3,"enemies":"3 Byrds","floor":18,"turns":2},{"damage":20,"enemies":"2 Thieves","floor":19,"turns":2},{"damage":16,"enemies":"Sentry and Sphere","floor":24,"turns":4},{"damage":0,"enemies":"Snecko","floor":25,"turns":2},{"damage":0,"enemies":"3 Cultists","floor":27,"turns":3},{"damage":32,"enemies":"Slavers","floor":29,"turns":3},{"damage":17,"enemies":"Masked Bandits","floor":30,"turns":3},{"damage":23,"enemies":"Champ","floor":33,"turns":12},{"damage":1,"enemies":"3 Darklings","floor":35,"turns":3},{"damage":16,"enemies":"3 Shapes","floor":37,"turns":3},{"damage":7,"enemies":"3 Darklings","floor":39,"turns":3},{"damage":17,"enemies":"Maw","floor":41,"turns":6},{"damage":1,"enemies":"4 Shapes","floor":44,"turns":2},{"damage":20,"enemies":"Writhing Mass","floor":47,"turns":5},{"damage":0,"enemies":"Maw","floor":48,"turns":6},{"damage":20,"enemies":"Awakened One","floor":50,"turns":11},{"damage":14,"enemies":"Shield and Spear","floor":54,"turns":3},{"damage":106,"enemies":"The Heart","floor":55,"turns":5}],"seed_played":"-8102634319812859371","potions_obtained":[{"floor":5,"key":"Swift Potion"},{"floor":7,"key":"SteroidPotion"},{"floor":8,"key":"PowerPotion"},{"floor":18,"key":"Explosive Potion"},{"floor":22,"key":"Fruit Juice"},{"floor":24,"key":"PowerPotion"},{"floor":25,"key":"SpeedPotion"},{"floor":29,"key":"Dexterity Potion"},{"floor":39,"key":"Energy Potion"},{"floor":41,"key":"Explosive Potion"},{"floor":47,"key":"AttackPotion"},{"floor":48,"key":"Ancient Potion"}],"is_trial":false,"path_per_floor":["M","?","$","?","M","E","M","E","T","R","?","M","$","M","R","B",null,"M","M","?","?","?","R","M","M","T","M","R","E","?","?","R","B",null,"M","?","M","T","M","R","M","R","T","M","$","?","M","M","R","B",null,"R","$","E","B"],"character_chosen":"DEFECT","items_purchased":["Doom and Gloom","Electrodynamics","Undo+1","Loop","Apotheosis+1","Defragment"],"campfire_rested":1,"item_purchase_floors":[3,13,45,45,45,53],"current_hp_per_floor":[75,68,68,68,68,68,61,58,58,58,58,65,65,65,65,42,75,72,52,52,52,52,52,48,55,55,62,62,30,20,20,44,28,80,80,80,71,71,64,64,54,54,54,60,60,60,50,57,57,47,80,80,80,73,0],"gold":72,"neow_bonus":"THREE_ENEMY_KILL","is_prod":false,"is_daily":false,"chose_seed":false,"campfire_upgraded":7,"win_rate":0,"timestamp":1560674143,"path_taken":["M","?","$","?","M","E","M","E","T","R","?","M","?","M","R","BOSS","M","M","?","?","?","R","M","M","T","?","R","E","?","?","R","BOSS","M","?","?","?","M","R","M","R","T","M","$","?","M","?","R","BOSS","R","$","E","BOSS"],"build_version":"2019-01-23","purchased_purges":1,"victory":false,"max_hp_per_floor":[75,75,75,75,75,75,75,75,75,75,75,75,75,75,75,75,75,75,75,75,75,75,75,80,80,80,80,80,80,80,80,80,80,80,80,80,80,80,80,80,80,80,80,80,80,80,80,80,80,80,80,80,80,80,80],"card_choices":[{"not_picked":["Barrage","Hologram"],"picked":"Defragment","floor":1},{"not_picked":["Steam","Skim"],"picked":"Capacitor","floor":5},{"not_picked":["Fusion","Sweeping Beam"],"picked":"Conserve Battery","floor":6},{"not_picked":["Steam","Consume"],"picked":"Undo","floor":7},{"not_picked":["Capacitor","Skim"],"picked":"Self Repair","floor":8},{"not_picked":["Turbo","Double Energy"],"picked":"Cold Snap","floor":12},{"not_picked":["Coolheaded","Beam Cell"],"picked":"Storm","floor":14},{"not_picked":["All For One","Hyperbeam"],"picked":"Machine Learning","floor":16},{"not_picked":["Go for the Eyes+1","Compile Driver"],"picked":"Skim","floor":18},{"not_picked":["Consume+1","Hologram+1"],"picked":"Ball Lightning+1","floor":19},{"not_picked":["Streamline","Self Repair"],"picked":"Stack","floor":24},{"not_picked":["Steam Power","Coolheaded","Machine Learning"],"picked":"SKIP","floor":25},{"not_picked":["Auto Shields","Conserve Battery+1"],"picked":"Redo","floor":27},{"not_picked":["Go for the Eyes","Beam Cell","Leap"],"picked":"SKIP","floor":29},{"not_picked":["Leap+1","BootSequence+1"],"picked":"Turbo+1","floor":30},{"not_picked":["Reboot+1","Rainbow+1"],"picked":"Thunder Strike","floor":33},{"not_picked":["Streamline"],"picked":"SKIP","floor":35},{"not_picked":[],"picked":"Darkness+1","floor":37},{"not_picked":["Aggregate+1"],"picked":"SKIP","floor":39},{"not_picked":[],"picked":"Aggregate+1","floor":39},{"not_picked":["BootSequence+1"],"picked":"SKIP","floor":41},{"not_picked":["Storm+1"],"picked":"SKIP","floor":44},{"not_picked":[],"picked":"Force Field+1","floor":47},{"not_picked":["BootSequence+1"],"picked":"SKIP","floor":48},{"not_picked":[],"picked":"Storm","floor":54}],"player_experience":406611,"relics_obtained":[{"floor":6,"key":"Mercury Hourglass"},{"floor":8,"key":"Bag of Preparation"},{"floor":26,"key":"Smiling Mask"},{"floor":29,"key":"Toxic Egg 2"},{"floor":30,"key":"Red Mask"},{"floor":38,"key":"Dodecahedron"},{"floor":43,"key":"Vajra"},{"floor":54,"key":"Pen Nib"}],"event_choices":[{"damage_healed":0,"gold_gain":0,"player_choice":"Fled","damage_taken":7,"max_hp_gain":0,"max_hp_loss":0,"event_name":"Scrap Ooze","floor":2,"gold_loss":0},{"damage_healed":0,"gold_gain":0,"player_choice":"Grow","damage_taken":0,"max_hp_gain":0,"max_hp_loss":0,"event_name":"Living Wall","floor":4,"gold_loss":0,"cards_upgraded":["Defragment"]},{"cards_removed":["Strike_B"],"damage_healed":0,"gold_gain":0,"player_choice":"Card Removal","damage_taken":0,"max_hp_gain":0,"max_hp_loss":0,"event_name":"The Cleric","floor":11,"gold_loss":50},{"cards_removed":["Strike_B"],"damage_healed":0,"gold_gain":0,"player_choice":"Gave Gold","damage_taken":0,"max_hp_gain":0,"max_hp_loss":0,"event_name":"Beggar","floor":20,"gold_loss":75},{"damage_healed":0,"gold_gain":0,"player_choice":"Inject Mutagens","damage_taken":0,"relics_obtained":["MutagenicStrength"],"max_hp_gain":0,"max_hp_loss":0,"event_name":"Drug Dealer","floor":21,"gold_loss":0},{"damage_healed":0,"gold_gain":0,"player_choice":"Got Potions","damage_taken":0,"max_hp_gain":0,"max_hp_loss":0,"event_name":"Lab","floor":22,"gold_loss":0},{"damage_healed":0,"gold_gain":0,"player_choice":"Fought Bandits","damage_taken":0,"max_hp_gain":0,"max_hp_loss":0,"event_name":"Masked Bandits","floor":30,"gold_loss":0},{"damage_healed":0,"gold_gain":0,"player_choice":"Ignored","damage_taken":0,"max_hp_gain":0,"max_hp_loss":0,"event_name":"Cursed Tome","floor":31,"gold_loss":0},{"damage_healed":0,"gold_gain":0,"player_choice":"Ignored","damage_taken":0,"max_hp_gain":0,"max_hp_loss":0,"event_name":"NoteForYourself","floor":36,"gold_loss":0},{"cards_removed":["Doom and Gloom"],"damage_healed":0,"gold_gain":0,"player_choice":"Removed Attack","damage_taken":0,"max_hp_gain":0,"max_hp_loss":0,"event_name":"Falling","floor":46,"gold_loss":0}],"is_beta":false,"boss_relics":[{"not_picked":["Pandora\u0027s Box","Astrolabe"],"picked":"Runic Pyramid"},{"not_picked":["Runic Dome","Snecko Eye"],"picked":"Busted Crown"}],"items_purged_floors":[45],"is_endless":false,"potions_floor_spawned":[5,7,8,12,18,24,25,29,39,41,47,48],"killed_by":"The Heart","ascension_level":0}