{"gold_per_floor":[109,123,198,11,11,42,42,55,55,74,74,74,99,99,99,193,193,212,487,211,235,249,249,293,312,312,312,327,327,327,259,259,330,330,349,363,363,381,85,120,120,220,298,3,3,0,18,18,18,18],"floor_reached":51,"playtime":2520,"items_purged":["Regret","Writhe"],"score":1236,"play_id":"ef65bd8a-ca19-46a2-aa2a-48d00efbbe46","local_time":"20190502190726","is_ascension_mode":true,"campfire_choices":[{"data":"Mayhem","floor":7,"key":"SMITH"},{"floor":12,"key":"REST"},{"floor":15,"key":"REST"},{"floor":23,"key":"REST"},{"floor":27,"key":"REST"},{"floor":32,"key":"REST"},{"floor":41,"key":"REST"},{"data":"1","floor":45,"key":"LIFT"},{"data":"2","floor":49,"key":"LIFT"}],"neow_cost":"NONE","seed_source_timestamp":512743072670929,"circlet_count":0,"master_deck":["AscendersBane","Defend_G+1","Defend_G+1","Defend_G+1","Defend_G+1","Defend_G+1","Strike_G+1","Strike_G+1","Strike_G+1","Strike_G+1","Strike_G+1","Survivor","Neutralize","Dagger Spray+1","Poisoned Stab","Mayhem+1","Blur","Malaise","Quick Slash","Cloak And Dagger","Corpse Explosion","Cloak And Dagger","Catalyst","PiercingWail+1","Escape Plan+1","Bullet Time","Doubt","Bouncing Flask","Footwork","Burst","Catalyst","Expertise","Noxious Fumes","Dash","Decay","Footwork+1","Noxious Fumes+1"],"relics":["Ring of the Snake","War Paint","Bloody Idol","Ice Cream","Question Card","Cursed Key","Snake Skull","Anchor","Shuriken","Fusion Hammer","Mummified Hand","Frozen Egg 2","Girya","The Courier","Art of War","Red Mask"],"potions_floor_usage":[13,16,16,21,22,25,33,33,50,50],"damage_taken":[{"damage":6,"enemies":"Cultist","floor":1,"turns":5},{"damage":0,"enemies":"Small Slimes","floor":2,"turns":4},{"damage":20,"enemies":"3 Sentries","floor":6,"turns":10},{"damage":0,"enemies":"2 Louse","floor":8,"turns":3},{"damage":0,"enemies":"Exordium Wildlife","floor":10,"turns":2},{"damage":9,"enemies":"Gremlin Gang","floor":13,"turns":4},{"damage":21,"enemies":"The Guardian","floor":16,"turns":14},{"damage":4,"enemies":"3 Byrds","floor":18,"turns":4},{"damage":7,"enemies":"2 Thieves","floor":21,"turns":2},{"damage":10,"enemies":"Centurion and Healer","floor":22,"turns":3},{"damage":20,"enemies":"Gremlin Leader","floor":24,"turns":6},{"damage":0,"enemies":"Snake Plant","floor":25,"turns":7},{"damage":17,"enemies":"Chosen and Byrds","floor":28,"turns":7},{"damage":18,"enemies":"Champ","floor":33,"turns":12},{"damage":24,"enemies":"3 Darklings","floor":35,"turns":4},{"damage":0,"enemies":"3 Shapes","floor":36,"turns":4},{"damage":6,"enemies":"Jaw Worm Horde","floor":38,"turns":3},{"damage":6,"enemies":"Nemesis","floor":40,"turns":7},{"damage":3,"enemies":"Mind Bloom Boss Battle","floor":42,"turns":8},{"damage":0,"enemies":"Transient","floor":47,"turns":5},{"damage":44,"enemies":"Time Eater","floor":50,"turns":12}],"seed_played":"2024752121437512559","potions_obtained":[{"floor":1,"key":"Strength Potion"},{"floor":10,"key":"AttackPotion"},{"floor":13,"key":"Fire Potion"},{"floor":18,"key":"SkillPotion"},{"floor":24,"key":"Dexterity Potion"},{"floor":25,"key":"PowerPotion"},{"floor":28,"key":"PowerPotion"},{"floor":38,"key":"EssenceOfSteel"},{"floor":40,"key":"Weak Potion"}],"is_trial":false,"path_per_floor":["M","M","?","$","?","E","R","M","T","M","?","R","M","?","R","B",null,"M","?","$","M","M","R","E","M","T","R","M","?","?","$","R","B",null,"M","M","?","M","$","E","R","?","T","$","R","?","M","$","R","B",null],"character_chosen":"THE_SILENT","items_purchased":["Mayhem","Snake Skull","Energy Potion","Footwork","Dash","Mummified Hand","Footwork+1","Noxious Fumes+1","Art of War"],"campfire_rested":6,"item_purchase_floors":[4,20,20,31,39,39,44,44,44],"current_hp_per_floor":[53,53,42,42,42,22,22,22,22,22,10,28,19,19,37,16,50,46,46,46,39,29,47,27,27,27,45,28,28,28,28,46,33,54,35,40,55,54,54,53,61,61,61,61,61,61,61,61,61,17],"gold":18,"neow_bonus":"RANDOM_COMMON_RELIC","is_prod":false,"is_daily":false,"chose_seed":false,"campfire_upgraded":1,"win_rate":0,"timestamp":1556849246,"path_taken":["M","M","?","$","?","E","R","M","T","M","?","R","M","?","R","BOSS","M","?","$","?","M","R","E","M","T","R","M","?","?","$","R","BOSS","M","M","?","M","$","E","R","?","T","$","R","?","M","$","R","BOSS"],"build_version":"2019-01-23","purchased_purges":2,"victory":true,"max_hp_per_floor":[66,66,66,66,61,61,61,61,61,61,61,61,61,61,61,61,61,61,61,61,61,61,61,61,61,61,61,61,61,61,61,61,61,61,61,61,61,61,61,61,61,61,61,61,61,61,61,61,61,61],"card_choices":[{"not_picked":["Expertise","Deflect"],"picked":"Dagger Spray","floor":1},{"not_picked":["Dodge and Roll","Underhanded Strike"],"picked":"Poisoned Stab","floor":2},{"not_picked":["Deadly Poison","Prepared"],"picked":"Blur","floor":6},{"not_picked":["Eviscerate","Outmaneuver"],"picked":"Malaise","floor":8},{"not_picked":["Bane","Blade Dance","Deadly Poison"],"picked":"Quick Slash","floor":10},{"not_picked":["Dagger Spray","Quick Slash","Terror"],"picked":"Cloak And Dagger","floor":13},{"not_picked":["Doppelganger","Unload","Wraith Form v2"],"picked":"Corpse Explosion","floor":16},{"not_picked":["Tactician","Dagger Throw","Quick Slash+1"],"picked":"Cloak And Dagger","floor":18},{"not_picked":["Expertise","Crippling Poison","Backflip"],"picked":"Catalyst","floor":21},{"not_picked":["Acrobatics","Flying Knee","Deadly Poison"],"picked":"PiercingWail+1","floor":22},{"not_picked":["Dagger Throw","Blade Dance","Choke"],"picked":"Escape Plan+1","floor":24},{"not_picked":["Deflect","Dodge and Roll","Bane"],"picked":"Bullet Time","floor":25},{"not_picked":["Outmaneuver","Flying Knee","Poisoned Stab+1"],"picked":"Bouncing Flask","floor":28},{"not_picked":["Grand Finale","Wraith Form v2","Bullet Time"],"picked":"Burst","floor":33},{"not_picked":["Acrobatics","All Out Attack","Slice"],"picked":"Catalyst","floor":35},{"not_picked":["Dagger Spray","Well Laid Plans","Infinite Blades"],"picked":"Expertise","floor":36},{"not_picked":["Concentrate","Blur","Poisoned Stab+1"],"picked":"Noxious Fumes","floor":38},{"not_picked":["Dagger Throw","Underhanded Strike","Flying Knee","Wraith Form v2"],"picked":"SKIP","floor":40},{"not_picked":["Blade Dance","Predator","Expertise","Dodge and Roll"],"picked":"SKIP","floor":47}],"player_experience":852821,"relics_obtained":[{"floor":6,"key":"Ice Cream"},{"floor":9,"key":"Question Card"},{"floor":24,"key":"Anchor"},{"floor":26,"key":"Shuriken"},{"floor":40,"key":"Frozen Egg 2"},{"floor":42,"key":"Girya"},{"floor":43,"key":"The Courier"}],"event_choices":[{"damage_healed":0,"gold_gain":75,"player_choice":"Gather Gold","damage_taken":11,"max_hp_gain":0,"max_hp_loss":0,"event_name":"World of Goop","floor":3,"gold_loss":0},{"damage_healed":0,"gold_gain":0,"player_choice":"Lose Max HP","damage_taken":0,"relics_obtained":["Golden Idol"],"max_hp_gain":0,"max_hp_loss":5,"event_name":"Golden Idol","floor":5,"gold_loss":0},{"damage_healed":0,"gold_gain":0,"player_choice":"Entered Light","damage_taken":12,"max_hp_gain":0,"max_hp_loss":0,"event_name":"Shining Light","floor":11,"gold_loss":0,"cards_upgraded":["Dagger Spray","Strike_G"]},{"damage_healed":0,"gold_gain":0,"player_choice":"Searched \u00270\u0027 times","damage_taken":0,"max_hp_gain":0,"max_hp_loss":0,"event_name":"Dead Adventurer","floor":14,"gold_loss":0},{"damage_healed":0,"gold_gain":275,"player_choice":"Desecrate","damage_taken":0,"max_hp_gain":0,"max_hp_loss":0,"event_name":"Golden Shrine","floor":19,"gold_loss":0,"cards_obtained":["Regret"]},{"damage_healed":0,"gold_gain":0,"player_choice":"Simplicity","damage_taken":0,"max_hp_gain":0,"max_hp_loss":0,"event_name":"Back to Basics","floor":29,"gold_loss":0,"cards_upgraded":["Defend_G","Defend_G","Defend_G","Strike_G","Strike_G","Strike_G","Strike_G"]},{"damage_healed":0,"gold_gain":0,"player_choice":"Gave Idol","damage_taken":0,"relics_obtained":["Bloody Idol"],"max_hp_gain":0,"max_hp_loss":0,"event_name":"Forgotten Altar","floor":30,"relics_lost":["Golden Idol"],"gold_loss":0},{"damage_healed":15,"gold_gain":0,"player_choice":"Writhe","damage_taken":0,"max_hp_gain":0,"max_hp_loss":0,"event_name":"Winding Halls","floor":37,"gold_loss":0,"cards_obtained":["Writhe"]},{"damage_healed":0,"gold_gain":0,"player_choice":"Fight","damage_taken":0,"max_hp_gain":0,"max_hp_loss":0,"event_name":"MindBloom","floor":42,"gold_loss":0},{"damage_healed":0,"gold_gain":0,"player_choice":"Paid","damage_taken":0,"relics_obtained":["Red Mask"],"max_hp_gain":0,"max_hp_loss":0,"event_name":"Tomb of Lord Red Mask","floor":46,"gold_loss":3}],"is_beta":false,"boss_relics":[{"not_picked":["Tiny House","White Beast Statue"],"picked":"Cursed Key"},{"not_picked":["Runic Dome","Sozu"],"picked":"Fusion Hammer"}],"items_purged_floors":[20,44],"is_endless":false,"potions_floor_spawned":[1,10,13,18,24,25,28,38,40],"ascension_level":14}