{"gold_per_floor":[214,289,289,289,303,303,323,323,323,355,12,41,102,6,6,6],"floor_reached":16,"playtime":406,"items_purged":[],"score":211,"play_id":"62307975-a293-4103-9449-d962ea14778a","local_time":"20190627220327","is_ascension_mode":true,"campfire_choices":[{"data":"Anger","floor":6,"key":"SMITH"},{"data":"Inflame","floor":8,"key":"SMITH"},{"floor":15,"key":"REST"}],"neow_cost":"NONE","seed_source_timestamp":1293129020941020,"circlet_count":0,"master_deck":["AscendersBane","Strike_R","Strike_R","Strike_R","Strike_R","Strike_R","Defend_R","Defend_R","Defend_R","Defend_R","Bash","Thunderclap","Anger+1","Inflame+1","Reaper","Juggernaut","Clothesline","Discovery"],"relics":["Burning Blood","SsserpentHead","Mercury Hourglass","Letter Opener","PreservedInsect","Omamori"],"potions_floor_usage":[7,12,13],"damage_taken":[{"damage":5,"enemies":"2 Louse","floor":1,"turns":4},{"damage":1,"enemies":"Cultist","floor":5,"turns":3},{"damage":8,"enemies":"Small Slimes","floor":7,"turns":2},{"damage":30,"enemies":"3 Sentries","floor":10,"turns":6},{"damage":30,"enemies":"Lagavulin","floor":12,"turns":4},{"damage":20,"enemies":"Exordium Thugs","floor":13,"turns":4},{"damage":43,"enemies":"Slime Boss","floor":16,"turns":5}],"seed_played":"7526166432800613742","potions_obtained":[{"floor":1,"key":"EssenceOfSteel"},{"floor":10,"key":"PowerPotion"},{"floor":12,"key":"GamblersBrew"}],"is_trial":false,"path_per_floor":["M","?","$","?","M","R","M","R","T","E","$","E","M","$","R","B"],"character_chosen":"IRONCLAD","items_purchased":["Juggernaut","PreservedInsect","Discovery"],"campfire_rested":1,"item_purchase_floors":[11,11,14],"current_hp_per_floor":[69,58,58,58,63,63,61,61,61,37,37,20,14,14,36,0],"gold":6,"neow_bonus":"HUNDRED_GOLD","is_prod":false,"is_daily":false,"chose_seed":false,"campfire_upgraded":2,"win_rate":0,"timestamp":1561698207,"path_taken":["M","?","$","?","M","R","M","R","T","E","$","E","?","$","R","BOSS"],"build_version":"2019-01-23","purchased_purges":0,"victory":false,"max_hp_per_floor":[75,75,75,75,75,75,75,75,75,75,75,75,75,75,75,75],"card_choices":[{"not_picked":["Blood for Blood","Warcry"],"picked":"Thunderclap","floor":1},{"not_picked":["Intimidate","Rage"],"picked":"Anger","floor":5},{"not_picked":["Headbutt","Clash"],"picked":"Inflame","floor":7},{"not_picked":["Sword Boomerang","Uppercut"],"picked":"Reaper","floor":10},{"not_picked":["Battle Trance","Anger"],"picked":"Clothesline","floor":12},{"not_picked":["Pommel Strike","Warcry","Armaments"],"picked":"SKIP","floor":13}],"player_experience":1091739,"relics_obtained":[{"floor":9,"key":"Mercury Hourglass"},{"floor":10,"key":"Letter Opener"},{"floor":12,"key":"Omamori"}],"event_choices":[{"damage_healed":0,"gold_gain":75,"player_choice":"Gather Gold","damage_taken":11,"max_hp_gain":0,"max_hp_loss":0,"event_name":"World of Goop","floor":2,"gold_loss":0},{"damage_healed":0,"gold_gain":0,"player_choice":"Trade","damage_taken":0,"relics_obtained":["SsserpentHead"],"max_hp_gain":0,"max_hp_loss":0,"event_name":"FaceTrader","floor":4,"gold_loss":0}],"is_beta":false,"boss_relics":[],"items_purged_floors":[],"is_endless":false,"potions_floor_spawned":[1,10,12],"killed_by":"Slime Boss","ascension_level":19}