{"gold_per_floor":[117,192,192,211,211,249,249,269,269,269,313,313,332,371,371,371],"floor_reached":16,"playtime":628,"items_purged":[],"score":165,"play_id":"afa9cc3c-b5e9-4e10-b172-7d3e4da1f2f8","local_time":"20190217152555","is_ascension_mode":true,"campfire_choices":[{"floor":7.0,"key":"REST"},{"floor":10.0,"key":"REST"},{"floor":12,"key":"REST"},{"floor":15,"key":"REST"}],"neow_cost":"NONE","seed_source_timestamp":0,"circlet_count":0,"master_deck":["Strike_R","Strike_R","Strike_R","Strike_R","Strike_R","Defend_R","Defend_R+1","Defend_R","Defend_R","Bash+1","Armaments","Disarm","Injury","Uppercut","Cleave"],"special_seed":0,"relics":["Burning Blood","Golden Idol","Singing Bowl","Letter Opener","Bag of Marbles","Centennial Puzzle"],"potions_floor_usage":[11,13],"damage_taken":[{"damage":0.0,"enemies":"Small Slimes","floor":1.0,"turns":3.0},{"damage":0.0,"enemies":"2 Louse","floor":4.0,"turns":3.0},{"damage":44.0,"enemies":"Gremlin Nob","floor":6.0,"turns":6.0},{"damage":6.0,"enemies":"Jaw Worm","floor":8.0,"turns":5.0},{"damage":45,"enemies":"3 Sentries","floor":11,"turns":12},{"damage":3,"enemies":"Large Slime","floor":13,"turns":5},{"damage":36,"enemies":"Lagavulin","floor":14,"turns":7},{"damage":57,"enemies":"Slime Boss","floor":16,"turns":7}],"seed_played":"-4426750127057518808","potions_obtained":[{"floor":1.0,"key":"SkillPotion"},{"floor":11,"key":"Block Potion"}],"is_trial":false,"path_per_floor":["M","?","?","M","?","E","R","M","T","R","E","R","M","E","R","B"],"character_chosen":"IRONCLAD","items_purchased":[],"campfire_rested":4,"item_purchase_floors":[],"current_hp_per_floor":[78,67,51,57,57,21,45,45,45,69,30,54,59,31,56,0],"gold":371,"neow_bonus":"THREE_CARDS","is_prod":false,"is_daily":false,"chose_seed":false,"campfire_upgraded":0,"win_rate":0,"timestamp":1550435155,"path_taken":["M","?","?","M","?","E","R","M","T","R","E","R","?","E","R","BOSS"],"build_version":"2019-01-23","purchased_purges":0,"victory":false,"max_hp_per_floor":[80,80,80,80,80,82,82,82,82,82,82,82,84,86,86,86],"card_choices":[{"not_picked":["Headbutt","Second Wind"],"picked":"Armaments","floor":0.0},{"not_picked":["Battle Trance","Flex","Havoc"],"picked":"SKIP","floor":1.0},{"not_picked":["Headbutt","Whirlwind"],"picked":"Disarm","floor":4.0},{"not_picked":["Fiend Fire","Rupture","Havoc"],"picked":"Singing Bowl","floor":6.0},{"not_picked":["Clash","Heavy Blade"],"picked":"Uppercut","floor":8.0},{"not_picked":["Uppercut","Metallicize"],"picked":"Cleave","floor":11},{"not_picked":["Carnage","Warcry","Clash"],"picked":"Singing Bowl","floor":13},{"not_picked":["Rage","Cleave","Offering"],"picked":"Singing Bowl","floor":14}],"player_experience":266744,"relics_obtained":[{"floor":6.0,"key":"Singing Bowl"},{"floor":9.0,"key":"Letter Opener"},{"floor":11,"key":"Bag of Marbles"},{"floor":14,"key":"Centennial Puzzle"}],"event_choices":[{"damage_healed":0.0,"max_hp_gain":0.0,"max_hp_loss":0.0,"gold_gain":75.0,"event_name":"World of Goop","player_choice":"Gather Gold","floor":2.0,"gold_loss":0.0,"damage_taken":11.0},{"damage_healed":0.0,"max_hp_gain":0.0,"max_hp_loss":0.0,"gold_gain":0.0,"event_name":"Shining Light","player_choice":"Entered Light","floor":3.0,"gold_loss":0.0,"damage_taken":16.0,"cards_upgraded":["Bash","Defend_R"]},{"damage_healed":0.0,"max_hp_gain":0.0,"max_hp_loss":0.0,"gold_gain":0.0,"event_name":"Golden Idol","player_choice":"Take Wound","floor":5.0,"gold_loss":0.0,"damage_taken":0.0,"relics_obtained":["Golden Idol"],"cards_obtained":["Injury"]}],"is_beta":false,"boss_relics":[],"items_purged_floors":[],"is_endless":false,"potions_floor_spawned":[1,11],"killed_by":"Slime Boss","ascension_level":8}