{"gold_per_floor":[110,120,133,58,73,73,104,104,131,147,173,192,267,267,267,364,364,319,319,319,319,319,319,319,319,319,319,319,319,33,33,33,33,33,33,33,33,33,33,33,33,33,33,33,33,33,33,33,33,33],"floor_reached":51,"playtime":1568,"items_purged":["Normality"],"score":706,"play_id":"6a724298-2fa4-4c44-bb94-00dd9c803ee7","local_time":"20190504174126","is_ascension_mode":false,"campfire_choices":[{"data":"Bludgeon","floor":6,"key":"SMITH"},{"data":"Body Slam","floor":8,"key":"SMITH"},{"data":"Bash","floor":15,"key":"SMITH"},{"data":"Flame Barrier","floor":24,"key":"SMITH"},{"data":"Decay","floor":32,"key":"PURGE"},{"data":"Parasite","floor":40,"key":"PURGE"},{"data":"Bludgeon","floor":42,"key":"SMITH"},{"data":"Normality","floor":44,"key":"PURGE"},{"data":"Strike_R","floor":49,"key":"PURGE"}],"neow_cost":"CURSE","seed_source_timestamp":509399722907858,"circlet_count":0,"master_deck":["Strike_R","Strike_R","Strike_R","Defend_R","Defend_R","Defend_R","Bash+1","Bludgeon+1","Flame Barrier+1","Body Slam+1","Inflame","Uppercut+1","Bludgeon+1","True Grit+1","Exhume","Battle Trance+1","Immolate","Armaments+1","Thunderclap","Cleave","Flame Barrier+1","Double Tap+1"],"relics":["Burning Blood","Blood Vial","Happy Flower","Orichalcum","Ectoplasm","MutagenicStrength","Toxic Egg 2","Bottled Lightning","Peace Pipe","Cursed Key","Champion Belt","Strawberry"],"potions_floor_usage":[16,18,23,33,33,33,50,50,50],"damage_taken":[{"damage":0,"enemies":"Cultist","floor":1,"turns":2},{"damage":8,"enemies":"2 Louse","floor":2,"turns":2},{"damage":5,"enemies":"Small Slimes","floor":3,"turns":2},{"damage":0,"enemies":"2 Fungi Beasts","floor":5,"turns":3},{"damage":31,"enemies":"Lagavulin","floor":7,"turns":5},{"damage":12,"enemies":"Blue Slaver","floor":10,"turns":2},{"damage":0,"enemies":"Gremlin Nob","floor":11,"turns":2},{"damage":6,"enemies":"Red Slaver","floor":12,"turns":3},{"damage":13,"enemies":"Slime Boss","floor":16,"turns":7},{"damage":2,"enemies":"2 Thieves","floor":18,"turns":3},{"damage":0,"enemies":"3 Byrds","floor":20,"turns":3},{"damage":27,"enemies":"Gremlin Leader","floor":23,"turns":5},{"damage":12,"enemies":"Snecko","floor":25,"turns":4},{"damage":0,"enemies":"Cultist and Chosen","floor":27,"turns":5},{"damage":4,"enemies":"Centurion and Healer","floor":28,"turns":5},{"damage":6,"enemies":"3 Cultists","floor":29,"turns":4},{"damage":57,"enemies":"Collector","floor":33,"turns":7},{"damage":5,"enemies":"Orb Walker","floor":35,"turns":3},{"damage":0,"enemies":"Mind Bloom Boss Battle","floor":36,"turns":3},{"damage":32,"enemies":"3 Darklings","floor":38,"turns":6},{"damage":12,"enemies":"Writhing Mass","floor":39,"turns":5},{"damage":0,"enemies":"Transient","floor":45,"turns":5},{"damage":7,"enemies":"Jaw Worm Horde","floor":46,"turns":3},{"damage":2,"enemies":"4 Shapes","floor":48,"turns":4},{"damage":65,"enemies":"Time Eater","floor":50,"turns":11}],"seed_played":"-6304671440070299814","potions_obtained":[{"floor":3,"key":"Explosive Potion"},{"floor":5,"key":"PowerPotion"},{"floor":7,"key":"SteroidPotion"},{"floor":18,"key":"Explosive Potion"},{"floor":20,"key":"Block Potion"},{"floor":29,"key":"EssenceOfSteel"},{"floor":35,"key":"Dexterity Potion"},{"floor":38,"key":"PowerPotion"},{"floor":45,"key":"Poison Potion"}],"is_trial":false,"path_per_floor":["M","M","M","$","M","R","E","R","T","M","E","M","?","?","R","B",null,"M","$","M","?","?","E","R","M","T","M","M","M","$","?","R","B",null,"M","?","$","M","M","R","?","R","T","R","M","M","?","M","R","B",null],"character_chosen":"IRONCLAD","items_purchased":["Peace Pipe"],"campfire_rested":0,"item_purchase_floors":[30],"current_hp_per_floor":[80,78,79,79,80,80,55,55,55,51,59,61,50,50,50,45,80,80,80,80,80,80,59,59,55,55,63,67,69,69,69,69,20,80,80,80,80,54,50,50,50,50,57,57,65,66,66,72,72,15],"gold":33,"neow_bonus":"THREE_RARE_CARDS","is_prod":false,"is_daily":false,"chose_seed":false,"campfire_upgraded":5,"win_rate":0,"timestamp":1557006086,"path_taken":["M","M","M","$","M","R","E","R","T","M","E","?","?","?","R","BOSS","M","$","M","?","?","E","R","M","T","M","?","M","?","?","R","BOSS","M","?","$","M","M","R","?","R","T","R","M","?","?","M","R","BOSS"],"build_version":"2019-01-23","purchased_purges":1,"victory":true,"max_hp_per_floor":[80,80,80,80,80,80,80,80,80,80,80,80,80,80,80,80,80,80,80,80,80,80,80,80,80,80,80,80,80,80,80,80,80,80,80,80,80,80,80,77,77,77,84,84,84,84,84,84,84,84],"card_choices":[{"not_picked":["Double Tap","Berserk"],"picked":"Bludgeon","floor":0},{"not_picked":["Havoc","Power Through","Dual Wield"],"picked":"SKIP","floor":1},{"not_picked":["Cleave","Anger"],"picked":"Flame Barrier","floor":2},{"not_picked":["Flex","Bloodletting"],"picked":"Body Slam","floor":3},{"not_picked":["True Grit","Sword Boomerang","Body Slam"],"picked":"SKIP","floor":5},{"not_picked":["Rage","Bloodletting"],"picked":"Inflame","floor":7},{"not_picked":["Flex","Armaments"],"picked":"Uppercut","floor":10},{"not_picked":["Sentinel","Bloodletting","Wild Strike"],"picked":"SKIP","floor":11},{"not_picked":["Sentinel","Bloodletting","Wild Strike"],"picked":"SKIP","floor":11},{"not_picked":["Heavy Blade","Body Slam","Flex"],"picked":"SKIP","floor":12},{"not_picked":["Impervious","Fiend Fire"],"picked":"Bludgeon","floor":16},{"not_picked":["Body Slam","Clash","Seeing Red"],"picked":"SKIP","floor":18},{"not_picked":["Sword Boomerang","Clothesline"],"picked":"True Grit+1","floor":20},{"not_picked":["Anger","Hemokinesis","Carnage+1"],"picked":"SKIP","floor":23},{"not_picked":["Sentinel+1","Shockwave+1","Clash"],"picked":"SKIP","floor":25},{"not_picked":["Wild Strike","Thunderclap","Clash"],"picked":"SKIP","floor":27},{"not_picked":["Clash","Havoc+1"],"picked":"Battle Trance+1","floor":28},{"not_picked":["Feel No Pain","Inflame","Havoc+1"],"picked":"SKIP","floor":29},{"not_picked":["Bludgeon","Exhume+1"],"picked":"Immolate","floor":33},{"not_picked":["Pommel Strike","Dual Wield+1"],"picked":"Armaments+1","floor":35},{"not_picked":["Armaments+1","Warcry+1"],"picked":"Thunderclap","floor":36},{"not_picked":["Battle Trance+1","Power Through+1"],"picked":"Cleave","floor":38},{"not_picked":["Headbutt+1","Power Through+1","Whirlwind"],"picked":"SKIP","floor":39},{"not_picked":["Flex+1","Sword Boomerang"],"picked":"Flame Barrier+1","floor":45},{"not_picked":["Blood for Blood","Shockwave+1"],"picked":"Double Tap+1","floor":46},{"not_picked":["Iron Wave","Whirlwind","True Grit+1"],"picked":"SKIP","floor":48}],"player_experience":658427,"relics_obtained":[{"floor":7,"key":"Blood Vial"},{"floor":9,"key":"Happy Flower"},{"floor":11,"key":"Orichalcum"},{"floor":23,"key":"Toxic Egg 2"},{"floor":26,"key":"Bottled Lightning"},{"floor":36,"key":"Champion Belt"},{"floor":43,"key":"Strawberry"}],"event_choices":[{"damage_healed":0,"gold_gain":75,"player_choice":"Gather Gold","damage_taken":11,"max_hp_gain":0,"max_hp_loss":0,"event_name":"World of Goop","floor":13,"gold_loss":0},{"damage_healed":0,"gold_gain":0,"player_choice":"Grow","damage_taken":0,"max_hp_gain":0,"max_hp_loss":0,"event_name":"Living Wall","floor":14,"gold_loss":0,"cards_upgraded":["Uppercut"]},{"damage_healed":0,"gold_gain":0,"player_choice":"Inject Mutagens","damage_taken":0,"relics_obtained":["MutagenicStrength"],"max_hp_gain":0,"max_hp_loss":0,"event_name":"Drug Dealer","floor":21,"gold_loss":0},{"damage_healed":0,"gold_gain":0,"cards_transformed":["Strike_R"],"player_choice":"Transformed","damage_taken":0,"max_hp_gain":0,"max_hp_loss":0,"event_name":"Transmorgrifier","floor":22,"gold_loss":0,"cards_obtained":["Exhume"]},{"damage_healed":0,"gold_gain":0,"player_choice":"Smashed Altar","damage_taken":0,"max_hp_gain":0,"max_hp_loss":0,"event_name":"Forgotten Altar","floor":31,"gold_loss":0,"cards_obtained":["Decay"]},{"damage_healed":0,"gold_gain":0,"player_choice":"Fight","damage_taken":0,"max_hp_gain":0,"max_hp_loss":0,"event_name":"MindBloom","floor":36,"gold_loss":0},{"damage_healed":0,"gold_gain":0,"player_choice":"Ignored","damage_taken":0,"max_hp_gain":0,"max_hp_loss":0,"event_name":"NoteForYourself","floor":41,"gold_loss":0},{"cards_removed":["Defend_R"],"damage_healed":0,"gold_gain":0,"player_choice":"Removed Skill","damage_taken":0,"max_hp_gain":0,"max_hp_loss":0,"event_name":"Falling","floor":47,"gold_loss":0}],"is_beta":false,"boss_relics":[{"not_picked":["Calling Bell","Runic Pyramid"],"picked":"Ectoplasm"},{"not_picked":["Black Blood","Coffee Dripper"],"picked":"Cursed Key"}],"items_purged_floors":[4],"is_endless":false,"potions_floor_spawned":[3,5,7,18,20,29,35,38,45],"ascension_level":0}