{"gold_per_floor":[109,124,48,48,64,64,82,82,82,82,7,22,36,47,47,125,125,104,23,34,34,34,34,47,47,47,47],"floor_reached":27,"playtime":925,"items_purged":["Pain"],"score":400,"play_id":"150c9ea4-0f7b-4a6b-b6b0-e22075b4c2a2","local_time":"20190701191808","is_ascension_mode":true,"campfire_choices":[{"data":"Inflame","floor":6,"key":"SMITH"},{"data":"Infernal Blade","floor":10,"key":"SMITH"},{"floor":15,"key":"REST"},{"floor":23,"key":"REST"},{"floor":25,"key":"REST"}],"neow_cost":"NONE","seed_source_timestamp":1628284174841145,"circlet_count":0,"master_deck":["AscendersBane","Strike_R","Strike_R","Strike_R","Strike_R","Strike_R","Defend_R","Defend_R","Defend_R","Defend_R","Bash","Impatience","True Grit","Infernal Blade+1","Shrug It Off","Battle Trance","Shrug It Off","Ghostly Armor","Headbutt","Bludgeon","Burning Pact+1","Corruption","Infernal Blade"],"relics":["Burning Blood","WarpedTongs","Omamori","Paper Frog","Runic Cube","Mummified Hand","Red Skull"],"potions_floor_usage":[16,18,20,20,27],"damage_taken":[{"damage":1,"enemies":"2 Louse","floor":1,"turns":3},{"damage":12,"enemies":"Cultist","floor":2,"turns":4},{"damage":26,"enemies":"Small Slimes","floor":5,"turns":5},{"damage":10,"enemies":"2 Fungi Beasts","floor":7,"turns":5},{"damage":14,"enemies":"Red Slaver","floor":12,"turns":3},{"damage":23,"enemies":"Exordium Wildlife","floor":13,"turns":5},{"damage":3,"enemies":"3 Louse","floor":14,"turns":5},{"damage":34,"enemies":"Slime Boss","floor":16,"turns":8},{"damage":17,"enemies":"2 Thieves","floor":18,"turns":4},{"damage":18,"enemies":"3 Byrds","floor":20,"turns":6},{"damage":48,"enemies":"Cultist and Chosen","floor":24,"turns":6},{"damage":40,"enemies":"Chosen and Byrds","floor":27,"turns":3}],"seed_played":"-3450537029816834740","potions_obtained":[{"floor":12,"key":"Strength Potion"},{"floor":13,"key":"Weak Potion"},{"floor":16,"key":"Swift Potion"},{"floor":18,"key":"AttackPotion"},{"floor":24,"key":"EssenceOfSteel"}],"is_trial":false,"path_per_floor":["M","M","$","?","M","R","M","T","T","R","$","M","M","M","R","B",null,"M","$","M","$","?","R","M","R","T","M"],"character_chosen":"IRONCLAD","items_purchased":["Inflame","Corruption"],"campfire_rested":3,"item_purchase_floors":[3,19],"current_hp_per_floor":[73,67,67,67,47,47,43,43,43,43,43,35,18,21,43,15,60,49,49,37,37,37,59,17,39,39,0],"gold":47,"neow_bonus":"RANDOM_COLORLESS","is_prod":false,"is_daily":false,"chose_seed":false,"campfire_upgraded":2,"win_rate":0,"timestamp":1562033888,"path_taken":["M","M","$","?","M","R","?","?","T","R","$","M","M","M","R","BOSS","M","$","M","$","?","R","?","R","T","M"],"build_version":"2019-07-01","purchased_purges":1,"victory":false,"max_hp_per_floor":[75,75,75,75,75,75,75,75,75,75,75,75,75,75,75,75,75,75,75,75,75,75,75,75,75,75,75],"card_choices":[{"not_picked":["Heavy Blade","Clash"],"picked":"True Grit","floor":1},{"not_picked":["Pommel Strike","Havoc"],"picked":"Infernal Blade","floor":2},{"not_picked":["Havoc","Wild Strike"],"picked":"Shrug It Off","floor":5},{"not_picked":["Thunderclap","Clothesline"],"picked":"Battle Trance","floor":7},{"not_picked":["Clash","Sword Boomerang"],"picked":"Shrug It Off","floor":12},{"not_picked":["Searing Blow","Twin Strike"],"picked":"Ghostly Armor","floor":13},{"not_picked":["Havoc","Carnage"],"picked":"Headbutt","floor":14},{"not_picked":["Fiend Fire","Juggernaut"],"picked":"Bludgeon","floor":16},{"not_picked":["Clothesline","Pommel Strike"],"picked":"Burning Pact+1","floor":18},{"not_picked":["Havoc","Twin Strike","Cleave"],"picked":"SKIP","floor":20},{"not_picked":["Twin Strike","Bloodletting"],"picked":"Infernal Blade","floor":24}],"player_experience":1108428,"relics_obtained":[{"floor":8,"key":"Omamori"},{"floor":9,"key":"Paper Frog"},{"floor":26,"key":"Red Skull"}],"event_choices":[{"damage_healed":0,"gold_gain":0,"player_choice":"Rummage","damage_taken":0,"relics_obtained":["WarpedTongs"],"max_hp_gain":0,"max_hp_loss":0,"event_name":"Accursed Blacksmith","floor":4,"gold_loss":0,"cards_obtained":["Pain"]},{"cards_removed":["Inflame"],"damage_healed":0,"gold_gain":0,"player_choice":"Gave Card","damage_taken":0,"relics_obtained":["Mummified Hand"],"max_hp_gain":0,"max_hp_loss":0,"event_name":"WeMeetAgain","floor":22,"gold_loss":0}],"is_beta":false,"boss_relics":[{"not_picked":["Black Star","Philosopher\u0027s Stone"],"picked":"Runic Cube"}],"items_purged_floors":[11],"is_endless":false,"potions_floor_spawned":[12,13,14,16,18,24],"killed_by":"Chosen and Byrds","ascension_level":19}