{"gold_per_floor":[113,128,128,146,156,156,172,184,184,194,194,194],"floor_reached":12,"playtime":408,"items_purged":[],"score":144,"play_id":"9dca460d-498f-480c-965a-2ec1f28a941b","local_time":"20190628210633","is_ascension_mode":true,"campfire_choices":[{"data":"True Grit","floor":6,"key":"SMITH"},{"data":"Whirlwind","floor":11,"key":"SMITH"}],"neow_cost":"PERCENT_DAMAGE","seed_source_timestamp":1376111187699209,"circlet_count":0,"master_deck":["AscendersBane","Strike_R","Strike_R","Strike_R","Strike_R","Strike_R","Defend_R","Defend_R","Defend_R","Defend_R","Bash","Cleave","Spot Weakness","Cleave","True Grit+1","Heavy Blade","Reaper","Whirlwind+1"],"relics":["Burning Blood","Ginger","Smiling Mask"],"potions_floor_usage":[7,8,12],"damage_taken":[{"damage":14,"enemies":"Jaw Worm","floor":1,"turns":3},{"damage":2,"enemies":"Cultist","floor":2,"turns":4},{"damage":10,"enemies":"Small Slimes","floor":4,"turns":3},{"damage":4,"enemies":"Red Slaver","floor":5,"turns":5},{"damage":0,"enemies":"2 Fungi Beasts","floor":7,"turns":3},{"damage":11,"enemies":"Gremlin Gang","floor":8,"turns":3},{"damage":10,"enemies":"3 Louse","floor":10,"turns":3},{"damage":65,"enemies":"Lagavulin","floor":12,"turns":6}],"seed_played":"3827982946024283286","potions_obtained":[{"floor":5,"key":"Explosive Potion"},{"floor":7,"key":"Poison Potion"},{"floor":10,"key":"Ancient Potion"}],"is_trial":false,"path_per_floor":["M","M","$","M","M","R","M","M","T","M","R","E"],"character_chosen":"IRONCLAD","items_purchased":[],"campfire_rested":0,"item_purchase_floors":[],"current_hp_per_floor":[42,46,46,42,44,44,50,45,45,46,46,0],"gold":194,"neow_bonus":"ONE_RARE_RELIC","is_prod":false,"is_daily":false,"chose_seed":false,"campfire_upgraded":2,"win_rate":0,"timestamp":1561781193,"path_taken":["M","M","$","M","M","R","M","M","T","M","R","E"],"build_version":"2019-01-23","purchased_purges":0,"victory":false,"max_hp_per_floor":[75,75,75,75,75,75,75,75,75,75,75,75],"card_choices":[{"not_picked":["Twin Strike","Evolve"],"picked":"Cleave","floor":1},{"not_picked":["Inflame","Anger"],"picked":"Spot Weakness","floor":2},{"not_picked":["Flex","Iron Wave"],"picked":"Cleave","floor":4},{"not_picked":["Clothesline","Headbutt"],"picked":"True Grit","floor":5},{"not_picked":["Bloodletting","Twin Strike"],"picked":"Heavy Blade","floor":7},{"not_picked":["Inflame","Metallicize"],"picked":"Reaper","floor":8},{"not_picked":["Armaments","Flex"],"picked":"Whirlwind","floor":10}],"player_experience":1101324,"relics_obtained":[{"floor":9,"key":"Smiling Mask"}],"event_choices":[],"is_beta":false,"boss_relics":[],"items_purged_floors":[],"is_endless":false,"potions_floor_spawned":[5,7,10],"killed_by":"Lagavulin","ascension_level":19}