{"gold_per_floor":[115,115,129,142,71,106,106,139,165,165,165,165,38,57,57,57],"floor_reached":16,"playtime":438,"items_purged":[],"score":189,"play_id":"69bde358-0de2-49a3-9ec1-139d450b87d7","local_time":"20190503112739","is_ascension_mode":true,"campfire_choices":[{"data":"Evolve","floor":7,"key":"SMITH"},{"data":"Flame Barrier","floor":10,"key":"SMITH"},{"data":"Metallicize","floor":12,"key":"SMITH"},{"data":"Inflame","floor":15,"key":"SMITH"}],"neow_cost":"NONE","seed_source_timestamp":573650860014791,"circlet_count":0,"master_deck":["AscendersBane","Strike_R","Strike_R","Strike_R","Strike_R","Strike_R","Defend_R","Defend_R","Defend_R","Defend_R","Bash","Pommel Strike","Metallicize+1","Evolve+1","Flame Barrier+1","Inflame+1","Ghostly Armor","Heavy Blade"],"relics":["Burning Blood","NeowsBlessing","Bottled Lightning","Bottled Flame","Mercury Hourglass","Oddly Smooth Stone","Golden Idol"],"potions_floor_usage":[6,8,16],"damage_taken":[{"damage":0,"enemies":"Cultist","floor":1,"turns":1},{"damage":0,"enemies":"2 Louse","floor":3,"turns":1},{"damage":0,"enemies":"Jaw Worm","floor":4,"turns":1},{"damage":53,"enemies":"Lagavulin","floor":6,"turns":10},{"damage":16,"enemies":"Gremlin Nob","floor":8,"turns":4},{"damage":3,"enemies":"Exordium Thugs","floor":14,"turns":5},{"damage":35,"enemies":"The Guardian","floor":16,"turns":10}],"seed_played":"3507281693947321500","potions_obtained":[{"floor":1,"key":"EssenceOfSteel"},{"floor":6,"key":"AttackPotion"},{"floor":8,"key":"FairyPotion"}],"is_trial":false,"path_per_floor":["M","T","M","M","$","E","R","E","T","R","?","R","$","M","R","B"],"character_chosen":"IRONCLAD","items_purchased":["Evolve","Ghostly Armor","Strength Potion"],"campfire_rested":0,"item_purchase_floors":[5,13,13],"current_hp_per_floor":[74,74,75,75,75,28,28,18,18,18,18,18,18,21,21,0],"gold":57,"neow_bonus":"THREE_ENEMY_KILL","is_prod":false,"is_daily":false,"chose_seed":false,"campfire_upgraded":4,"win_rate":0,"timestamp":1556908059,"path_taken":["M","?","?","M","$","E","R","E","T","R","?","R","?","M","R","BOSS"],"build_version":"2019-01-23","purchased_purges":0,"victory":false,"max_hp_per_floor":[75,75,75,75,75,75,75,75,75,75,68,68,68,68,68,68],"card_choices":[{"not_picked":["Second Wind","Clash"],"picked":"Pommel Strike","floor":1},{"not_picked":["True Grit","Sentinel"],"picked":"Metallicize","floor":3},{"not_picked":["Flex","Warcry","Combust"],"picked":"SKIP","floor":4},{"not_picked":["Pummel","Pommel Strike"],"picked":"Flame Barrier","floor":6},{"not_picked":["Armaments","Heavy Blade"],"picked":"Inflame","floor":8},{"not_picked":["Body Slam","Havoc"],"picked":"Heavy Blade","floor":14}],"player_experience":874781,"relics_obtained":[{"floor":2,"key":"Bottled Lightning"},{"floor":6,"key":"Bottled Flame"},{"floor":8,"key":"Mercury Hourglass"},{"floor":9,"key":"Oddly Smooth Stone"}],"event_choices":[{"damage_healed":0,"gold_gain":0,"player_choice":"Lose Max HP","damage_taken":0,"relics_obtained":["Golden Idol"],"max_hp_gain":0,"max_hp_loss":7,"event_name":"Golden Idol","floor":11,"gold_loss":0}],"is_beta":false,"boss_relics":[],"items_purged_floors":[],"is_endless":false,"potions_floor_spawned":[1,6,8],"killed_by":"The Guardian","ascension_level":15}