{"gold_per_floor":[118,135,154,154,173,173,204,204,272,272,283,283,303,328,328,328],"floor_reached":16,"playtime":423,"items_purged":[],"score":224,"play_id":"48ea5e41-012a-46a3-924e-f46759a358ee","local_time":"20190526180720","is_ascension_mode":true,"campfire_choices":[{"data":"Armaments","floor":6,"key":"SMITH"},{"data":"Uppercut","floor":10,"key":"SMITH"},{"data":"Cleave","floor":15,"key":"SMITH"}],"neow_cost":"NONE","seed_source_timestamp":781007209775442,"circlet_count":0,"master_deck":["AscendersBane","Strike_R","Strike_R","Strike_R","Strike_R","Strike_R","Defend_R","Defend_R","Defend_R","Defend_R","Bash","Armaments+1","Uppercut+1","Limit Break","Pommel Strike","Hemokinesis","Cleave+1"],"relics":["Burning Blood","NeowsBlessing","FaceOfCleric","Mango","Bottled Flame","Boot","Bag of Preparation"],"potions_floor_usage":[7,7],"damage_taken":[{"damage":0,"enemies":"2 Louse","floor":1,"turns":1},{"damage":0,"enemies":"Cultist","floor":2,"turns":1},{"damage":0,"enemies":"Small Slimes","floor":3,"turns":1},{"damage":12,"enemies":"Blue Slaver","floor":5,"turns":5},{"damage":6,"enemies":"Gremlin Nob","floor":7,"turns":3},{"damage":5,"enemies":"Exordium Wildlife","floor":11,"turns":3},{"damage":9,"enemies":"Looter","floor":13,"turns":3},{"damage":55,"enemies":"3 Sentries","floor":14,"turns":9},{"damage":48,"enemies":"Slime Boss","floor":16,"turns":6}],"seed_played":"-2782318021335048549","potions_obtained":[{"floor":2,"key":"Strength Potion"},{"floor":5,"key":"Energy Potion"}],"is_trial":false,"path_per_floor":["M","M","M","?","M","R","E","?","T","R","M","T","M","E","R","B"],"character_chosen":"IRONCLAD","items_purchased":[],"campfire_rested":0,"item_purchase_floors":[],"current_hp_per_floor":[74,75,75,75,70,70,85,85,85,85,87,87,85,37,37,0],"gold":328,"neow_bonus":"THREE_ENEMY_KILL","is_prod":false,"is_daily":false,"chose_seed":false,"campfire_upgraded":3,"win_rate":0,"timestamp":1558908440,"path_taken":["M","M","M","?","?","R","E","?","T","R","M","?","?","E","R","BOSS"],"build_version":"2019-01-23","purchased_purges":0,"victory":false,"max_hp_per_floor":[75,75,75,75,76,76,91,91,91,91,92,92,93,94,94,94],"card_choices":[{"not_picked":["Thunderclap","Combust"],"picked":"Armaments","floor":1},{"not_picked":["Havoc","Sword Boomerang"],"picked":"Uppercut","floor":2},{"not_picked":["Body Slam","Perfected Strike","Heavy Blade"],"picked":"SKIP","floor":3},{"not_picked":["Corruption","Blood for Blood"],"picked":"Limit Break","floor":5},{"not_picked":["Anger","Armaments"],"picked":"Pommel Strike","floor":7},{"not_picked":["Flex","Ghostly Armor"],"picked":"Hemokinesis","floor":11},{"not_picked":["Pommel Strike","Corruption","Sever Soul"],"picked":"SKIP","floor":13},{"not_picked":["Shockwave","Pommel Strike"],"picked":"Cleave","floor":14}],"player_experience":767872,"relics_obtained":[{"floor":7,"key":"Mango"},{"floor":9,"key":"Bottled Flame"},{"floor":12,"key":"Boot"},{"floor":14,"key":"Bag of Preparation"}],"event_choices":[{"damage_healed":0,"gold_gain":0,"player_choice":"Trade","damage_taken":0,"relics_obtained":["FaceOfCleric"],"max_hp_gain":0,"max_hp_loss":0,"event_name":"FaceTrader","floor":4,"gold_loss":0},{"damage_healed":0,"gold_gain":0,"player_choice":"Ignored","damage_taken":0,"max_hp_gain":0,"max_hp_loss":0,"event_name":"Liars Game","floor":8,"gold_loss":0}],"is_beta":false,"boss_relics":[],"items_purged_floors":[],"is_endless":false,"potions_floor_spawned":[2,5],"killed_by":"Slime Boss","ascension_level":20}