{"gold_per_floor":[116,116,116,116,126,158,158,184,184,204,216,366,396,414,414,486,486,500,316,266,222,222,222,240,240,240,255,275,275],"floor_reached":29,"playtime":977,"items_purged":["Doubt"],"score":454,"play_id":"bd7439ee-2c82-4897-9e60-47a43146889f","local_time":"20190625150254","is_ascension_mode":true,"campfire_choices":[{"floor":7,"key":"REST"},{"floor":15,"key":"REST"},{"data":"Double Tap","floor":23,"key":"SMITH"},{"data":"Limit Break","floor":25,"key":"SMITH"}],"neow_cost":"PERCENT_DAMAGE","seed_source_timestamp":1094526616067463,"circlet_count":0,"master_deck":["AscendersBane","Strike_R","Strike_R","Strike_R","Strike_R","Defend_R","Defend_R","Defend_R","Defend_R","Bash","Iron Wave+1","Spot Weakness","True Grit","Infernal Blade","Double Tap+1","Rampage","Demon Form","Armaments","Shrug It Off","Sever Soul","Bash","Limit Break+1","Armaments"],"relics":["Burning Blood","StoneCalendar","Ginger","Self Forming Clay","Turnip","Coffee Dripper","Shuriken"],"potions_floor_usage":[6,16,16,24,27,28],"damage_taken":[{"damage":7,"enemies":"2 Louse","floor":1,"turns":4},{"damage":0,"enemies":"Jaw Worm","floor":5,"turns":3},{"damage":57,"enemies":"Gremlin Nob","floor":6,"turns":5},{"damage":24,"enemies":"3 Sentries","floor":8,"turns":7},{"damage":5,"enemies":"Small Slimes","floor":10,"turns":4},{"damage":21,"enemies":"Exordium Wildlife","floor":11,"turns":6},{"damage":8,"enemies":"Blue Slaver","floor":14,"turns":4},{"damage":23,"enemies":"The Guardian","floor":16,"turns":11},{"damage":12,"enemies":"Spheric Guardian","floor":18,"turns":4},{"damage":20,"enemies":"Shell Parasite","floor":24,"turns":6},{"damage":28,"enemies":"Snake Plant","floor":27,"turns":4},{"damage":4,"enemies":"Centurion and Healer","floor":28,"turns":6},{"damage":53,"enemies":"Cultist and Chosen","floor":29,"turns":5}],"seed_played":"3590952536579488868","potions_obtained":[{"floor":1,"key":"Swift Potion"},{"floor":11,"key":"FearPotion"},{"floor":14,"key":"Strength Potion"},{"floor":16,"key":"Block Potion"},{"floor":24,"key":"BloodPotion"},{"floor":27,"key":"Swift Potion"}],"is_trial":false,"path_per_floor":["M","?","?","?","M","E","R","E","T","M","M","?","?","M","R","B",null,"M","$","?","$","?","R","M","R","T","M","M","M"],"character_chosen":"IRONCLAD","items_purchased":["Shrug It Off","PowerPotion","Sever Soul"],"campfire_rested":2,"item_purchase_floors":[19,19,21],"current_hp_per_floor":[49,42,67,67,73,22,44,26,26,27,12,12,12,10,32,15,60,54,54,54,54,54,54,40,40,40,25,27,0],"gold":275,"neow_bonus":"ONE_RARE_RELIC","is_prod":false,"is_daily":false,"chose_seed":false,"campfire_upgraded":2,"win_rate":0,"timestamp":1561500174,"path_taken":["M","?","?","?","M","E","R","E","T","M","?","?","?","M","R","BOSS","M","$","?","?","?","R","M","R","T","M","M","?"],"build_version":"2019-01-23","purchased_purges":1,"victory":false,"max_hp_per_floor":[75,75,75,75,75,75,75,75,75,75,75,75,75,75,75,75,75,75,75,75,75,75,75,75,75,75,75,75,75],"card_choices":[{"not_picked":["Combust","Pommel Strike"],"picked":"Iron Wave","floor":1},{"not_picked":["Evolve","Havoc"],"picked":"Spot Weakness","floor":5},{"not_picked":["Cleave","Thunderclap"],"picked":"True Grit","floor":6},{"not_picked":["Rage","Rupture"],"picked":"Infernal Blade","floor":8},{"not_picked":["Body Slam","Clothesline"],"picked":"Double Tap","floor":10},{"not_picked":["Armaments","Evolve","Pommel Strike"],"picked":"SKIP","floor":11},{"not_picked":["Pommel Strike","Body Slam"],"picked":"Rampage","floor":14},{"not_picked":["Brutality","Bludgeon"],"picked":"Demon Form","floor":16},{"not_picked":["Anger","Seeing Red"],"picked":"Armaments","floor":18},{"not_picked":["Warcry","Blood for Blood"],"picked":"Limit Break","floor":24},{"not_picked":["Wild Strike","Body Slam","Thunderclap"],"picked":"SKIP","floor":27},{"not_picked":["Warcry","Pommel Strike"],"picked":"Armaments","floor":28}],"player_experience":1076545,"relics_obtained":[{"floor":6,"key":"Ginger"},{"floor":8,"key":"Self Forming Clay"},{"floor":9,"key":"Turnip"},{"floor":26,"key":"Shuriken"}],"event_choices":[{"cards_removed":["Strike_R"],"damage_healed":0,"gold_gain":0,"player_choice":"Card Removal","damage_taken":7,"max_hp_gain":0,"max_hp_loss":0,"event_name":"Golden Wing","floor":2,"gold_loss":0},{"damage_healed":25,"gold_gain":0,"player_choice":"Banana","damage_taken":0,"max_hp_gain":0,"max_hp_loss":0,"event_name":"Big Fish","floor":3,"gold_loss":0},{"damage_healed":0,"gold_gain":0,"player_choice":"Grow","damage_taken":0,"max_hp_gain":0,"max_hp_loss":0,"event_name":"Living Wall","floor":4,"gold_loss":0,"cards_upgraded":["Iron Wave"]},{"damage_healed":0,"gold_gain":150,"player_choice":"AGREE","damage_taken":0,"max_hp_gain":0,"max_hp_loss":0,"event_name":"Liars Game","floor":12,"gold_loss":0,"cards_obtained":["Doubt"]},{"damage_healed":0,"gold_gain":30,"player_choice":"Searched \u00271\u0027 times","damage_taken":0,"max_hp_gain":0,"max_hp_loss":0,"event_name":"Dead Adventurer","floor":13,"gold_loss":0},{"damage_healed":0,"gold_gain":0,"player_choice":"Bet on Owner","damage_taken":0,"max_hp_gain":0,"max_hp_loss":0,"event_name":"The Joust","floor":20,"gold_loss":50},{"damage_healed":0,"gold_gain":0,"player_choice":"1 cards matched","damage_taken":0,"max_hp_gain":0,"max_hp_loss":0,"event_name":"Match and Keep!","floor":22,"gold_loss":0,"cards_obtained":["Bash"]}],"is_beta":false,"boss_relics":[{"not_picked":["Runic Dome","Orrery"],"picked":"Coffee Dripper"}],"items_purged_floors":[19],"is_endless":false,"potions_floor_spawned":[1,11,14,16,24,27],"killed_by":"Cultist and Chosen","ascension_level":19}