{"gold_per_floor":[117,67,80,255,24,24,56,56,56,91,91,107,107,120,120,195,195,205,219,58,68,82,82,95,95,121,136,136,148,166,182,182,182],"floor_reached":33,"playtime":1690,"items_purged":["Doubt"],"score":513,"play_id":"638673a6-3ef4-4f2e-b807-fe1d649cc33c","local_time":"20190317225936","is_ascension_mode":true,"campfire_choices":[{"data":"Panacea","floor":6,"key":"SMITH"},{"data":"Machine Learning","floor":8,"key":"SMITH"},{"floor":15,"key":"REST"},{"data":"Fission","floor":25,"key":"SMITH"},{"data":"Amplify","floor":28,"key":"SMITH"},{"floor":32,"key":"REST"}],"neow_cost":"CURSE","seed_source_timestamp":2600811873382436,"circlet_count":0,"master_deck":["AscendersBane","Strike_B","Strike_B","Strike_B","Strike_B","Defend_B","Defend_B","Defend_B","Defend_B","Zap","Dualcast","Conserve Battery","Ball Lightning","Panacea+1","Conserve Battery","Ball Lightning","Machine Learning+1","Defragment","Sweeping Beam","Conserve Battery","Amplify+1","Leap","Defragment+1","Fission+1","Melter","Darkness","Cold Snap","Electrodynamics","Gash"],"relics":["Cracked Core","Dead Branch","Shuriken","Happy Flower","Mummified Hand","Meat on the Bone","Nuclear Battery","Juzu Bracelet"],"potions_floor_usage":[16,18,21,24,24,33],"damage_taken":[{"damage":1,"enemies":"2 Louse","floor":1,"turns":3},{"damage":2,"enemies":"Jaw Worm","floor":3,"turns":5},{"damage":33,"enemies":"Gremlin Nob","floor":7,"turns":4},{"damage":20,"enemies":"3 Sentries","floor":10,"turns":6},{"damage":0,"enemies":"Cultist","floor":12,"turns":3},{"damage":14,"enemies":"Lots of Slimes","floor":14,"turns":4},{"damage":0,"enemies":"The Guardian","floor":16,"turns":9},{"damage":22,"enemies":"2 Thieves","floor":18,"turns":3},{"damage":7,"enemies":"Shell Parasite","floor":19,"turns":5},{"damage":4,"enemies":"Snecko","floor":21,"turns":6},{"damage":14,"enemies":"3 Cultists","floor":22,"turns":5},{"damage":4,"enemies":"Cultist and Chosen","floor":24,"turns":6},{"damage":8,"enemies":"Snake Plant","floor":27,"turns":5},{"damage":36,"enemies":"Centurion and Healer","floor":29,"turns":6},{"damage":0,"enemies":"3 Cultists","floor":30,"turns":3},{"damage":22,"enemies":"Chosen and Byrds","floor":31,"turns":5},{"damage":53,"enemies":"Automaton","floor":33,"turns":6}],"seed_played":"3250294873165209176","potions_obtained":[{"floor":10,"key":"EssenceOfSteel"},{"floor":14,"key":"SteroidPotion"},{"floor":16,"key":"AttackPotion"},{"floor":18,"key":"Block Potion"},{"floor":21,"key":"AttackPotion"},{"floor":23,"key":"Block Potion"},{"floor":30,"key":"Dexterity Potion"}],"is_trial":false,"path_per_floor":["M","?","M","?","$","R","E","R","T","E","?","M","$","M","R","B",null,"M","M","$","M","M","?","M","R","T","M","R","M","M","M","R","B"],"character_chosen":"DEFECT","items_purchased":["Panacea","Conserve Battery","Ball Lightning","Fission"],"campfire_rested":2,"item_purchase_floors":[5,5,5,20],"current_hp_per_floor":[67,67,65,65,65,65,32,32,32,12,9,21,21,19,41,41,67,45,38,38,46,44,44,40,40,40,44,44,20,32,22,44,0],"gold":182,"neow_bonus":"ONE_RARE_RELIC","is_prod":false,"is_daily":false,"chose_seed":false,"campfire_upgraded":4,"win_rate":0,"timestamp":1552877976,"path_taken":["M","?","M","?","$","R","E","R","T","E","?","M","?","M","R","BOSS","M","M","$","M","M","?","?","R","T","M","R","M","M","M","R","BOSS"],"build_version":"2019-01-23","purchased_purges":1,"victory":false,"max_hp_per_floor":[75,75,75,75,75,75,75,75,75,75,75,75,75,75,75,75,75,75,75,75,75,75,75,75,75,75,75,75,75,75,75,75,75],"card_choices":[{"not_picked":["Turbo","Cold Snap"],"picked":"Conserve Battery","floor":1},{"not_picked":["Go for the Eyes","Storm"],"picked":"Ball Lightning","floor":3},{"not_picked":["Redo","BootSequence"],"picked":"Machine Learning","floor":7},{"not_picked":["Turbo","Gash"],"picked":"Defragment","floor":10},{"not_picked":["Consume","Turbo"],"picked":"Sweeping Beam","floor":12},{"not_picked":["Hologram","Streamline"],"picked":"Conserve Battery","floor":14},{"not_picked":["Multi-Cast","All For One"],"picked":"Amplify","floor":16},{"not_picked":["Steam","Conserve Battery"],"picked":"Leap","floor":18},{"not_picked":["Hologram","Beam Cell"],"picked":"Defragment+1","floor":19},{"not_picked":["Barrage","Leap"],"picked":"Melter","floor":21},{"not_picked":["Recycle","Hologram"],"picked":"Darkness","floor":22},{"not_picked":["Hologram","Blizzard"],"picked":"Cold Snap","floor":24},{"not_picked":["Barrage","Auto Shields","Rebound"],"picked":"SKIP","floor":27},{"not_picked":["Leap","Capacitor"],"picked":"Electrodynamics","floor":29},{"not_picked":["Beam Cell","Reprogram"],"picked":"Gash","floor":30},{"not_picked":["Conserve Battery","Hyperbeam","Compile Driver"],"picked":"SKIP","floor":31}],"player_experience":411451,"relics_obtained":[{"floor":7,"key":"Shuriken"},{"floor":9,"key":"Happy Flower"},{"floor":10,"key":"Mummified Hand"},{"floor":26,"key":"Juzu Bracelet"}],"event_choices":[{"cards_removed":["Normality"],"damage_healed":0,"gold_gain":0,"player_choice":"Card Removal","damage_taken":0,"max_hp_gain":0,"max_hp_loss":0,"event_name":"The Cleric","floor":2,"gold_loss":50},{"damage_healed":0,"gold_gain":175,"player_choice":"AGREE","damage_taken":0,"max_hp_gain":0,"max_hp_loss":0,"event_name":"Liars Game","floor":4,"gold_loss":0,"cards_obtained":["Doubt"]},{"damage_healed":0,"gold_gain":0,"player_choice":"Success","damage_taken":3,"relics_obtained":["Meat on the Bone"],"max_hp_gain":0,"max_hp_loss":0,"event_name":"Scrap Ooze","floor":11,"gold_loss":0},{"damage_healed":0,"gold_gain":0,"player_choice":"Got Potions","damage_taken":0,"max_hp_gain":0,"max_hp_loss":0,"event_name":"Lab","floor":23,"gold_loss":0}],"is_beta":false,"boss_relics":[{"not_picked":["Fusion Hammer","Calling Bell"],"picked":"Nuclear Battery"}],"items_purged_floors":[5],"is_endless":false,"potions_floor_spawned":[10,14,16,18,21,30],"killed_by":"Automaton","ascension_level":13}