{"gold_per_floor":[113,63,63,27,47,73,108,135,209,209,243,243,243,259,259,357,357,376,376,395,5,25,55,5,5,50,80,30,49,60,60,60,159,159,176,0,0,14,26,26,26,51,51,1,21,31,31,48,48,48],"floor_reached":50,"playtime":2117,"items_purged":["Strike_R","Strike_R","Bash"],"score":724,"play_id":"d341dabe-0f54-4b9a-a665-99d9b7030681","local_time":"20190630160938","is_ascension_mode":true,"campfire_choices":[{"data":"Body Slam","floor":13,"key":"SMITH"},{"data":"Body Slam","floor":15,"key":"SMITH"},{"data":"Barricade","floor":25,"key":"SMITH"},{"floor":32,"key":"REST"},{"data":"Seeing Red","floor":40,"key":"SMITH"},{"data":"Infernal Blade","floor":47,"key":"SMITH"},{"floor":49,"key":"RECALL"}],"neow_cost":"NONE","seed_source_timestamp":1181277636610260,"circlet_count":0,"master_deck":["Strike_R+1","Strike_R+1","Defend_R","Defend_R","Defend_R","Defend_R","Infernal Blade+1","Uppercut","Infernal Blade","Flame Barrier","Seeing Red+1","Body Slam+1","Body Slam+1","Barricade+1","Anger","Madness+1","Iron Wave","Shrug It Off","Body Slam+1","Body Slam+1","Headbutt","Offering","Rampage+1","Shrug It Off","Anger+1","Iron Wave+1"],"relics":["Burning Blood","NeowsBlessing","WingedGreaves","Ancient Tea Set","Mango","Mummified Hand","Question Card","Red Skull","White Beast Statue","Lee\u0027s Waffle","Happy Flower","Smiling Mask","Bronze Scales","Self Forming Clay","Black Star","Red Mask","Lantern","Torii"],"potions_floor_usage":[6,7,7,11,22,22,23,29,30,33,33,35,38,39,42,42,42,45,46,50,50],"damage_taken":[{"damage":0,"enemies":"Jaw Worm","floor":1,"turns":1},{"damage":0,"enemies":"2 Louse","floor":5,"turns":1},{"damage":0,"enemies":"Lagavulin","floor":6,"turns":1},{"damage":27,"enemies":"3 Sentries","floor":7,"turns":9},{"damage":16,"enemies":"Lagavulin","floor":8,"turns":8},{"damage":15,"enemies":"3 Sentries","floor":11,"turns":7},{"damage":0,"enemies":"Cultist","floor":14,"turns":1},{"damage":36,"enemies":"The Guardian","floor":16,"turns":11},{"damage":15,"enemies":"Chosen","floor":18,"turns":5},{"damage":41,"enemies":"Shell Parasite","floor":20,"turns":10},{"damage":6,"enemies":"Sentry and Sphere","floor":22,"turns":4},{"damage":57,"enemies":"Gremlin Leader","floor":23,"turns":9},{"damage":33,"enemies":"Slavers","floor":27,"turns":4},{"damage":15,"enemies":"Centurion and Healer","floor":29,"turns":4},{"damage":5,"enemies":"Shelled Parasite and Fungi","floor":30,"turns":3},{"damage":42,"enemies":"Automaton","floor":33,"turns":9},{"damage":38,"enemies":"3 Darklings","floor":35,"turns":4},{"damage":9,"enemies":"Orb Walker","floor":38,"turns":3},{"damage":21,"enemies":"Jaw Worm Horde","floor":39,"turns":4},{"damage":6,"enemies":"Giant Head","floor":42,"turns":5},{"damage":7,"enemies":"Transient","floor":45,"turns":5},{"damage":7,"enemies":"Maw","floor":46,"turns":8},{"damage":7,"enemies":"Sphere and 2 Shapes","floor":48,"turns":4},{"damage":79,"enemies":"Time Eater","floor":50,"turns":10}],"seed_played":"-8810768275844896137","potions_obtained":[{"floor":1,"key":"LiquidBronze"},{"floor":6,"key":"Regen Potion"},{"floor":7,"key":"Fruit Juice"},{"floor":8,"key":"SpeedPotion"},{"floor":18,"key":"Dexterity Potion"},{"floor":20,"key":"Explosive Potion"},{"floor":22,"key":"LiquidBronze"},{"floor":23,"key":"SpeedPotion"},{"floor":27,"key":"Explosive Potion"},{"floor":29,"key":"FearPotion"},{"floor":30,"key":"AttackPotion"},{"floor":33,"key":"Poison Potion"},{"floor":35,"key":"Regen Potion"},{"floor":38,"key":"Swift Potion"},{"floor":39,"key":"LiquidBronze"},{"floor":41,"key":"PowerPotion"},{"floor":41,"key":"EntropicBrew"},{"floor":41,"key":"SteroidPotion"},{"floor":42,"key":"Block Potion"},{"floor":45,"key":"SkillPotion"},{"floor":46,"key":"SpeedPotion"},{"floor":48,"key":"AttackPotion"}],"is_trial":false,"path_per_floor":["M","?","?","$","M","E","E","E","T","?","E","T","R","M","R","B",null,"M","?","M","$","M","E","$","R","T","E","$","M","M","?","R","B",null,"M","?","?","M","M","R","?","E","T","$","M","M","R","M","R","B"],"character_chosen":"IRONCLAD","items_purchased":["Uppercut","Shrug It Off","Lee\u0027s Waffle","Happy Flower"],"campfire_rested":1,"item_purchase_floors":[4,21,21,21],"current_hp_per_floor":[80,80,80,80,80,80,71,75,75,55,46,46,46,52,52,22,99,90,90,55,106,106,55,55,55,55,28,28,19,20,20,51,15,106,74,74,74,83,68,68,68,68,68,68,67,66,66,65,65,0],"gold":48,"neow_bonus":"THREE_ENEMY_KILL","is_prod":false,"is_daily":false,"chose_seed":false,"campfire_upgraded":5,"win_rate":0,"timestamp":1561936178,"path_taken":["M","?","?","$","M","E","E","E","T","?","E","?","R","M","R","BOSS","M","?","M","$","?","E","$","R","T","E","$","M","M","?","R","BOSS","M","?","?","M","?","R","?","E","T","?","M","M","R","M","R","BOSS"],"build_version":"2019-01-23","purchased_purges":3,"victory":false,"max_hp_per_floor":[80,80,80,80,80,80,85,99,99,99,99,99,99,99,99,99,99,99,99,99,106,106,106,106,106,106,106,106,106,106,106,106,106,106,106,106,106,106,106,106,106,106,106,106,106,106,106,106,106,106],"card_choices":[{"not_picked":["Combust","Perfected Strike"],"picked":"Infernal Blade","floor":1},{"not_picked":["Cleave","Armaments"],"picked":"Infernal Blade","floor":5},{"not_picked":["Fire Breathing","Sword Boomerang"],"picked":"Flame Barrier","floor":6},{"not_picked":["Sword Boomerang","Havoc","Wild Strike"],"picked":"SKIP","floor":7},{"not_picked":["Flame Barrier","Twin Strike"],"picked":"Seeing Red","floor":8},{"not_picked":["Entrench","Intimidate"],"picked":"Body Slam","floor":11},{"not_picked":["Thunderclap","Cleave","Perfected Strike"],"picked":"Body Slam","floor":14},{"not_picked":["Feed","Berserk","Dark Embrace"],"picked":"Barricade","floor":16},{"not_picked":["Pommel Strike","Clothesline","Power Through"],"picked":"Anger","floor":18},{"not_picked":["Blood for Blood","Clash","Rupture","Twin Strike"],"picked":"SKIP","floor":20},{"not_picked":["Power Through","Warcry+1","Evolve","Uppercut"],"picked":"SKIP","floor":22},{"not_picked":["Iron Wave","Dual Wield","Headbutt"],"picked":"Body Slam+1","floor":23},{"not_picked":["Hemokinesis+1","Sword Boomerang+1","Clash+1","Clothesline"],"picked":"SKIP","floor":27},{"not_picked":["Warcry","Rage","Reaper"],"picked":"Body Slam+1","floor":29},{"not_picked":["Power Through","Flex+1","Spot Weakness"],"picked":"Headbutt","floor":30},{"not_picked":["Juggernaut","Immolate","Impervious"],"picked":"Offering","floor":33},{"not_picked":["Clothesline","Iron Wave","Wild Strike+1"],"picked":"Rampage+1","floor":35},{"not_picked":["Thunderclap","Anger+1","Cleave"],"picked":"Shrug It Off","floor":38},{"not_picked":["Twin Strike","Berserk","Clash+1","Spot Weakness"],"picked":"SKIP","floor":39},{"not_picked":["Warcry+1","Second Wind+1","Body Slam"],"picked":"Anger+1","floor":42},{"not_picked":["Perfected Strike+1","Evolve+1","Corruption+1"],"picked":"Iron Wave+1","floor":45},{"not_picked":["Body Slam","Wild Strike","Pummel","Demon Form"],"picked":"SKIP","floor":46},{"not_picked":["Cleave","Infernal Blade","Body Slam","Searing Blow"],"picked":"SKIP","floor":48}],"player_experience":56347,"relics_obtained":[{"floor":6,"key":"WingedGreaves"},{"floor":7,"key":"Ancient Tea Set"},{"floor":8,"key":"Mango"},{"floor":9,"key":"Mummified Hand"},{"floor":11,"key":"Question Card"},{"floor":12,"key":"Red Skull"},{"floor":23,"key":"Smiling Mask"},{"floor":26,"key":"Bronze Scales"},{"floor":27,"key":"Self Forming Clay"},{"floor":42,"key":"Lantern"},{"floor":42,"key":"Torii"}],"event_choices":[{"cards_removed":["Strike_R"],"damage_healed":0,"gold_gain":0,"player_choice":"Card Removal","damage_taken":0,"max_hp_gain":0,"max_hp_loss":0,"event_name":"The Cleric","floor":2,"gold_loss":50},{"damage_healed":0,"gold_gain":0,"player_choice":"Ignored","damage_taken":0,"max_hp_gain":0,"max_hp_loss":0,"event_name":"Golden Idol","floor":3,"gold_loss":0},{"damage_healed":0,"gold_gain":0,"player_choice":"Entered Light","damage_taken":20,"max_hp_gain":0,"max_hp_loss":0,"event_name":"Shining Light","floor":10,"gold_loss":0,"cards_upgraded":["Strike_R","Strike_R"]},{"damage_healed":0,"gold_gain":0,"player_choice":"2 cards matched","damage_taken":0,"max_hp_gain":0,"max_hp_loss":0,"event_name":"Match and Keep!","floor":19,"gold_loss":0,"cards_obtained":["Madness","Iron Wave"]},{"damage_healed":0,"gold_gain":0,"player_choice":"Ignored","damage_taken":0,"max_hp_gain":0,"max_hp_loss":0,"event_name":"Beggar","floor":31,"gold_loss":0},{"damage_healed":0,"gold_gain":0,"player_choice":"Paid","damage_taken":0,"relics_obtained":["Red Mask"],"max_hp_gain":0,"max_hp_loss":0,"event_name":"Tomb of Lord Red Mask","floor":36,"gold_loss":176},{"damage_healed":0,"gold_gain":0,"player_choice":"Upgraded","damage_taken":0,"max_hp_gain":0,"max_hp_loss":0,"event_name":"Upgrade Shrine","floor":37,"gold_loss":0,"cards_upgraded":["Madness"]},{"damage_healed":0,"gold_gain":0,"player_choice":"Got Potions","damage_taken":0,"max_hp_gain":0,"max_hp_loss":0,"event_name":"Lab","floor":41,"gold_loss":0}],"is_beta":false,"boss_relics":[{"not_picked":["Eternal Feather","Fusion Hammer"],"picked":"White Beast Statue"},{"not_picked":["Lizard Tail","Runic Dome"],"picked":"Black Star"}],"items_purged_floors":[24,28,44],"is_endless":false,"potions_floor_spawned":[1,6,7,8,18,20,22,23,27,29,30,33,35,38,39,42,45,46,48],"killed_by":"Time Eater","ascension_level":2}