{"gold_per_floor":[114,39,58,58,74,105,105,161,173,185],"floor_reached":10,"playtime":304,"items_purged":["Shame"],"score":132,"play_id":"65e60c1b-8a64-4188-b52b-74c665937d9b","local_time":"20190628154244","is_ascension_mode":true,"campfire_choices":[{"data":"Infinite Blades","floor":7,"key":"SMITH"}],"neow_cost":"CURSE","seed_source_timestamp":591806581284243,"circlet_count":0,"master_deck":["AscendersBane","Defend_G","Defend_G","Defend_G","Defend_G","Defend_G","Strike_G","Strike_G","Strike_G","Strike_G","Survivor","Neutralize","Deadly Poison","Infinite Blades+1","Terror","Venomology+1","Dash"],"relics":["Ring of the Snake","Du-Vu Doll","Toxic Egg 2","MawBank","Meat on the Bone"],"potions_floor_usage":[6,8,8],"damage_taken":[{"damage":3,"enemies":"Jaw Worm","floor":1,"turns":5},{"damage":3,"enemies":"2 Louse","floor":3,"turns":3},{"damage":1,"enemies":"Small Slimes","floor":5,"turns":3},{"damage":10,"enemies":"Lagavulin","floor":6,"turns":7},{"damage":34,"enemies":"Gremlin Nob","floor":8,"turns":4},{"damage":1,"enemies":"3 Louse","floor":10,"turns":1}],"seed_played":"-1224915077716323190","potions_obtained":[{"floor":1,"key":"EssenceOfSteel"},{"floor":5,"key":"SpeedPotion"}],"is_trial":false,"path_per_floor":["M","$","M","?","M","E","R","?","T","M"],"character_chosen":"THE_SILENT","items_purchased":[],"campfire_rested":0,"item_purchase_floors":[],"current_hp_per_floor":[56,56,53,46,45,35,35,1,1,0],"gold":185,"neow_bonus":"ONE_RARE_RELIC","is_prod":false,"is_daily":false,"chose_seed":false,"campfire_upgraded":1,"win_rate":0,"timestamp":1561750964,"path_taken":["M","$","M","?","M","E","R","?","T","M"],"build_version":"2019-01-23","purchased_purges":1,"victory":false,"max_hp_per_floor":[66,66,66,66,66,66,66,66,66,66],"card_choices":[{"not_picked":["Tactician","Prepared"],"picked":"Deadly Poison","floor":1},{"not_picked":["Quick Slash","Acrobatics"],"picked":"Infinite Blades","floor":3},{"not_picked":["Flying Knee","Storm of Steel"],"picked":"Terror","floor":5},{"not_picked":["Flying Knee","Cloak And Dagger"],"picked":"Venomology","floor":6},{"not_picked":["Blur+1","Dagger Spray"],"picked":"Dash","floor":8}],"player_experience":989032,"relics_obtained":[{"floor":6,"key":"Toxic Egg 2"},{"floor":8,"key":"MawBank"},{"floor":9,"key":"Meat on the Bone"}],"event_choices":[{"cards_removed":["Strike_G"],"damage_healed":0,"gold_gain":0,"player_choice":"Card Removal","damage_taken":7,"max_hp_gain":0,"max_hp_loss":0,"event_name":"Golden Wing","floor":4,"gold_loss":0},{"damage_healed":0,"gold_gain":0,"player_choice":"Searched \u00271\u0027 times","damage_taken":0,"max_hp_gain":0,"max_hp_loss":0,"event_name":"Dead Adventurer","floor":8,"gold_loss":0}],"is_beta":false,"boss_relics":[],"items_purged_floors":[2],"is_endless":false,"potions_floor_spawned":[1,5],"killed_by":"3 Louse","ascension_level":20}