{"gold_per_floor":[217,292,48,98,111,111,123,123,123,151,47,66,66,77,77,156,156,175,95],"floor_reached":19,"playtime":642,"items_purged":["Strike_G"],"score":309,"play_id":"3206f7f0-8031-47ed-be51-938a4f9d67ff","local_time":"20190607194341","is_ascension_mode":true,"campfire_choices":[{"data":"Noxious Fumes","floor":6,"key":"SMITH"},{"floor":13,"key":"REST"},{"data":"Dagger Spray","floor":15,"key":"SMITH"}],"neow_cost":"NONE","seed_source_timestamp":534031768628239,"circlet_count":0,"master_deck":["AscendersBane","Defend_G","Defend_G","Defend_G","Defend_G","Defend_G","Strike_G","Strike_G","Strike_G","Strike_G","Survivor","Neutralize","Backflip","Noxious Fumes+1","All Out Attack","Parasite","Flying Knee","Acrobatics","Dagger Spray+1","Corpse Explosion","Backflip"],"relics":["Ring of the Serpent","Bronze Scales","WingedGreaves","Darkstone Periapt"],"potions_floor_usage":[14,16],"damage_taken":[{"damage":1,"enemies":"Small Slimes","floor":1,"turns":4},{"damage":1,"enemies":"2 Louse","floor":5,"turns":3},{"damage":6,"enemies":"Cultist","floor":7,"turns":5},{"damage":33,"enemies":"Lagavulin","floor":10,"turns":8},{"damage":0,"enemies":"2 Fungi Beasts","floor":12,"turns":4},{"damage":0,"enemies":"3 Louse","floor":14,"turns":2},{"damage":36,"enemies":"Slime Boss","floor":16,"turns":8},{"damage":32,"enemies":"Spheric Guardian","floor":18,"turns":6},{"damage":21,"enemies":"2 Thieves","floor":19,"turns":2}],"seed_played":"-2968721645558751308","potions_obtained":[{"floor":1,"key":"FearPotion"},{"floor":10,"key":"SkillPotion"}],"is_trial":false,"path_per_floor":["M","?","$","?","M","R","M","?","T","E","$","M","R","M","R","B",null,"M","M"],"character_chosen":"THE_SILENT","items_purchased":["Noxious Fumes","Bronze Scales","Acrobatics"],"campfire_rested":1,"item_purchase_floors":[3,3,11],"current_hp_per_floor":[58,47,47,47,46,46,40,56,56,23,23,23,42,42,42,6,51,19,0],"gold":95,"neow_bonus":"HUNDRED_GOLD","is_prod":false,"is_daily":false,"chose_seed":false,"campfire_upgraded":2,"win_rate":0,"timestamp":1559961821,"path_taken":["M","?","$","?","?","R","M","?","T","E","$","M","R","M","R","BOSS","M","M"],"build_version":"2019-01-23","purchased_purges":1,"victory":false,"max_hp_per_floor":[66,66,66,66,66,66,66,66,66,66,66,66,66,66,66,66,66,66,66],"card_choices":[{"not_picked":["Concentrate","Prepared"],"picked":"Backflip","floor":1},{"not_picked":["Well Laid Plans","Accuracy","Blade Dance"],"picked":"SKIP","floor":5},{"not_picked":["Slice","Deflect"],"picked":"All Out Attack","floor":7},{"not_picked":["Setup","Blade Dance"],"picked":"Flying Knee","floor":10},{"not_picked":["Acrobatics","Outmaneuver","Infinite Blades"],"picked":"SKIP","floor":12},{"not_picked":["Well Laid Plans","Choke"],"picked":"Dagger Spray","floor":14},{"not_picked":["Phantasmal Killer","Burst"],"picked":"Corpse Explosion","floor":16},{"not_picked":["Blade Dance","Sucker Punch"],"picked":"Backflip","floor":18}],"player_experience":966193,"relics_obtained":[{"floor":9,"key":"WingedGreaves"},{"floor":10,"key":"Darkstone Periapt"}],"event_choices":[{"damage_healed":0,"gold_gain":75,"player_choice":"Gather Gold","damage_taken":11,"max_hp_gain":0,"max_hp_loss":0,"event_name":"World of Goop","floor":2,"gold_loss":0},{"damage_healed":0,"gold_gain":50,"player_choice":"Pray","damage_taken":0,"max_hp_gain":0,"max_hp_loss":0,"event_name":"Golden Shrine","floor":4,"gold_loss":0},{"damage_healed":16,"gold_gain":0,"player_choice":"Healed and dodged fight","damage_taken":0,"max_hp_gain":0,"max_hp_loss":0,"event_name":"Mushrooms","floor":8,"gold_loss":0,"cards_obtained":["Parasite"]}],"is_beta":false,"boss_relics":[{"not_picked":["Snecko Eye","Runic Dome"],"picked":"Ring of the Serpent"}],"items_purged_floors":[11],"is_endless":false,"potions_floor_spawned":[1,10],"killed_by":"2 Thieves","ascension_level":17}