{"gold_per_floor":[10,10,10,27,38,38,68,78,104,104,136,136,154,167,167,265,265,279,279,279,92,191,220,120,45,45,45,45,45,58,69,69,174,174,194,294,304,304,14,30,47,47,47,47,64,64,79,6,6,6],"floor_reached":51,"playtime":2409,"items_purged":["Strike_R","Strike_R+1","Rampage+1"],"score":700,"play_id":"1132c6a2-89f8-4f2a-8ec9-6181a8f58ab1","local_time":"20190503114357","is_ascension_mode":false,"campfire_choices":[{"data":"Body Slam","floor":6,"key":"SMITH"},{"data":"Bash","floor":10,"key":"SMITH"},{"data":"Heavy Blade","floor":12,"key":"SMITH"},{"data":"Spot Weakness","floor":15,"key":"SMITH"},{"floor":29,"key":"REST"},{"floor":32,"key":"REST"},{"data":"Limit Break","floor":42,"key":"SMITH"},{"data":"Corruption","floor":46,"key":"SMITH"},{"data":"Sentinel","floor":49,"key":"SMITH"}],"neow_cost":"NO_GOLD","seed_source_timestamp":400708394310894,"circlet_count":0,"master_deck":["Defend_R+1","Defend_R+1","Defend_R+1","Bash+1","Body Slam+1","Spot Weakness+1","Cleave","Heavy Blade+1","Barricade","Purity","Armaments","Warcry","True Grit+1","Limit Break+1","Heavy Blade+1","Corruption+1","Entrench","Shrug It Off","Shrug It Off+1","Entrench","Sentinel+1"],"relics":["Black Blood","Blood Vial","Regal Pillow","Whetstone","Boot","Philosopher\u0027s Stone","Enchiridion","Dead Branch","Blue Candle","MutagenicStrength","Bird Faced Urn","Calipers"],"potions_floor_usage":[14,16,16,16,30,50],"damage_taken":[{"damage":5,"enemies":"Small Slimes","floor":1,"turns":5},{"damage":8,"enemies":"2 Louse","floor":4,"turns":3},{"damage":11,"enemies":"Jaw Worm","floor":5,"turns":4},{"damage":21,"enemies":"3 Sentries","floor":7,"turns":8},{"damage":14,"enemies":"Blue Slaver","floor":8,"turns":3},{"damage":26,"enemies":"Lagavulin","floor":11,"turns":6},{"damage":5,"enemies":"3 Louse","floor":13,"turns":3},{"damage":6,"enemies":"Large Slime","floor":14,"turns":6},{"damage":17,"enemies":"Slime Boss","floor":16,"turns":7},{"damage":18,"enemies":"2 Thieves","floor":18,"turns":3},{"damage":24,"enemies":"Gremlin Leader","floor":23,"turns":6},{"damage":49,"enemies":"3 Byrds","floor":30,"turns":6},{"damage":7,"enemies":"Centurion and Healer","floor":31,"turns":5},{"damage":31,"enemies":"Automaton","floor":33,"turns":8},{"damage":17,"enemies":"3 Darklings","floor":35,"turns":4},{"damage":45,"enemies":"Mind Bloom Boss Battle","floor":36,"turns":3},{"damage":8,"enemies":"Orb Walker","floor":37,"turns":3},{"damage":19,"enemies":"4 Shapes","floor":40,"turns":5},{"damage":3,"enemies":"Maw","floor":41,"turns":3},{"damage":0,"enemies":"Transient","floor":45,"turns":5},{"damage":8,"enemies":"Sphere and 2 Shapes","floor":47,"turns":3},{"damage":19,"enemies":"Awakened One","floor":50,"turns":7}],"seed_played":"4200437711164872701","potions_obtained":[{"floor":4,"key":"SteroidPotion"},{"floor":7,"key":"Dexterity Potion"},{"floor":13,"key":"EssenceOfSteel"},{"floor":14,"key":"Regen Potion"},{"floor":30,"key":"Fruit Juice"},{"floor":37,"key":"Dexterity Potion"},{"floor":40,"key":"SpeedPotion"}],"is_trial":false,"path_per_floor":["M","?","?","M","M","R","E","M","T","R","E","R","M","M","R","B",null,"M","?","?","$","?","E","$","?","T","?","?","R","M","M","R","B",null,"M","?","M","?","$","M","M","R","T","?","M","R","M","$","R","B",null],"character_chosen":"IRONCLAD","items_purchased":["Purity","Armaments","Corruption","Entrench","Shrug It Off","Sentinel"],"campfire_rested":2,"item_purchase_floors":[21,21,39,39,39,48],"current_hp_per_floor":[80,68,68,68,65,65,52,46,46,46,28,28,31,33,33,39,80,68,52,37,37,37,21,21,21,21,21,21,61,25,26,68,45,90,83,50,56,56,56,59,74,74,74,74,90,90,90,90,90,90],"gold":6,"neow_bonus":"TRANSFORM_TWO_CARDS","is_prod":false,"is_daily":false,"chose_seed":false,"campfire_upgraded":7,"win_rate":0,"timestamp":1556898237,"path_taken":["M","?","?","M","M","R","E","M","T","R","E","R","M","M","R","BOSS","M","?","?","$","?","E","?","?","T","?","?","R","M","M","R","BOSS","M","?","M","?","$","M","M","R","T","?","M","R","M","$","R","BOSS"],"build_version":"2019-01-23","purchased_purges":3,"victory":true,"max_hp_per_floor":[80,80,80,80,80,80,80,80,80,80,80,80,80,80,80,80,80,80,80,85,85,85,85,85,85,85,85,85,85,90,90,90,90,90,90,90,90,90,90,90,90,90,90,90,90,90,90,90,90,90],"card_choices":[{"not_picked":["Body Slam","Havoc","Sword Boomerang"],"picked":"SKIP","floor":1},{"not_picked":["Disarm","Iron Wave","Flex"],"picked":"SKIP","floor":4},{"not_picked":["True Grit","Havoc"],"picked":"Cleave","floor":5},{"not_picked":["Dual Wield","Perfected Strike"],"picked":"Rampage","floor":7},{"not_picked":["Thunderclap","Wild Strike"],"picked":"Carnage","floor":8},{"not_picked":["Juggernaut","Warcry"],"picked":"Heavy Blade","floor":11},{"not_picked":["Warcry","Rupture","Pommel Strike"],"picked":"SKIP","floor":13},{"not_picked":["Feel No Pain","Flex","Perfected Strike"],"picked":"SKIP","floor":14},{"not_picked":["Immolate","Dark Embrace"],"picked":"Barricade","floor":16},{"not_picked":["Anger+1","Sword Boomerang","Perfected Strike+1"],"picked":"SKIP","floor":18},{"not_picked":["Sever Soul","Cleave"],"picked":"Warcry","floor":23},{"not_picked":["Rampage","Sever Soul+1","Sentinel"],"picked":"SKIP","floor":30},{"not_picked":["Pommel Strike","Sever Soul+1"],"picked":"True Grit+1","floor":31},{"not_picked":["Exhume","Bludgeon"],"picked":"Limit Break","floor":33},{"not_picked":["Clash+1","Wild Strike","Thunderclap"],"picked":"SKIP","floor":35},{"not_picked":["Headbutt+1","Pommel Strike+1"],"picked":"Heavy Blade+1","floor":37},{"not_picked":["Searing Blow","Wild Strike+1"],"picked":"Shrug It Off+1","floor":40},{"not_picked":["Anger+1","Wild Strike+1","Armaments"],"picked":"SKIP","floor":41},{"not_picked":["Whirlwind+1","Ghostly Armor"],"picked":"Entrench","floor":45},{"not_picked":["Clothesline","Sever Soul+1","Clash"],"picked":"SKIP","floor":47}],"player_experience":651034,"relics_obtained":[{"floor":7,"key":"Regal Pillow"},{"floor":9,"key":"Whetstone"},{"floor":11,"key":"Boot"},{"floor":19,"key":"Enchiridion"},{"floor":23,"key":"Dead Branch"},{"floor":26,"key":"Blue Candle"},{"floor":36,"key":"Bird Faced Urn"},{"floor":43,"key":"Calipers"}],"event_choices":[{"damage_healed":0,"gold_gain":0,"player_choice":"Success","damage_taken":12,"relics_obtained":["Blood Vial"],"max_hp_gain":0,"max_hp_loss":0,"event_name":"Scrap Ooze","floor":2,"gold_loss":0},{"cards_removed":["Strike_R"],"damage_healed":0,"gold_gain":0,"player_choice":"Forget","damage_taken":0,"max_hp_gain":0,"max_hp_loss":0,"event_name":"Living Wall","floor":3,"gold_loss":0},{"damage_healed":0,"gold_gain":0,"player_choice":"Obtained Book","damage_taken":16,"max_hp_gain":0,"max_hp_loss":0,"event_name":"Cursed Tome","floor":19,"gold_loss":0},{"damage_healed":0,"gold_gain":0,"player_choice":"Shed Blood","damage_taken":20,"max_hp_gain":5,"max_hp_loss":0,"event_name":"Forgotten Altar","floor":20,"gold_loss":0},{"damage_healed":0,"gold_gain":99,"player_choice":"Stole From Cult","damage_taken":0,"max_hp_gain":0,"max_hp_loss":0,"event_name":"Nest","floor":22,"gold_loss":0},{"cards_removed":["Carnage"],"damage_healed":0,"gold_gain":0,"player_choice":"Gave Gold","damage_taken":0,"max_hp_gain":0,"max_hp_loss":0,"event_name":"Beggar","floor":25,"gold_loss":75},{"damage_healed":0,"gold_gain":0,"player_choice":"Inject Mutagens","damage_taken":0,"relics_obtained":["MutagenicStrength"],"max_hp_gain":0,"max_hp_loss":0,"event_name":"Drug Dealer","floor":27,"gold_loss":0},{"damage_healed":0,"gold_gain":0,"player_choice":"Simplicity","damage_taken":0,"max_hp_gain":0,"max_hp_loss":0,"event_name":"Back to Basics","floor":28,"gold_loss":0,"cards_upgraded":["Defend_R","Defend_R","Defend_R","Defend_R"]},{"damage_healed":0,"gold_gain":0,"player_choice":"Fight","damage_taken":0,"max_hp_gain":0,"max_hp_loss":0,"event_name":"MindBloom","floor":36,"gold_loss":0},{"damage_healed":0,"gold_gain":0,"player_choice":"Ignored","damage_taken":0,"max_hp_gain":0,"max_hp_loss":0,"event_name":"Mysterious Sphere","floor":38,"gold_loss":0},{"cards_removed":["Defend_R"],"damage_healed":0,"gold_gain":0,"player_choice":"Removed Skill","damage_taken":0,"max_hp_gain":0,"max_hp_loss":0,"event_name":"Falling","floor":44,"gold_loss":0}],"is_beta":false,"boss_relics":[{"not_picked":["Astrolabe","Orrery"],"picked":"Philosopher\u0027s Stone"},{"not_picked":["Lizard Tail","Runic Pyramid"],"picked":"Black Blood"}],"items_purged_floors":[21,24,39],"is_endless":false,"potions_floor_spawned":[4,7,13,14,30,37,40],"ascension_level":0}