{"gold_per_floor":[210,16,166,185,199,224,236,250,250,46,46],"floor_reached":11,"playtime":334,"items_purged":[],"score":135,"play_id":"d9b3df25-16d1-41c3-bd2a-00c4af4a5e6f","local_time":"20190602175033","is_ascension_mode":true,"campfire_choices":[],"neow_cost":"NONE","seed_source_timestamp":95554250994073,"circlet_count":0,"master_deck":["AscendersBane","Strike_B","Strike_B","Strike_B","Strike_B","Defend_B","Defend_B","Defend_B","Defend_B","Zap","Dualcast","Leap","Mayhem","Doubt","Streamline","White Noise","Self Repair"],"relics":["Cracked Core","Potion Belt","Juzu Bracelet","Oddly Smooth Stone"],"potions_floor_usage":[6,8],"damage_taken":[{"damage":13,"enemies":"Small Slimes","floor":1,"turns":5},{"damage":7,"enemies":"Jaw Worm","floor":4,"turns":5},{"damage":1,"enemies":"Cultist","floor":5,"turns":3},{"damage":17,"enemies":"Gremlin Nob","floor":6,"turns":5},{"damage":24,"enemies":"Lots of Slimes","floor":7,"turns":4},{"damage":0,"enemies":"2 Fungi Beasts","floor":8,"turns":5},{"damage":12,"enemies":"Exordium Thugs","floor":11,"turns":1}],"seed_played":"-9199037167100864060","potions_obtained":[{"floor":1,"key":"Weak Potion"},{"floor":7,"key":"Swift Potion"}],"is_trial":false,"path_per_floor":["M","$","?","M","M","E","M","M","T","$","M"],"character_chosen":"DEFECT","items_purchased":["Mayhem","Self Repair","Oddly Smooth Stone"],"campfire_rested":0,"item_purchase_floors":[2,10,10],"current_hp_per_floor":[51,51,51,44,43,26,2,2,2,2,0],"gold":46,"neow_bonus":"HUNDRED_GOLD","is_prod":false,"is_daily":false,"chose_seed":false,"campfire_upgraded":0,"win_rate":0,"timestamp":1559523033,"path_taken":["M","$","?","M","M","E","M","M","T","$","M"],"build_version":"2019-01-23","purchased_purges":0,"victory":false,"max_hp_per_floor":[71,71,71,71,71,71,71,71,71,71,71],"card_choices":[{"not_picked":["Reinforced Body","Steam"],"picked":"Leap","floor":1},{"not_picked":["Stack","Reprogram"],"picked":"Streamline","floor":4},{"not_picked":["Loop","Reinforced Body"],"picked":"White Noise","floor":5},{"not_picked":["Cold Snap","Capacitor","Consume"],"picked":"SKIP","floor":6},{"not_picked":["Fission","Steam Power","Redo"],"picked":"SKIP","floor":7},{"not_picked":["Beam Cell","Compile Driver","Steam"],"picked":"SKIP","floor":8}],"player_experience":948648,"relics_obtained":[{"floor":6,"key":"Potion Belt"},{"floor":9,"key":"Juzu Bracelet"}],"event_choices":[{"damage_healed":0,"gold_gain":150,"player_choice":"AGREE","damage_taken":0,"max_hp_gain":0,"max_hp_loss":0,"event_name":"Liars Game","floor":3,"gold_loss":0,"cards_obtained":["Doubt"]}],"is_beta":false,"boss_relics":[],"items_purged_floors":[],"is_endless":false,"potions_floor_spawned":[1,7],"killed_by":"Exordium Thugs","ascension_level":16}