{"gold_per_floor":[112,123,79,97,25,359,359,393,393,393,410,428,428,441,441,540,540,559,7,17,32,32,32,42,42,42,42,60,75,75,94,94,194,194,211,226,226,240,252,252,285,285,336,336,50,75,89,108,108,108],"floor_reached":50,"playtime":3207,"items_purged":["Strike_G","Neutralize"],"score":488,"play_id":"f0c11449-437c-4363-b89a-2d18c5fc056d","local_time":"20190510180024","is_ascension_mode":false,"campfire_choices":[{"floor":7,"key":"REST"},{"data":"Catalyst","floor":10,"key":"SMITH"},{"data":"Defend_G","floor":13,"key":"PURGE"},{"data":"Deadly Poison","floor":15,"key":"SMITH"},{"data":"Strike_G","floor":23,"key":"PURGE"},{"data":"Deadly Poison","floor":25,"key":"SMITH"},{"data":"Poisoned Stab","floor":27,"key":"SMITH"},{"data":"Strike_G","floor":32,"key":"PURGE"},{"floor":40,"key":"REST"},{"floor":44,"key":"REST"},{"floor":49,"key":"REST"}],"neow_cost":"NONE","seed_source_timestamp":1065386197817122,"circlet_count":0,"master_deck":["Defend_G","Defend_G","Defend_G","Defend_G","Strike_G","Strike_G","Survivor","Deadly Poison+1","Quick Slash","Glass Knife","Catalyst+1","All Out Attack","Backflip","Poisoned Stab","Flying Knee","Flying Knee","Footwork","Acrobatics","Deadly Poison+1","Dash","Deadly Poison","Bane","Poisoned Stab+1","Catalyst+1","Adrenaline+1","Dagger Spray","Poisoned Stab+1","Deflect+1","Sadistic Nature","Crippling Poison+1"],"relics":["Ring of the Snake","Bronze Scales","Oddly Smooth Stone","Old Coin","Peace Pipe","Gremlin Horn","Orrery","Lantern","Toy Ornithopter","Art of War","White Beast Statue","Orichalcum","Vajra","Blood Vial"],"potions_floor_usage":[8,16,16,21,24,29,31,31,38,39,41,41,47,47,47,50,50],"damage_taken":[{"damage":0,"enemies":"Jaw Worm","floor":1,"turns":5},{"damage":0,"enemies":"2 Louse","floor":2,"turns":2},{"damage":0,"enemies":"Cultist","floor":4,"turns":4},{"damage":19,"enemies":"Lagavulin","floor":6,"turns":7},{"damage":12,"enemies":"3 Sentries","floor":8,"turns":6},{"damage":0,"enemies":"2 Fungi Beasts","floor":11,"turns":3},{"damage":1,"enemies":"3 Louse","floor":12,"turns":2},{"damage":7,"enemies":"Red Slaver","floor":14,"turns":2},{"damage":9,"enemies":"The Guardian","floor":16,"turns":8},{"damage":22,"enemies":"Spheric Guardian","floor":18,"turns":4},{"damage":0,"enemies":"3 Byrds","floor":20,"turns":3},{"damage":0,"enemies":"Cultist and Chosen","floor":21,"turns":5},{"damage":0,"enemies":"Snecko","floor":24,"turns":4},{"damage":15,"enemies":"Centurion and Healer","floor":28,"turns":6},{"damage":0,"enemies":"Chosen and Byrds","floor":29,"turns":3},{"damage":6,"enemies":"3 Cultists","floor":31,"turns":5},{"damage":42,"enemies":"Automaton","floor":33,"turns":6},{"damage":55,"enemies":"3 Darklings","floor":35,"turns":5},{"damage":2,"enemies":"3 Shapes","floor":36,"turns":4},{"damage":1,"enemies":"Maw","floor":38,"turns":6},{"damage":2,"enemies":"4 Shapes","floor":39,"turns":4},{"damage":38,"enemies":"Giant Head","floor":41,"turns":7},{"damage":10,"enemies":"Sphere and 2 Shapes","floor":47,"turns":3},{"damage":14,"enemies":"Jaw Worm Horde","floor":48,"turns":5},{"damage":72,"enemies":"Time Eater","floor":50,"turns":10}],"seed_played":"6193424482656497103","potions_obtained":[{"floor":6,"key":"Explosive Potion"},{"floor":12,"key":"Swift Potion"},{"floor":14,"key":"PowerPotion"},{"floor":20,"key":"Explosive Potion"},{"floor":21,"key":"Weak Potion"},{"floor":28,"key":"SteroidPotion"},{"floor":35,"key":"GhostInAJar"},{"floor":36,"key":"Block Potion"},{"floor":38,"key":"AttackPotion"},{"floor":39,"key":"Energy Potion"},{"floor":41,"key":"Ancient Potion"},{"floor":42,"key":"Energy Potion"},{"floor":42,"key":"PowerPotion"},{"floor":42,"key":"Dexterity Potion"},{"floor":47,"key":"GamblersBrew"},{"floor":48,"key":"SpeedPotion"}],"is_trial":false,"path_per_floor":["M","M","?","M","?","E","R","E","T","R","M","M","R","M","R","B",null,"M","$","M","M","?","R","M","R","T","R","M","M","?","M","R","B",null,"M","M","?","M","M","R","E","?","T","R","$","T","M","M","R","B"],"character_chosen":"THE_SILENT","items_purchased":["Lantern","Dash","Toy Ornithopter","Poison Potion","Energy Potion","Sadistic Nature"],"campfire_rested":4,"item_purchase_floors":[19,19,19,19,19,45],"current_hp_per_floor":[70,70,70,70,70,51,70,58,58,58,58,57,57,50,50,41,70,48,48,48,53,53,53,58,58,58,58,43,48,70,69,69,27,70,15,13,13,17,20,41,13,13,13,34,34,34,41,29,50,0],"gold":108,"neow_bonus":"RANDOM_COMMON_RELIC","is_prod":false,"is_daily":false,"chose_seed":false,"campfire_upgraded":4,"win_rate":0,"timestamp":1557536424,"path_taken":["M","M","?","M","?","E","R","E","T","R","M","?","R","M","R","BOSS","M","$","M","M","?","R","M","R","T","R","M","M","?","M","R","BOSS","M","M","?","?","M","R","E","?","T","R","$","?","M","M","R","BOSS"],"build_version":"2019-01-23","purchased_purges":2,"victory":false,"max_hp_per_floor":[70,70,70,70,70,70,70,70,70,70,70,70,70,70,70,70,70,70,70,70,70,70,70,70,70,70,70,70,70,70,70,70,70,70,70,70,70,70,70,70,70,70,70,70,70,70,70,70,70,70],"card_choices":[{"not_picked":["PiercingWail","Prepared"],"picked":"Deadly Poison","floor":1},{"not_picked":["Endless Agony","Choke","Dagger Throw"],"picked":"SKIP","floor":2},{"not_picked":["Expertise","Dodge and Roll"],"picked":"Quick Slash","floor":4},{"not_picked":["Escape Plan","Expertise"],"picked":"Glass Knife","floor":6},{"not_picked":["Deadly Poison","Dash"],"picked":"Catalyst","floor":8},{"not_picked":["Underhanded Strike","Dagger Throw"],"picked":"All Out Attack","floor":11},{"not_picked":["Outmaneuver","Acrobatics"],"picked":"Backflip","floor":12},{"not_picked":["Blade Dance","Backflip","Concentrate"],"picked":"SKIP","floor":14},{"not_picked":["Venomology","Blur"],"picked":"Poisoned Stab","floor":17},{"not_picked":["Calculated Gamble","Infinite Blades"],"picked":"Flying Knee","floor":17},{"not_picked":["Deflect","Acrobatics"],"picked":"Flying Knee","floor":17},{"not_picked":["Deflect","Blade Dance"],"picked":"Footwork","floor":17},{"not_picked":["Dodge and Roll","Dagger Throw"],"picked":"Acrobatics","floor":17},{"not_picked":["Blur","Bane"],"picked":"Deadly Poison","floor":18},{"not_picked":["Underhanded Strike+1","Distraction+1"],"picked":"Deadly Poison","floor":20},{"not_picked":["Dagger Spray","Slice"],"picked":"Bane","floor":21},{"not_picked":["Cloak And Dagger+1","Flying Knee+1"],"picked":"Poisoned Stab","floor":24},{"not_picked":["Distraction","Quick Slash","Slice"],"picked":"SKIP","floor":28},{"not_picked":["Concentrate","Calculated Gamble"],"picked":"Catalyst+1","floor":29},{"not_picked":["Tools of the Trade","Sucker Punch","Masterful Stab"],"picked":"SKIP","floor":31},{"not_picked":["Envenom","A Thousand Cuts"],"picked":"Adrenaline","floor":33},{"not_picked":["Flechettes+1","PiercingWail+1"],"picked":"Dagger Spray","floor":35},{"not_picked":["Slice+1","Outmaneuver+1","Acrobatics"],"picked":"SKIP","floor":36},{"not_picked":["Underhanded Strike+1","Flying Knee","Blade Dance+1"],"picked":"SKIP","floor":38},{"not_picked":["Deadly Poison+1","Heel Hook+1"],"picked":"Poisoned Stab+1","floor":39},{"not_picked":["Poisoned Stab","Quick Slash"],"picked":"Deflect+1","floor":41},{"not_picked":["Finisher","Outmaneuver+1","Slice"],"picked":"SKIP","floor":47},{"not_picked":["Footwork+1","Blade Dance+1"],"picked":"Crippling Poison+1","floor":48}],"player_experience":155745,"relics_obtained":[{"floor":6,"key":"Old Coin"},{"floor":8,"key":"Peace Pipe"},{"floor":9,"key":"Gremlin Horn"},{"floor":26,"key":"Art of War"},{"floor":41,"key":"Orichalcum"},{"floor":43,"key":"Vajra"},{"floor":46,"key":"Blood Vial"}],"event_choices":[{"damage_healed":0,"gold_gain":0,"player_choice":"Left Gold","damage_taken":0,"max_hp_gain":0,"max_hp_loss":0,"event_name":"World of Goop","floor":3,"gold_loss":44},{"damage_healed":0,"gold_gain":0,"player_choice":"Paid Gold","damage_taken":0,"relics_obtained":["Oddly Smooth Stone"],"max_hp_gain":0,"max_hp_loss":0,"event_name":"WeMeetAgain","floor":5,"gold_loss":72},{"damage_healed":0,"gold_gain":0,"player_choice":"Ignored","damage_taken":0,"max_hp_gain":0,"max_hp_loss":0,"event_name":"Cursed Tome","floor":22,"gold_loss":0},{"damage_healed":23,"gold_gain":0,"player_choice":"Heal","damage_taken":0,"max_hp_gain":0,"max_hp_loss":0,"event_name":"The Library","floor":30,"gold_loss":0},{"damage_healed":0,"gold_gain":0,"player_choice":"Forge","damage_taken":0,"max_hp_gain":0,"max_hp_loss":0,"event_name":"Accursed Blacksmith","floor":37,"gold_loss":0,"cards_upgraded":["Adrenaline"]},{"damage_healed":0,"gold_gain":0,"player_choice":"Got Potions","damage_taken":0,"max_hp_gain":0,"max_hp_loss":0,"event_name":"Lab","floor":42,"gold_loss":0}],"is_beta":false,"boss_relics":[{"not_picked":["Pandora\u0027s Box","HoveringKite"],"picked":"Orrery"},{"not_picked":["Astrolabe","Runic Pyramid"],"picked":"White Beast Statue"}],"items_purged_floors":[19,45],"is_endless":false,"potions_floor_spawned":[6,12,14,20,21,28,35,36,38,39,41,47,48],"killed_by":"Time Eater","ascension_level":0}