{"gold_per_floor":[111,122,139,157,157,157,185,204,277,288,288,98,139,139,139,259,259],"floor_reached":17,"playtime":562,"items_purged":["Injury"],"score":242,"play_id":"e016ee42-0b8f-429b-a903-f8062fc009cc","local_time":"20190220163534","is_ascension_mode":true,"campfire_choices":[{"data":"Immolate","floor":6,"key":"SMITH"},{"data":"Heavy Blade","floor":15,"key":"SMITH"}],"neow_cost":"NONE","seed_source_timestamp":422452250106808,"circlet_count":0,"master_deck":["Bash","Clothesline","Flame Barrier","Thunderclap","Immolate+1","Headbutt","Inflame","Heavy Blade+1","Iron Wave","Reaper","Iron Wave","Fire Breathing","Entrench","Rupture","Blood for Blood","Rupture","Inflame","Sword Boomerang","Burning Pact"],"relics":["Burning Blood","Boot","Torii","Sundial","Golden Idol","Pocketwatch","Juzu Bracelet","Pandora\u0027s Box"],"potions_floor_usage":[10,16],"damage_taken":[{"damage":5,"enemies":"2 Louse","floor":1,"turns":4},{"damage":2,"enemies":"Cultist","floor":2,"turns":4},{"damage":0,"enemies":"Small Slimes","floor":3,"turns":3},{"damage":1,"enemies":"Exordium Wildlife","floor":4,"turns":3},{"damage":15,"enemies":"3 Sentries","floor":7,"turns":4},{"damage":7,"enemies":"Lots of Slimes","floor":8,"turns":2},{"damage":0,"enemies":"Large Slime","floor":10,"turns":3},{"damage":35,"enemies":"Lagavulin","floor":13,"turns":5},{"damage":21,"enemies":"Hexaghost","floor":16,"turns":9}],"seed_played":"-1692973715885327821","potions_obtained":[{"floor":1,"key":"GamblersBrew"},{"floor":7,"key":"Dexterity Potion"},{"floor":8,"key":"Fire Potion"}],"is_trial":false,"path_per_floor":["M","M","M","M","?","R","E","M","T","M","?","$","E","T","R","B",null],"character_chosen":"IRONCLAD","items_purchased":["Inflame","Heavy Blade"],"campfire_rested":0,"item_purchase_floors":[12,12],"current_hp_per_floor":[73,77,80,80,80,80,71,70,70,76,76,76,47,47,47,32,68],"gold":259,"neow_bonus":"RANDOM_COMMON_RELIC","is_prod":false,"is_daily":false,"chose_seed":false,"campfire_upgraded":2,"win_rate":0,"timestamp":1550698534,"path_taken":["M","M","M","M","?","R","E","?","T","M","?","$","E","?","R","BOSS"],"build_version":"2019-01-23","purchased_purges":1,"victory":false,"max_hp_per_floor":[80,80,80,80,80,80,80,80,80,80,80,80,80,80,80,80,80],"card_choices":[{"not_picked":["True Grit","Sword Boomerang"],"picked":"Clothesline","floor":1},{"not_picked":["Thunderclap","Warcry"],"picked":"Flame Barrier","floor":2},{"not_picked":["Searing Blow","Flex"],"picked":"Thunderclap","floor":3},{"not_picked":["Flex","Thunderclap"],"picked":"Immolate","floor":4},{"not_picked":["True Grit","Battle Trance","Anger"],"picked":"SKIP","floor":7},{"not_picked":["Infernal Blade","Thunderclap","Flex"],"picked":"SKIP","floor":8},{"not_picked":["Reckless Charge","Blood for Blood"],"picked":"Headbutt","floor":10},{"not_picked":["True Grit","Anger"],"picked":"Iron Wave","floor":13},{"not_picked":["Dark Embrace","Feed"],"picked":"Reaper","floor":16}],"player_experience":296382,"relics_obtained":[{"floor":7,"key":"Torii"},{"floor":9,"key":"Sundial"},{"floor":13,"key":"Pocketwatch"},{"floor":14,"key":"Juzu Bracelet"}],"event_choices":[{"damage_healed":0,"gold_gain":0,"player_choice":"0 cards matched","damage_taken":0,"max_hp_gain":0,"max_hp_loss":0,"event_name":"Match and Keep!","floor":5,"gold_loss":0,"cards_obtained":[]},{"damage_healed":0,"gold_gain":0,"player_choice":"Take Wound","damage_taken":0,"relics_obtained":["Golden Idol"],"max_hp_gain":0,"max_hp_loss":0,"event_name":"Golden Idol","floor":11,"gold_loss":0,"cards_obtained":["Injury"]}],"is_beta":false,"boss_relics":[{"not_picked":["White Beast Statue","Orrery"],"picked":"Pandora\u0027s Box"}],"items_purged_floors":[12],"is_endless":false,"potions_floor_spawned":[1,7,8],"ascension_level":9}