{"gold_per_floor":[118,1,16,16,16,16,16,55,129,145,163,188,158,158,158,158],"floor_reached":16,"playtime":514,"items_purged":[],"score":160,"play_id":"10d24deb-b6ff-4938-bc77-ccee8336a3a8","local_time":"20180816171504","is_ascension_mode":true,"campfire_choices":[{"data":"Footwork","floor":6,"key":"SMITH"},{"data":"Leg Sweep","floor":15,"key":"SMITH"}],"neow_cost":"NONE","seed_source_timestamp":2333842739358,"circlet_count":0,"master_deck":["Defend_G","Defend_G","Defend_G","Defend_G","Defend_G","Strike_G","Strike_G","Strike_G","Strike_G","Strike_G","Survivor","Neutralize","AscendersBane","Deadly Poison","Footwork+1","Riddle With Holes","Leg Sweep+1"],"relics":["Ring of the Snake","Anchor","Art of War","Golden Idol","Bag of Marbles","Frozen Egg 2"],"potions_floor_usage":[8,12],"damage_taken":[{"damage":0,"enemies":"Small Slimes","floor":1,"turns":4},{"damage":0,"enemies":"2 Louse","floor":3,"turns":2},{"damage":40,"enemies":"Gremlin Nob","floor":8,"turns":6},{"damage":0,"enemies":"Jaw Worm","floor":10,"turns":4},{"damage":0,"enemies":"Looter","floor":11,"turns":4},{"damage":0,"enemies":"Blue Slaver","floor":12,"turns":4},{"damage":36,"enemies":"Hexaghost","floor":16,"turns":14}],"seed_played":"3405157411423414204","potions_obtained":[{"floor":3,"key":"Block Potion"},{"floor":11,"key":"EssenceOfSteel"},{"floor":13,"key":"Ancient Potion"},{"floor":13,"key":"SmokeBomb"}],"is_trial":false,"path_per_floor":["M","$","M","?","$","R","?","E","T","M","M","M","?","?","R"],"character_chosen":"THE_SILENT","items_purchased":["Footwork","Riddle With Holes"],"campfire_rested":0,"item_purchase_floors":[2,2],"current_hp_per_floor":[63,63,63,51,51,51,51,11,11,11,11,11,11,32,32,0],"gold":158,"neow_bonus":"RANDOM_COMMON_RELIC","is_prod":false,"is_daily":false,"chose_seed":false,"campfire_upgraded":2,"win_rate":0,"timestamp":1534464904,"path_taken":["M","$","M","?","$","R","?","E","T","M","M","M","?","?","R","BOSS"],"build_version":"2018-08-16","purchased_purges":0,"victory":false,"max_hp_per_floor":[70,70,70,70,70,70,65,65,65,65,65,65,65,65,65,65],"card_choices":[{"not_picked":["Blade Dance","Eviscerate"],"picked":"Deadly Poison","floor":1},{"not_picked":["Accuracy","Bane","Choke"],"picked":"SKIP","floor":3},{"not_picked":["Underhanded Strike","Slice","Riddle With Holes"],"picked":"SKIP","floor":8},{"not_picked":["Unload","Outmaneuver"],"picked":"Leg Sweep","floor":10},{"not_picked":["Dagger Spray","Blade Dance","Choke"],"picked":"SKIP","floor":11},{"not_picked":["Choke","Bane","Slice"],"picked":"SKIP","floor":12}],"player_experience":765988,"relics_obtained":[{"floor":8,"key":"Bag of Marbles"},{"floor":9,"key":"Frozen Egg 2"}],"event_choices":[{"event_name":"Scrap Ooze","player_choice":"success","floor":4,"damage_taken":12},{"event_name":"Golden Idol","player_choice":"Lose Max HP","floor":7,"damage_taken":0},{"event_name":"The Woman in Blue","player_choice":"Bought 2 Potions","floor":13,"damage_taken":0},{"event_name":"Big Fish","player_choice":"Banana","floor":14,"damage_taken":0}],"is_beta":true,"boss_relics":[],"items_purged_floors":[],"is_endless":false,"potions_floor_spawned":[3,11],"killed_by":"Hexaghost","ascension_level":12}