{"gold_per_floor":[114,39,53,72,72,107,107,139,139,139,139,151,168,179,179,284,284,294,322,322,322],"floor_reached":21,"playtime":1122,"items_purged":["Strike_G"],"score":189,"play_id":"75450fe6-1f63-4ea3-8860-c8a10d533a5d","local_time":"20190630024436","is_ascension_mode":false,"campfire_choices":[{"floor":7,"key":"REST"},{"floor":11,"key":"REST"},{"data":"Catalyst","floor":15,"key":"SMITH"}],"neow_cost":"NONE","seed_source_timestamp":610537885114489,"circlet_count":0,"master_deck":["Defend_G","Defend_G","Defend_G","Defend_G","Defend_G","Strike_G","Strike_G","Survivor","Neutralize","Deadly Poison","Catalyst+1","Deadly Poison","Quick Slash","Poisoned Stab","Leg Sweep","Parasite","Footwork+1","Calculated Gamble","Burst","Sucker Punch+1","Envenom+1","Malaise","Deadly Poison"],"relics":["Ring of the Snake","Dream Catcher","Pen Nib","Frozen Egg 2","Juzu Bracelet","Empty Cage","Red Mask"],"potions_floor_usage":[4,8,14,16,16],"damage_taken":[{"damage":1,"enemies":"2 Louse","floor":1,"turns":3},{"damage":0,"enemies":"Small Slimes","floor":3,"turns":3},{"damage":2,"enemies":"Cultist","floor":4,"turns":4},{"damage":49,"enemies":"3 Sentries","floor":6,"turns":11},{"damage":16,"enemies":"Lagavulin","floor":8,"turns":5},{"damage":2,"enemies":"Looter","floor":12,"turns":3},{"damage":0,"enemies":"2 Fungi Beasts","floor":13,"turns":5},{"damage":0,"enemies":"Large Slime","floor":14,"turns":7},{"damage":26,"enemies":"The Guardian","floor":16,"turns":9},{"damage":13,"enemies":"3 Byrds","floor":18,"turns":8},{"damage":49,"enemies":"Masked Bandits","floor":19,"turns":9},{"damage":9,"enemies":"Chosen","floor":21,"turns":5}],"seed_played":"9115608213793347757","potions_obtained":[{"floor":3,"key":"Dexterity Potion"},{"floor":6,"key":"Swift Potion"},{"floor":8,"key":"Dexterity Potion"},{"floor":13,"key":"SpeedPotion"},{"floor":14,"key":"Regen Potion"}],"is_trial":false,"path_per_floor":["M","$","M","M","?","E","R","E","T","?","R","M","M","M","R","B",null,"M","?","?","M"],"character_chosen":"THE_SILENT","items_purchased":[],"campfire_rested":2,"item_purchase_floors":[],"current_hp_per_floor":[69,69,69,67,67,18,39,23,23,40,61,59,59,59,59,48,70,57,8,8,0],"gold":322,"neow_bonus":"RANDOM_COMMON_RELIC","is_prod":false,"is_daily":false,"chose_seed":false,"campfire_upgraded":1,"win_rate":0,"timestamp":1561887876,"path_taken":["M","$","M","M","?","E","R","E","T","?","R","M","M","M","R","BOSS","M","?","?","M"],"build_version":"2019-01-23","purchased_purges":1,"victory":false,"max_hp_per_floor":[70,70,70,70,70,70,70,70,70,70,70,70,70,70,70,70,70,70,70,70,70],"card_choices":[{"not_picked":["Sucker Punch","Backflip"],"picked":"Deadly Poison","floor":1},{"not_picked":["Blade Dance","Slice"],"picked":"Catalyst","floor":3},{"not_picked":["Caltrops","Acrobatics"],"picked":"Deadly Poison","floor":4},{"not_picked":["Deflect","Storm of Steel"],"picked":"Quick Slash","floor":6},{"not_picked":["Blade Dance","Eviscerate"],"picked":"Poisoned Stab","floor":7},{"not_picked":["Eviscerate","Flying Knee"],"picked":"Leg Sweep","floor":8},{"not_picked":["Slice","Leg Sweep"],"picked":"Footwork+1","floor":12},{"not_picked":["Riddle With Holes","Backstab"],"picked":"Calculated Gamble","floor":13},{"not_picked":["Skewer","Quick Slash","Prepared"],"picked":"SKIP","floor":14},{"not_picked":["Die Die Die","Venomology"],"picked":"Burst","floor":16},{"not_picked":["Dagger Throw","Dagger Spray"],"picked":"Sucker Punch+1","floor":18},{"not_picked":["Escape Plan+1","Riddle With Holes"],"picked":"Envenom+1","floor":19}],"player_experience":551413,"relics_obtained":[{"floor":6,"key":"Pen Nib"},{"floor":8,"key":"Frozen Egg 2"},{"floor":9,"key":"Juzu Bracelet"},{"floor":19,"key":"Red Mask"}],"event_choices":[{"damage_healed":0,"gold_gain":0,"player_choice":"Ignored","damage_taken":0,"max_hp_gain":0,"max_hp_loss":0,"event_name":"Liars Game","floor":5,"gold_loss":0},{"damage_healed":17,"gold_gain":0,"player_choice":"Healed and dodged fight","damage_taken":0,"max_hp_gain":0,"max_hp_loss":0,"event_name":"Mushrooms","floor":10,"gold_loss":0,"cards_obtained":["Parasite"]},{"damage_healed":0,"gold_gain":0,"player_choice":"Fought Bandits","damage_taken":0,"max_hp_gain":0,"max_hp_loss":0,"event_name":"Masked Bandits","floor":19,"gold_loss":0},{"damage_healed":0,"gold_gain":0,"player_choice":"2 cards matched","damage_taken":0,"max_hp_gain":0,"max_hp_loss":0,"event_name":"Match and Keep!","floor":20,"gold_loss":0,"cards_obtained":["Malaise","Deadly Poison"]}],"is_beta":false,"boss_relics":[{"not_picked":["Ectoplasm","Pandora\u0027s Box"],"picked":"Empty Cage"}],"items_purged_floors":[2],"is_endless":false,"potions_floor_spawned":[3,6,8,13,14],"killed_by":"Chosen","ascension_level":0}