{"gold_per_floor":[216,216,186,196,214,214,249,249,302,321,337,337,65,65,65,142,142,158,158,73,0,17,17,17,37,112,15,27,27,27],"floor_reached":30,"playtime":1105,"items_purged":["Writhe"],"score":424,"play_id":"fab69bfe-bea4-4bc2-9956-f4dea76783d5","local_time":"20190503124832","is_ascension_mode":true,"campfire_choices":[{"data":"Shrug It Off","floor":6,"key":"SMITH"},{"data":"Corruption","floor":12,"key":"SMITH"},{"data":"Mayhem","floor":15,"key":"SMITH"},{"floor":23,"key":"REST"},{"floor":29,"key":"REST"}],"neow_cost":"NONE","seed_source_timestamp":577834685721182,"circlet_count":0,"master_deck":["AscendersBane","Bash","Clash","Shrug It Off+1","Demon Form","Corruption+1","Perfected Strike","Mayhem+1","Carnage","Barricade","Reckless Charge","Thunderclap","Power Through","Offering","Dark Embrace","Searing Blow","Demon Form","Havoc","Shrug It Off+1","Intimidate+1","Shrug It Off"],"relics":["Burning Blood","Oddly Smooth Stone","Mango","Blood Vial","Pandora\u0027s Box","Lantern","Boot","Bottled Tornado"],"potions_floor_usage":[7,7,16,22,25],"damage_taken":[{"damage":3,"enemies":"Small Slimes","floor":1,"turns":3},{"damage":7,"enemies":"Jaw Worm","floor":4,"turns":3},{"damage":6,"enemies":"Cultist","floor":5,"turns":4},{"damage":14,"enemies":"Lagavulin","floor":7,"turns":6},{"damage":4,"enemies":"Blue Slaver","floor":10,"turns":5},{"damage":13,"enemies":"Exordium Thugs","floor":11,"turns":7},{"damage":92,"enemies":"The Guardian","floor":16,"turns":10},{"damage":49,"enemies":"Chosen","floor":18,"turns":5},{"damage":19,"enemies":"Spheric Guardian","floor":22,"turns":4},{"damage":63,"enemies":"Snake Plant","floor":25,"turns":7},{"damage":53,"enemies":"Centurion and Healer","floor":28,"turns":8},{"damage":48,"enemies":"Slavers","floor":30,"turns":5}],"seed_played":"6058056121818139598","potions_obtained":[{"floor":3,"key":"Poison Potion"},{"floor":3,"key":"FearPotion"},{"floor":7,"key":"AttackPotion"},{"floor":10,"key":"Regen Potion"},{"floor":16,"key":"BloodPotion"},{"floor":18,"key":"Explosive Potion"}],"is_trial":false,"path_per_floor":["M","?","?","M","M","R","E","?","T","M","M","R","$","?","R","B",null,"M","?","?","?","M","R","?","M","T","$","M","R","E"],"character_chosen":"IRONCLAD","items_purchased":["Mayhem","Carnage","Shrug It Off"],"campfire_rested":2,"item_purchase_floors":[13,13,27],"current_hp_per_floor":[71,76,76,75,75,75,67,81,81,85,80,80,80,80,80,11,73,32,32,32,32,21,49,104,57,57,57,12,43,0],"gold":27,"neow_bonus":"HUNDRED_GOLD","is_prod":false,"is_daily":false,"chose_seed":false,"campfire_upgraded":3,"win_rate":0,"timestamp":1556912912,"path_taken":["M","?","?","M","?","R","E","?","T","M","M","R","?","?","R","BOSS","M","?","?","?","M","R","?","M","T","$","M","R","E"],"build_version":"2019-01-23","purchased_purges":1,"victory":false,"max_hp_per_floor":[75,80,80,80,80,80,80,94,94,94,94,94,94,94,94,94,94,94,94,94,94,94,94,104,104,104,104,104,104,104],"card_choices":[{"not_picked":["Havoc","Burning Pact","Flex"],"picked":"SKIP","floor":1},{"not_picked":["Body Slam","Sentinel"],"picked":"Clash","floor":4},{"not_picked":["Heavy Blade","Burning Pact"],"picked":"Shrug It Off","floor":5},{"not_picked":["Twin Strike","Dual Wield"],"picked":"Demon Form","floor":7},{"not_picked":["Wild Strike","Flex"],"picked":"Corruption","floor":10},{"not_picked":["Inflame","True Grit"],"picked":"Perfected Strike","floor":11},{"not_picked":["Limit Break","Reaper"],"picked":"Barricade","floor":16},{"not_picked":["Anger","Perfected Strike"],"picked":"Shrug It Off+1","floor":18},{"not_picked":["Clothesline","Perfected Strike"],"picked":"Intimidate+1","floor":22},{"not_picked":["Inflame","Corruption","Wild Strike"],"picked":"SKIP","floor":25},{"not_picked":["Wild Strike","Dual Wield","Heavy Blade"],"picked":"SKIP","floor":28}],"player_experience":878891,"relics_obtained":[{"floor":7,"key":"Oddly Smooth Stone"},{"floor":9,"key":"Blood Vial"},{"floor":26,"key":"Bottled Tornado"}],"event_choices":[{"damage_healed":0,"gold_gain":0,"player_choice":"Donut","damage_taken":0,"max_hp_gain":5,"max_hp_loss":0,"event_name":"Big Fish","floor":2,"gold_loss":0},{"damage_healed":0,"gold_gain":0,"player_choice":"Bought 2 Potions","damage_taken":0,"max_hp_gain":0,"max_hp_loss":0,"event_name":"The Woman in Blue","floor":3,"gold_loss":0},{"damage_healed":0,"gold_gain":0,"player_choice":"Gave Potion","damage_taken":0,"relics_obtained":["Mango"],"max_hp_gain":0,"max_hp_loss":0,"event_name":"WeMeetAgain","floor":8,"gold_loss":0},{"damage_healed":0,"gold_gain":0,"player_choice":"Searched \u00270\u0027 times","damage_taken":0,"max_hp_gain":0,"max_hp_loss":0,"event_name":"Dead Adventurer","floor":14,"gold_loss":0},{"damage_healed":0,"gold_gain":0,"player_choice":"Opened","damage_taken":0,"relics_obtained":["Lantern"],"max_hp_gain":0,"max_hp_loss":0,"event_name":"The Mausoleum","floor":19,"gold_loss":0,"cards_obtained":["Writhe"]},{"damage_healed":0,"gold_gain":0,"player_choice":"Obtained Relic","damage_taken":0,"relics_obtained":["Boot"],"max_hp_gain":0,"max_hp_loss":0,"event_name":"Addict","floor":20,"gold_loss":85},{"damage_healed":0,"gold_gain":0,"player_choice":"Paid Fearfully","damage_taken":0,"max_hp_gain":0,"max_hp_loss":0,"event_name":"Masked Bandits","floor":21,"gold_loss":73},{"cards_removed":["Barricade"],"damage_healed":45,"gold_gain":0,"player_choice":"Offered Rare","damage_taken":0,"max_hp_gain":10,"max_hp_loss":0,"event_name":"Bonfire Elementals","floor":24,"gold_loss":0}],"is_beta":false,"boss_relics":[{"not_picked":["Orrery","Coffee Dripper"],"picked":"Pandora\u0027s Box"}],"items_purged_floors":[27],"is_endless":false,"potions_floor_spawned":[5,7,10,16,18],"killed_by":"Slavers","ascension_level":15}