{"gold_per_floor":[113,113,126,126,126,126,161,181,181,181,106,133,133,148,148,279,279,295,295,320,145,168,168,184,184,237,276,276,290,165,165,165,293,293,307,322,172,297,297,297,297,297,297,597,275,289,289,289,289,289],"floor_reached":51,"playtime":1472,"items_purged":["Strike_R","Strike_R","Strike_R","Cleave","Regret"],"score":734,"play_id":"8808df7d-bbaf-49ad-82ff-dc8d3aa426e4","local_time":"20190508154259","is_ascension_mode":false,"campfire_choices":[{"data":"Inflame","floor":6,"key":"SMITH"},{"data":"Bash","floor":10,"key":"SMITH"},{"data":"Sword Boomerang","floor":13,"key":"SMITH"},{"data":"Sword Boomerang","floor":15,"key":"SMITH"},{"data":"Inflame","floor":23,"key":"SMITH"},{"data":"Shrug It Off","floor":25,"key":"SMITH"},{"floor":32,"key":"REST"},{"data":"Panacea","floor":40,"key":"SMITH"},{"data":"Shrug It Off","floor":42,"key":"SMITH"},{"floor":47,"key":"REST"},{"data":"Sword Boomerang","floor":49,"key":"SMITH"}],"neow_cost":"NONE","seed_source_timestamp":157734868444062,"circlet_count":0,"master_deck":["Defend_R+1","Defend_R+1","Bash+1","Inflame+1","Iron Wave","Sword Boomerang+1","Sword Boomerang+1","Feed","Sword Boomerang+1","Inflame+1","Shrug It Off+1","Sword Boomerang","Shrug It Off+1","Immolate","RitualDagger","Reaper","Panacea+1","Flex+1"],"relics":["Burning Blood","Mango","Golden Idol","Centennial Puzzle","Regal Pillow","Nunchaku","Blood Vial","Empty Cage","FossilizedHelix","Lantern","Shuriken","Nilry\u0027s Codex","Cursed Key","WingedGreaves","War Paint","Bag of Marbles"],"potions_floor_usage":[27,36,50],"damage_taken":[{"damage":12,"enemies":"Small Slimes","floor":1,"turns":3},{"damage":6,"enemies":"Cultist","floor":3,"turns":3},{"damage":31,"enemies":"Lagavulin","floor":7,"turns":5},{"damage":6,"enemies":"Jaw Worm","floor":8,"turns":3},{"damage":4,"enemies":"Blue Slaver","floor":14,"turns":3},{"damage":11,"enemies":"Slime Boss","floor":16,"turns":5},{"damage":7,"enemies":"Shell Parasite","floor":18,"turns":4},{"damage":0,"enemies":"Spheric Guardian","floor":20,"turns":3},{"damage":14,"enemies":"Snake Plant","floor":22,"turns":2},{"damage":21,"enemies":"Shelled Parasite and Fungi","floor":24,"turns":4},{"damage":27,"enemies":"Gremlin Leader","floor":27,"turns":4},{"damage":5,"enemies":"Cultist and Chosen","floor":29,"turns":3},{"damage":24,"enemies":"Champ","floor":33,"turns":7},{"damage":0,"enemies":"Orb Walker","floor":35,"turns":2},{"damage":10,"enemies":"3 Darklings","floor":36,"turns":3},{"damage":29,"enemies":"Mind Bloom Boss Battle","floor":38,"turns":6},{"damage":42,"enemies":"Sphere and 2 Shapes","floor":46,"turns":4},{"damage":38,"enemies":"Time Eater","floor":50,"turns":5}],"seed_played":"-5368532961868327552","potions_obtained":[{"floor":1,"key":"Dexterity Potion"},{"floor":8,"key":"SpeedPotion"},{"floor":14,"key":"EssenceOfSteel"},{"floor":22,"key":"Swift Potion"},{"floor":27,"key":"EssenceOfSteel"},{"floor":33,"key":"Energy Potion"},{"floor":36,"key":"SteroidPotion"},{"floor":46,"key":"Regen Potion"}],"is_trial":false,"path_per_floor":["M","?","M","?","?","R","E","M","T","R","$","T","R","M","R","B",null,"M","T","M","$","M","R","M","R","T","E","?","M","$","?","R","B",null,"M","M","$","?","?","R","?","R","T","?","$","M","R","?","R","B",null],"character_chosen":"IRONCLAD","items_purchased":["Inflame","Bag of Marbles"],"campfire_rested":2,"item_purchase_floors":[21,45],"current_hp_per_floor":[74,88,88,87,84,84,59,59,59,59,59,59,59,63,63,60,87,86,86,90,90,82,82,72,72,72,53,37,40,40,34,76,60,93,96,95,95,74,74,74,74,74,74,74,74,40,84,84,84,54],"gold":289,"neow_bonus":"TRANSFORM_CARD","is_prod":false,"is_daily":false,"chose_seed":false,"campfire_upgraded":9,"win_rate":0,"timestamp":1557344579,"path_taken":["M","?","?","?","?","R","E","M","T","R","?","?","R","M","R","BOSS","M","?","M","$","?","R","M","R","T","E","?","M","?","?","R","BOSS","M","M","$","?","?","R","?","R","T","?","$","?","R","?","R","BOSS"],"build_version":"2019-01-23","purchased_purges":5,"victory":true,"max_hp_per_floor":[80,94,94,87,87,87,87,87,87,87,87,87,87,87,87,87,87,87,87,90,90,90,90,93,93,93,93,93,93,93,93,93,93,93,96,99,99,99,99,99,99,99,99,99,99,99,99,94,94,94],"card_choices":[{"not_picked":["Battle Trance","Havoc"],"picked":"Iron Wave","floor":1},{"not_picked":["Rage","Wild Strike","Corruption"],"picked":"SKIP","floor":3},{"not_picked":["Burning Pact","Pommel Strike","Headbutt"],"picked":"SKIP","floor":7},{"not_picked":["Iron Wave","Anger"],"picked":"Sword Boomerang","floor":8},{"not_picked":["Warcry","Iron Wave"],"picked":"Sword Boomerang","floor":14},{"not_picked":["Barricade","Fiend Fire"],"picked":"Feed","floor":16},{"not_picked":["Pommel Strike","Wild Strike"],"picked":"Cleave","floor":18},{"not_picked":["Rampage","Evolve+1"],"picked":"Sword Boomerang","floor":20},{"not_picked":["Iron Wave","Warcry"],"picked":"Shrug It Off","floor":22},{"not_picked":["Combust","Burning Pact"],"picked":"Sword Boomerang","floor":24},{"not_picked":["Combust","Headbutt"],"picked":"Shrug It Off","floor":27},{"not_picked":["Sentinel","Anger"],"picked":"Immolate","floor":29},{"not_picked":["Fiend Fire","Brutality"],"picked":"Reaper","floor":33},{"not_picked":["Rampage+1","Cleave+1","Heavy Blade"],"picked":"SKIP","floor":35},{"not_picked":["Clothesline+1","Disarm","Carnage"],"picked":"SKIP","floor":36},{"not_picked":["Impatience","Bandage Up"],"picked":"Panacea","floor":39},{"not_picked":["Rupture","Sword Boomerang"],"picked":"Flex+1","floor":46}],"player_experience":674283,"relics_obtained":[{"floor":7,"key":"Regal Pillow"},{"floor":9,"key":"Nunchaku"},{"floor":12,"key":"Blood Vial"},{"floor":19,"key":"FossilizedHelix"},{"floor":26,"key":"Lantern"},{"floor":27,"key":"Shuriken"},{"floor":28,"key":"Nilry\u0027s Codex"},{"floor":38,"key":"WingedGreaves"},{"floor":43,"key":"War Paint"}],"event_choices":[{"damage_healed":0,"gold_gain":0,"player_choice":"Gave Potion","damage_taken":0,"relics_obtained":["Mango"],"max_hp_gain":0,"max_hp_loss":0,"event_name":"WeMeetAgain","floor":2,"gold_loss":0},{"damage_healed":0,"gold_gain":0,"player_choice":"Lose Max HP","damage_taken":0,"relics_obtained":["Golden Idol"],"max_hp_gain":0,"max_hp_loss":7,"event_name":"Golden Idol","floor":4,"gold_loss":0},{"damage_healed":0,"gold_gain":0,"player_choice":"Success","damage_taken":3,"relics_obtained":["Centennial Puzzle"],"max_hp_gain":0,"max_hp_loss":0,"event_name":"Scrap Ooze","floor":5,"gold_loss":0},{"damage_healed":0,"gold_gain":0,"player_choice":"Obtained Book","damage_taken":16,"max_hp_gain":0,"max_hp_loss":0,"event_name":"Cursed Tome","floor":28,"gold_loss":0},{"damage_healed":0,"gold_gain":0,"player_choice":"Joined the Cult","damage_taken":6,"max_hp_gain":0,"max_hp_loss":0,"event_name":"Nest","floor":31,"gold_loss":0,"cards_obtained":["RitualDagger"]},{"damage_healed":0,"gold_gain":0,"player_choice":"Fight","damage_taken":0,"max_hp_gain":0,"max_hp_loss":0,"event_name":"MindBloom","floor":38,"gold_loss":0},{"damage_healed":0,"gold_gain":0,"player_choice":"Memory 1","damage_taken":0,"max_hp_gain":0,"max_hp_loss":0,"event_name":"SensoryStone","floor":39,"gold_loss":0},{"cards_removed":["Defend_R"],"damage_healed":0,"gold_gain":0,"player_choice":"Removed Skill","damage_taken":0,"max_hp_gain":0,"max_hp_loss":0,"event_name":"Falling","floor":41,"gold_loss":0},{"damage_healed":0,"gold_gain":300,"player_choice":"Gold","damage_taken":0,"max_hp_gain":0,"max_hp_loss":0,"event_name":"Wheel of Change","floor":44,"gold_loss":0},{"damage_healed":0,"gold_gain":0,"player_choice":"Max HP","damage_taken":0,"max_hp_gain":0,"max_hp_loss":5,"event_name":"Winding Halls","floor":48,"gold_loss":0}],"is_beta":false,"boss_relics":[{"not_picked":["Lizard Tail","Runic Cube"],"picked":"Empty Cage"},{"not_picked":["Black Blood","Fusion Hammer"],"picked":"Cursed Key"}],"items_purged_floors":[11,21,30,37,45],"is_endless":false,"potions_floor_spawned":[1,8,14,22,27,33,36,46],"ascension_level":0}