{"gold_per_floor":[115,115,135,135,146,173,185,220,220,220,220,234,234,199,199,199],"floor_reached":16,"playtime":495,"items_purged":[],"score":123,"play_id":"cf4a2b6d-5027-4c9d-acce-e423bb1ad6a0","local_time":"20190701180355","is_ascension_mode":true,"campfire_choices":[{"data":"Dark Embrace","floor":11,"key":"SMITH"},{"data":"Infernal Blade","floor":15,"key":"SMITH"}],"neow_cost":"NONE","seed_source_timestamp":1276160499861384,"circlet_count":0,"master_deck":["Strike_R","Strike_R","Strike_R","Strike_R","Strike_R","Defend_R","Defend_R","Defend_R","Defend_R","Bash","Dark Embrace+1","Corruption+1","Shrug It Off","Infernal Blade","Infernal Blade+1","Metallicize","Thunderclap"],"relics":["Burning Blood","Red Skull","Bag of Marbles","Sundial"],"potions_floor_usage":[6,8,8,8,13,16],"damage_taken":[{"damage":10,"enemies":"Small Slimes","floor":1,"turns":3},{"damage":1,"enemies":"2 Louse","floor":3,"turns":5},{"damage":15,"enemies":"Cultist","floor":5,"turns":5},{"damage":37,"enemies":"3 Sentries","floor":6,"turns":8},{"damage":11,"enemies":"Looter","floor":7,"turns":2},{"damage":31,"enemies":"Lagavulin","floor":8,"turns":6},{"damage":0,"enemies":"3 Louse","floor":12,"turns":4},{"damage":19,"enemies":"Exordium Thugs","floor":13,"turns":2},{"damage":20,"enemies":"Slime Boss","floor":16,"turns":5}],"seed_played":"-6873321713329908910","potions_obtained":[{"floor":4,"key":"Weak Potion"},{"floor":4,"key":"Swift Potion"},{"floor":4,"key":"Explosive Potion"},{"floor":5,"key":"SkillPotion"},{"floor":7,"key":"LiquidBronze"},{"floor":8,"key":"SmokeBomb"},{"floor":12,"key":"Ancient Potion"}],"is_trial":false,"path_per_floor":["M","?","M","?","M","E","M","E","T","?","R","M","M","?","R","B"],"character_chosen":"IRONCLAD","items_purchased":[],"campfire_rested":0,"item_purchase_floors":[],"current_hp_per_floor":[76,76,80,80,71,40,35,10,10,36,36,42,29,49,49,29],"gold":199,"neow_bonus":"ONE_RANDOM_RARE_CARD","is_prod":false,"is_daily":false,"chose_seed":false,"campfire_upgraded":2,"win_rate":0,"timestamp":1562029435,"path_taken":["M","?","M","?","?","E","M","E","T","?","R","M","M","?","R","BOSS"],"build_version":"2019-07-01","purchased_purges":0,"victory":false,"max_hp_per_floor":[80,80,80,80,80,80,80,80,80,80,80,80,80,80,80,80],"card_choices":[{"not_picked":["Sword Boomerang","Fire Breathing"],"picked":"Corruption","floor":1},{"not_picked":["Iron Wave","Perfected Strike"],"picked":"Shrug It Off","floor":3},{"not_picked":["Perfected Strike","Sword Boomerang","Second Wind"],"picked":"SKIP","floor":5},{"not_picked":["Cleave","Blood for Blood"],"picked":"Infernal Blade","floor":6},{"not_picked":["Clash","True Grit"],"picked":"Infernal Blade","floor":7},{"not_picked":["Carnage","Combust"],"picked":"Metallicize","floor":8},{"not_picked":["True Grit","Warcry"],"picked":"Thunderclap","floor":12}],"player_experience":60670,"relics_obtained":[{"floor":6,"key":"Red Skull"},{"floor":8,"key":"Bag of Marbles"},{"floor":9,"key":"Sundial"}],"event_choices":[{"damage_healed":0,"gold_gain":0,"player_choice":"Grow","damage_taken":0,"max_hp_gain":0,"max_hp_loss":0,"event_name":"Living Wall","floor":2,"gold_loss":0,"cards_upgraded":["Corruption"]},{"damage_healed":0,"gold_gain":0,"player_choice":"Got Potions","damage_taken":0,"max_hp_gain":0,"max_hp_loss":0,"event_name":"Lab","floor":4,"gold_loss":0},{"damage_healed":26,"gold_gain":0,"player_choice":"Banana","damage_taken":0,"max_hp_gain":0,"max_hp_loss":0,"event_name":"Big Fish","floor":10,"gold_loss":0},{"damage_healed":20,"gold_gain":0,"player_choice":"Healed","damage_taken":0,"max_hp_gain":0,"max_hp_loss":0,"event_name":"The Cleric","floor":14,"gold_loss":35}],"is_beta":false,"boss_relics":[],"items_purged_floors":[],"is_endless":false,"potions_floor_spawned":[5,7,8,12],"killed_by":"Slime Boss","ascension_level":2}