{"gold_per_floor":[118,148,162,75,89,115,115,133,133,2,2,2,12,31,31,104,104,116,136,61,61,61,61,93,93,93,51,64,90,90,107,107,107],"floor_reached":33,"playtime":1463,"items_purged":["Defend_G"],"score":515,"play_id":"05dd919b-8d17-40ec-9891-e052bfb16591","local_time":"20190607235228","is_ascension_mode":true,"campfire_choices":[{"floor":7,"key":"REST"},{"floor":15,"key":"REST"},{"data":"Noxious Fumes","floor":23,"key":"SMITH"},{"floor":25,"key":"REST"},{"floor":32,"key":"REST"}],"neow_cost":"NONE","seed_source_timestamp":548137996733235,"circlet_count":0,"master_deck":["AscendersBane","Defend_G","Defend_G","Defend_G","Survivor","Neutralize","Backstab","Tactician","Choke","Cloak And Dagger","Noxious Fumes+1","Leg Sweep","Noxious Fumes","Malaise","Outmaneuver+1","Backstab+1","Bite","Bite","Bite","Bite","Bite","Acrobatics","Acrobatics","Escape Plan","Dagger Throw","Deflect"],"relics":["Ring of the Snake","Tiny Chest","Ginger","Kunai","Lizard Tail","Vajra","Gremlin Horn","Juzu Bracelet"],"potions_floor_usage":[16,18,18,19,31],"damage_taken":[{"damage":5,"enemies":"2 Louse","floor":1,"turns":4},{"damage":0,"enemies":"Cultist","floor":3,"turns":4},{"damage":0,"enemies":"Jaw Worm","floor":5,"turns":7},{"damage":33,"enemies":"3 Sentries","floor":6,"turns":13},{"damage":8,"enemies":"Blue Slaver","floor":8,"turns":4},{"damage":4,"enemies":"Looter","floor":13,"turns":4},{"damage":0,"enemies":"3 Louse","floor":14,"turns":3},{"damage":8,"enemies":"Hexaghost","floor":16,"turns":11},{"damage":0,"enemies":"3 Byrds","floor":18,"turns":7},{"damage":22,"enemies":"2 Thieves","floor":19,"turns":5},{"damage":64,"enemies":"Book of Stabbing","floor":24,"turns":8},{"damage":5,"enemies":"Chosen and Byrds","floor":28,"turns":7},{"damage":14,"enemies":"Snecko","floor":31,"turns":5},{"damage":57,"enemies":"Collector","floor":33,"turns":5}],"seed_played":"5546941495789994394","potions_obtained":[{"floor":3,"key":"SpeedPotion"},{"floor":8,"key":"Explosive Potion"},{"floor":16,"key":"EssenceOfSteel"},{"floor":18,"key":"Fruit Juice"},{"floor":24,"key":"Swift Potion"}],"is_trial":false,"path_per_floor":["M","?","M","$","M","E","R","M","T","$","?","$","M","M","R","B",null,"M","M","$","?","?","R","E","R","T","$","M","T","?","M","R","B"],"character_chosen":"THE_SILENT","items_purchased":["GhostInAJar","Leg Sweep","Noxious Fumes","Escape Plan"],"campfire_rested":4,"item_purchase_floors":[4,10,10,27],"current_hp_per_floor":[54,54,54,54,54,21,40,32,32,32,32,32,28,28,47,39,59,64,42,42,42,42,42,18,32,32,32,41,41,41,37,49,0],"gold":107,"neow_bonus":"TRANSFORM_CARD","is_prod":false,"is_daily":false,"chose_seed":false,"campfire_upgraded":1,"win_rate":0,"timestamp":1559976748,"path_taken":["M","?","M","?","?","E","R","?","T","$","?","$","M","M","R","BOSS","M","?","$","?","?","R","E","R","T","$","M","?","?","M","R","BOSS"],"build_version":"2019-01-23","purchased_purges":1,"victory":false,"max_hp_per_floor":[66,66,66,66,66,66,66,66,66,66,66,66,66,66,66,66,66,71,71,71,49,49,49,49,49,49,49,49,49,49,49,49,49],"card_choices":[{"not_picked":["Slice","Dodge and Roll"],"picked":"Backstab","floor":1},{"not_picked":["Quick Slash","Poisoned Stab"],"picked":"Tactician","floor":3},{"not_picked":["Bane","Riddle With Holes"],"picked":"Choke","floor":5},{"not_picked":["Heel Hook","Dagger Spray"],"picked":"Cloak And Dagger","floor":6},{"not_picked":["Slice","Bane"],"picked":"Noxious Fumes","floor":8},{"not_picked":["Riddle With Holes","Flying Knee","Outmaneuver"],"picked":"SKIP","floor":13},{"not_picked":["Quick Slash","Flying Knee","Predator"],"picked":"SKIP","floor":14},{"not_picked":["Doppelganger","Wraith Form v2"],"picked":"Malaise","floor":16},{"not_picked":["Eviscerate","Flying Knee"],"picked":"Outmaneuver+1","floor":18},{"not_picked":["Deadly Poison","Setup"],"picked":"Backstab+1","floor":19},{"not_picked":["Grand Finale","Dagger Spray"],"picked":"Acrobatics","floor":24},{"not_picked":["Crippling Poison","Setup"],"picked":"Dagger Throw","floor":28},{"not_picked":["Accuracy","Acrobatics"],"picked":"Deflect","floor":31}],"player_experience":979970,"relics_obtained":[{"floor":6,"key":"Ginger"},{"floor":9,"key":"Kunai"},{"floor":24,"key":"Vajra"},{"floor":26,"key":"Gremlin Horn"},{"floor":29,"key":"Juzu Bracelet"}],"event_choices":[{"cards_removed":["Calculated Gamble"],"damage_healed":0,"gold_gain":0,"player_choice":"Gave Card","damage_taken":0,"relics_obtained":["Tiny Chest"],"max_hp_gain":0,"max_hp_loss":0,"event_name":"WeMeetAgain","floor":2,"gold_loss":0},{"cards_removed":["Defend_G"],"damage_healed":0,"gold_gain":0,"player_choice":"Purged","damage_taken":0,"max_hp_gain":0,"max_hp_loss":0,"event_name":"Purifier","floor":11,"gold_loss":0},{"damage_healed":0,"gold_gain":0,"player_choice":"Became a vampire","damage_taken":0,"max_hp_gain":0,"max_hp_loss":22,"event_name":"Vampires","floor":21,"gold_loss":0,"cards_obtained":["Bite","Bite","Bite","Bite","Bite"]},{"damage_healed":0,"gold_gain":0,"player_choice":"Read","damage_taken":0,"max_hp_gain":0,"max_hp_loss":0,"event_name":"The Library","floor":22,"gold_loss":0,"cards_obtained":["Acrobatics"]},{"damage_healed":0,"gold_gain":0,"player_choice":"Ignored","damage_taken":0,"max_hp_gain":0,"max_hp_loss":0,"event_name":"Ghosts","floor":30,"gold_loss":0}],"is_beta":false,"boss_relics":[{"not_picked":["Calling Bell","Black Star"],"picked":"Lizard Tail"}],"items_purged_floors":[20],"is_endless":false,"potions_floor_spawned":[3,8,14,16,18,24],"killed_by":"Collector","ascension_level":17}