{"gold_per_floor":[116,116,291,147,165,190,205,205,232,246,275,293,323,16,16,115,115,132,148,148,247,257,257,272,272,351,251,266,266,266,278,278,379,379,397,407,507,518,315,315,315,315,339,339,355,265,284,284,284,284],"floor_reached":50,"playtime":1570,"items_purged":["Doubt","Strike_B","Strike_B"],"score":512,"play_id":"dae9c507-98e4-4fce-b104-964c06c6c19d","local_time":"20190416162944","is_ascension_mode":false,"campfire_choices":[{"data":"Darkness","floor":8,"key":"SMITH"},{"floor":15,"key":"REST"},{"data":"Lockon","floor":23,"key":"SMITH"},{"floor":25,"key":"REST"},{"data":"Defragment","floor":32,"key":"SMITH"},{"floor":40,"key":"RECALL"},{"data":"Defragment","floor":42,"key":"SMITH"},{"data":"Buffer","floor":44,"key":"SMITH"},{"floor":49,"key":"REST"}],"neow_cost":"NONE","seed_source_timestamp":572138410828581,"circlet_count":0,"master_deck":["Strike_B+1","Strike_B+1","Defend_B+1","Defend_B+1","Defend_B+1","Zap","Dualcast","Heatsinks","Doom and Gloom","Auto Shields+1","Darkness+1","Lockon+1","Seek+1","Buffer+1","Sweeping Beam+1","Redo","Redo+1","Doom and Gloom","Defragment+1","Core Surge","Chaos+1","Leap","Defragment+1","Biased Cognition","Hologram+1"],"relics":["Cracked Core","NeowsBlessing","Omamori","Whetstone","Bag of Marbles","Juzu Bracelet","Pocketwatch","Sozu","Lizard Tail","Nunchaku","War Paint"],"potions_floor_usage":[13,13,33],"damage_taken":[{"damage":0,"enemies":"Cultist","floor":1,"turns":1},{"damage":0,"enemies":"Small Slimes","floor":5,"turns":1},{"damage":0,"enemies":"3 Sentries","floor":6,"turns":1},{"damage":6,"enemies":"Jaw Worm","floor":7,"turns":4},{"damage":2,"enemies":"Exordium Wildlife","floor":10,"turns":4},{"damage":23,"enemies":"Lagavulin","floor":11,"turns":7},{"damage":2,"enemies":"Looter","floor":12,"turns":4},{"damage":23,"enemies":"Gremlin Nob","floor":13,"turns":4},{"damage":11,"enemies":"Slime Boss","floor":16,"turns":5},{"damage":25,"enemies":"2 Thieves","floor":18,"turns":4},{"damage":10,"enemies":"3 Byrds","floor":19,"turns":5},{"damage":0,"enemies":"Snecko","floor":22,"turns":5},{"damage":14,"enemies":"Snake Plant","floor":24,"turns":3},{"damage":10,"enemies":"Cultist and Chosen","floor":28,"turns":5},{"damage":0,"enemies":"Chosen and Byrds","floor":31,"turns":4},{"damage":47,"enemies":"Collector","floor":33,"turns":8},{"damage":4,"enemies":"Orb Walker","floor":35,"turns":4},{"damage":18,"enemies":"3 Shapes","floor":36,"turns":4},{"damage":0,"enemies":"Mind Bloom Boss Battle","floor":37,"turns":4},{"damage":0,"enemies":"Transient","floor":38,"turns":5},{"damage":16,"enemies":"Maw","floor":45,"turns":6},{"damage":1,"enemies":"Writhing Mass","floor":47,"turns":5},{"damage":104,"enemies":"Awakened One","floor":50,"turns":8}],"seed_played":"-812911790092033434","potions_obtained":[{"floor":6,"key":"Strength Potion"},{"floor":10,"key":"Strength Potion"},{"floor":13,"key":"Energy Potion"}],"is_trial":false,"path_per_floor":["M","?","?","$","M","E","M","R","T","M","E","M","E","$","R","B",null,"M","M","?","?","M","R","M","R","T","$","M","?","?","M","R","B",null,"M","M","?","M","$","R","$","R","T","R","M","?","M","?","R","B"],"character_chosen":"DEFECT","items_purchased":["Doom and Gloom","Pocketwatch","Defragment"],"campfire_rested":3,"item_purchase_floors":[4,14,39],"current_hp_per_floor":[75,60,60,60,60,60,54,54,54,52,29,27,4,4,26,15,75,50,40,40,40,40,40,26,48,48,48,38,38,63,63,63,16,75,71,53,53,53,53,53,53,53,53,53,37,37,36,36,58,0],"gold":284,"neow_bonus":"THREE_ENEMY_KILL","is_prod":false,"is_daily":false,"chose_seed":false,"campfire_upgraded":5,"win_rate":0,"timestamp":1555446584,"path_taken":["M","?","?","?","M","E","M","R","T","?","E","M","E","$","R","BOSS","M","M","?","?","M","R","M","R","T","$","M","?","?","M","R","BOSS","M","M","?","M","$","R","$","R","T","R","M","?","M","?","R","BOSS"],"build_version":"2019-01-23","purchased_purges":3,"victory":false,"max_hp_per_floor":[75,75,75,75,75,75,75,75,75,75,75,75,75,75,75,75,75,75,75,75,75,75,75,75,75,75,75,75,75,75,75,75,75,75,75,75,75,75,75,75,75,75,75,75,75,75,75,75,75,75],"card_choices":[{"not_picked":["Streamline","Scrape"],"picked":"Heatsinks","floor":1},{"not_picked":["Gash","Blizzard","FTL"],"picked":"SKIP","floor":5},{"not_picked":["White Noise","Hyperbeam"],"picked":"Auto Shields","floor":6},{"not_picked":["Streamline","Cold Snap"],"picked":"Darkness","floor":7},{"not_picked":["Double Energy","Loop"],"picked":"Lockon","floor":10},{"not_picked":["Coolheaded","Hologram"],"picked":"Seek","floor":11},{"not_picked":["Steam Power","Beam Cell","Streamline"],"picked":"SKIP","floor":12},{"not_picked":["Undo","Melter","Stack"],"picked":"SKIP","floor":13},{"not_picked":["Rainbow","Hyperbeam"],"picked":"Buffer","floor":16},{"not_picked":["Rebound+1","Conserve Battery"],"picked":"Sweeping Beam+1","floor":18},{"not_picked":["Rebound","Aggregate+1"],"picked":"Redo","floor":19},{"not_picked":["Cold Snap","Turbo+1"],"picked":"Redo+1","floor":22},{"not_picked":["Hyperbeam","Turbo+1"],"picked":"Doom and Gloom","floor":24},{"not_picked":["Rebound","Sweeping Beam","Steam+1"],"picked":"SKIP","floor":28},{"not_picked":["Stack","Scrape+1"],"picked":"Defragment","floor":31},{"not_picked":["Machine Learning","Fission"],"picked":"Core Surge","floor":33},{"not_picked":["Blizzard+1","Hello World+1","Go for the Eyes"],"picked":"SKIP","floor":35},{"not_picked":["Heatsinks+1","Gash"],"picked":"Chaos+1","floor":36},{"not_picked":["Turbo","Streamline+1"],"picked":"Leap","floor":37},{"not_picked":["Steam","Chill","Rebound"],"picked":"SKIP","floor":38},{"not_picked":["Coolheaded+1","Ball Lightning"],"picked":"Biased Cognition","floor":45},{"not_picked":["Sunder","Rip and Tear+1"],"picked":"Hologram+1","floor":47}],"player_experience":603678,"relics_obtained":[{"floor":6,"key":"Omamori"},{"floor":9,"key":"Whetstone"},{"floor":11,"key":"Bag of Marbles"},{"floor":13,"key":"Juzu Bracelet"},{"floor":37,"key":"Nunchaku"},{"floor":43,"key":"War Paint"}],"event_choices":[{"damage_healed":0,"gold_gain":0,"player_choice":"Entered Light","damage_taken":15,"max_hp_gain":0,"max_hp_loss":0,"event_name":"Shining Light","floor":2,"gold_loss":0,"cards_upgraded":["Defend_B","Defend_B"]},{"damage_healed":0,"gold_gain":175,"player_choice":"AGREE","damage_taken":0,"max_hp_gain":0,"max_hp_loss":0,"event_name":"Liars Game","floor":3,"gold_loss":0,"cards_obtained":["Doubt"]},{"damage_healed":0,"gold_gain":0,"player_choice":"Smashed Altar","damage_taken":0,"max_hp_gain":0,"max_hp_loss":0,"event_name":"Forgotten Altar","floor":20,"gold_loss":0,"cards_obtained":["Decay"]},{"damage_healed":0,"gold_gain":99,"player_choice":"Stole From Cult","damage_taken":0,"max_hp_gain":0,"max_hp_loss":0,"event_name":"Nest","floor":21,"gold_loss":0},{"damage_healed":0,"gold_gain":0,"player_choice":"Ignored","damage_taken":0,"max_hp_gain":0,"max_hp_loss":0,"event_name":"NoteForYourself","floor":29,"gold_loss":0},{"damage_healed":25,"gold_gain":0,"player_choice":"Heal","damage_taken":0,"max_hp_gain":0,"max_hp_loss":0,"event_name":"The Library","floor":30,"gold_loss":0},{"damage_healed":0,"gold_gain":0,"player_choice":"Fight","damage_taken":0,"max_hp_gain":0,"max_hp_loss":0,"event_name":"MindBloom","floor":37,"gold_loss":0},{"cards_removed":["Defend_B"],"damage_healed":0,"gold_gain":0,"player_choice":"Upgrade and Remove","damage_taken":0,"max_hp_gain":0,"max_hp_loss":0,"event_name":"Designer","floor":46,"gold_loss":90,"cards_upgraded":["Defend_B"]},{"damage_healed":0,"gold_gain":0,"player_choice":"Ignored","damage_taken":0,"max_hp_gain":0,"max_hp_loss":0,"event_name":"Mysterious Sphere","floor":48,"gold_loss":0}],"is_beta":false,"boss_relics":[{"not_picked":["White Beast Statue","Black Star"],"picked":"Sozu"},{"not_picked":["Coffee Dripper","Runic Dome"],"picked":"Lizard Tail"}],"items_purged_floors":[4,27,39],"is_endless":false,"potions_floor_spawned":[6,10,13,18,19,24,33,35,47],"killed_by":"Awakened One","ascension_level":0}