{"gold_per_floor":[109,129,129,140,156,181,181,216,239,264,129,129],"floor_reached":12,"playtime":402,"items_purged":["Perfected Strike"],"score":180,"play_id":"3147b475-221d-4297-be89-86c4fb33f47e","local_time":"20190622084308","is_ascension_mode":true,"campfire_choices":[],"neow_cost":"NONE","seed_source_timestamp":48105442536265,"circlet_count":0,"master_deck":["AscendersBane","Strike_R","Strike_R","Strike_R","Strike_R","Defend_R","Defend_R","Defend_R","Defend_R","Bash","Cleave","Uppercut","True Grit","Spot Weakness","Power Through","Heavy Blade","Metallicize"],"relics":["Burning Blood","NeowsBlessing","Boot","Golden Idol","Juzu Bracelet","Smiling Mask"],"potions_floor_usage":[5,6,12],"damage_taken":[{"damage":0,"enemies":"Jaw Worm","floor":1,"turns":1},{"damage":0,"enemies":"Small Slimes","floor":2,"turns":1},{"damage":0,"enemies":"2 Louse","floor":4,"turns":1},{"damage":12,"enemies":"Exordium Wildlife","floor":5,"turns":4},{"damage":30,"enemies":"Lagavulin","floor":6,"turns":7},{"damage":36,"enemies":"Gremlin Nob","floor":8,"turns":4},{"damage":5,"enemies":"Looter","floor":10,"turns":5},{"damage":21,"enemies":"Exordium Thugs","floor":12,"turns":2}],"seed_played":"-6379927543564107801","potions_obtained":[{"floor":1,"key":"SkillPotion"},{"floor":2,"key":"AttackPotion"},{"floor":5,"key":"Explosive Potion"}],"is_trial":false,"path_per_floor":["M","M","?","M","M","E","?","E","T","M","$","M"],"character_chosen":"IRONCLAD","items_purchased":["Metallicize"],"campfire_rested":0,"item_purchase_floors":[11],"current_hp_per_floor":[74,75,68,74,68,44,44,14,14,15,15,0],"gold":129,"neow_bonus":"THREE_ENEMY_KILL","is_prod":false,"is_daily":false,"chose_seed":false,"campfire_upgraded":0,"win_rate":0,"timestamp":1561207388,"path_taken":["M","M","?","M","M","E","?","E","T","M","?","M"],"build_version":"2019-01-23","purchased_purges":1,"victory":false,"max_hp_per_floor":[75,75,75,75,75,75,68,68,68,68,68,68],"card_choices":[{"not_picked":["Dropkick","Flex"],"picked":"Perfected Strike","floor":1},{"not_picked":["Feel No Pain","Armaments"],"picked":"Cleave","floor":2},{"not_picked":["Anger","Clash"],"picked":"Uppercut","floor":4},{"not_picked":["Body Slam","Bloodletting"],"picked":"True Grit","floor":5},{"not_picked":["Seeing Red","Wild Strike"],"picked":"Spot Weakness","floor":6},{"not_picked":["Clash","Hemokinesis"],"picked":"Power Through","floor":8},{"not_picked":["Whirlwind","Clothesline"],"picked":"Heavy Blade","floor":10}],"player_experience":954820,"relics_obtained":[{"floor":6,"key":"Boot"},{"floor":8,"key":"Juzu Bracelet"},{"floor":9,"key":"Smiling Mask"}],"event_choices":[{"cards_removed":["Strike_R"],"damage_healed":0,"gold_gain":0,"player_choice":"Card Removal","damage_taken":7,"max_hp_gain":0,"max_hp_loss":0,"event_name":"Golden Wing","floor":3,"gold_loss":0},{"damage_healed":0,"gold_gain":0,"player_choice":"Lose Max HP","damage_taken":0,"relics_obtained":["Golden Idol"],"max_hp_gain":0,"max_hp_loss":7,"event_name":"Golden Idol","floor":7,"gold_loss":0}],"is_beta":false,"boss_relics":[],"items_purged_floors":[11],"is_endless":false,"potions_floor_spawned":[1,2,5],"killed_by":"Exordium Thugs","ascension_level":20}