{"gold_per_floor":[20,35,46,196,206,231,250,250,275,275,304,304,324,341,341,417,417,429,443,443,443,443],"floor_reached":22,"playtime":937,"items_purged":[],"score":347,"play_id":"09dbef75-4871-4a2a-8666-cfbfda2deb16","local_time":"20190502234144","is_ascension_mode":true,"campfire_choices":[{"data":"Demon Form","floor":8,"key":"SMITH"},{"data":"Body Slam","floor":12,"key":"SMITH"},{"floor":15,"key":"REST"}],"neow_cost":"NO_GOLD","seed_source_timestamp":530793966704935,"circlet_count":0,"master_deck":["AscendersBane","Strike_R","Strike_R","Strike_R","Strike_R","Strike_R","Defend_R","Defend_R","Defend_R","Defend_R","Bash","Demon Form+1","Shrug It Off","Iron Wave","Body Slam+1","Doubt","Pommel Strike","Flame Barrier","Flame Barrier","Regret","Disarm","Body Slam","Sword Boomerang","Double Tap","Iron Wave"],"relics":["Burning Blood","Art of War","Oddly Smooth Stone","Omamori","Red Skull","Sozu"],"potions_floor_usage":[6,11,16,19],"damage_taken":[{"damage":6,"enemies":"2 Louse","floor":1,"turns":3},{"damage":2,"enemies":"Small Slimes","floor":2,"turns":3},{"damage":7,"enemies":"Jaw Worm","floor":3,"turns":6},{"damage":12,"enemies":"Large Slime","floor":5,"turns":6},{"damage":7,"enemies":"Lagavulin","floor":6,"turns":7},{"damage":2,"enemies":"Red Slaver","floor":7,"turns":4},{"damage":32,"enemies":"3 Sentries","floor":11,"turns":7},{"damage":15,"enemies":"Blue Slaver","floor":13,"turns":3},{"damage":3,"enemies":"Large Slime","floor":14,"turns":4},{"damage":26,"enemies":"The Guardian","floor":16,"turns":10},{"damage":16,"enemies":"Spheric Guardian","floor":18,"turns":5},{"damage":31,"enemies":"3 Byrds","floor":19,"turns":9},{"damage":44,"enemies":"Colosseum Slavers","floor":20,"turns":5},{"damage":10,"enemies":"Centurion and Healer","floor":22,"turns":3}],"seed_played":"-1958336744301034116","potions_obtained":[{"floor":1,"key":"Block Potion"},{"floor":5,"key":"Fire Potion"},{"floor":11,"key":"Regen Potion"},{"floor":14,"key":"SkillPotion"}],"is_trial":false,"path_per_floor":["M","M","M","?","M","E","M","R","T","?","E","R","M","M","R","B",null,"M","M","?","?","M"],"character_chosen":"IRONCLAD","items_purchased":[],"campfire_rested":1,"item_purchase_floors":[],"current_hp_per_floor":[68,72,71,71,65,64,68,68,68,68,42,42,33,36,58,38,66,56,46,8,8,0],"gold":443,"neow_bonus":"THREE_RARE_CARDS","is_prod":false,"is_daily":false,"chose_seed":false,"campfire_upgraded":2,"win_rate":0,"timestamp":1556865704,"path_taken":["M","M","M","?","M","E","M","R","T","?","E","R","M","M","R","BOSS","M","M","?","?","M"],"build_version":"2019-01-23","purchased_purges":0,"victory":false,"max_hp_per_floor":[75,75,75,75,75,75,75,75,75,75,75,75,75,75,75,75,75,75,75,75,75,75],"card_choices":[{"not_picked":["Impervious","Feed"],"picked":"Demon Form","floor":0},{"not_picked":["Hemokinesis","Anger"],"picked":"Shrug It Off","floor":1},{"not_picked":["Cleave","Infernal Blade"],"picked":"Iron Wave","floor":2},{"not_picked":["Anger","Pummel"],"picked":"Body Slam","floor":3},{"not_picked":["Perfected Strike","Rupture"],"picked":"Pommel Strike","floor":5},{"not_picked":["Headbutt","Havoc"],"picked":"Flame Barrier","floor":6},{"not_picked":["Hemokinesis","Body Slam"],"picked":"Flame Barrier","floor":7},{"not_picked":["Combust","Shockwave"],"picked":"Disarm","floor":11},{"not_picked":["Iron Wave","Pommel Strike"],"picked":"Body Slam","floor":13},{"not_picked":["Second Wind","Infernal Blade"],"picked":"Sword Boomerang","floor":14},{"not_picked":["Fiend Fire","Juggernaut"],"picked":"Double Tap","floor":16},{"not_picked":["Blood for Blood","Headbutt","Evolve"],"picked":"SKIP","floor":18},{"not_picked":["Flex","Anger"],"picked":"Iron Wave","floor":19}],"player_experience":864870,"relics_obtained":[{"floor":6,"key":"Art of War"},{"floor":9,"key":"Oddly Smooth Stone"},{"floor":11,"key":"Red Skull"}],"event_choices":[{"damage_healed":0,"gold_gain":150,"player_choice":"AGREE","damage_taken":0,"max_hp_gain":0,"max_hp_loss":0,"event_name":"Liars Game","floor":4,"gold_loss":0,"cards_obtained":["Doubt"]},{"damage_healed":0,"gold_gain":0,"player_choice":"Box","damage_taken":0,"relics_obtained":["Omamori"],"max_hp_gain":0,"max_hp_loss":0,"event_name":"Big Fish","floor":10,"gold_loss":0,"cards_obtained":["Regret"]},{"damage_healed":0,"gold_gain":0,"player_choice":"Fight","damage_taken":0,"max_hp_gain":0,"max_hp_loss":0,"event_name":"Colosseum","floor":20,"gold_loss":0},{"damage_healed":0,"gold_gain":0,"player_choice":"Fled From Nobs","damage_taken":0,"max_hp_gain":0,"max_hp_loss":0,"event_name":"Colosseum","floor":20,"gold_loss":0},{"damage_healed":0,"gold_gain":0,"player_choice":"Ignored","damage_taken":0,"max_hp_gain":0,"max_hp_loss":0,"event_name":"Cursed Tome","floor":21,"gold_loss":0}],"is_beta":false,"boss_relics":[{"not_picked":["Eternal Feather","Runic Dome"],"picked":"Sozu"}],"items_purged_floors":[],"is_endless":false,"potions_floor_spawned":[1,5,11,14,18,20],"killed_by":"Centurion and Healer","ascension_level":15}