{"gold_per_floor":[118,98,110,120,138,166,91,111,111,111,131,164,178,178,178,178],"floor_reached":16,"playtime":517,"items_purged":["Strike_R"],"score":228,"play_id":"669e8a28-58f6-46de-8fe5-0473cc03c108","local_time":"20190518102803","is_ascension_mode":true,"campfire_choices":[{"data":"Bash","floor":10,"key":"SMITH"},{"data":"Injury","floor":15,"key":"PURGE"}],"neow_cost":"NONE","seed_source_timestamp":62126325864582,"circlet_count":0,"master_deck":["AscendersBane","Strike_R","Strike_R","Strike_R","Strike_R","Defend_R","Defend_R","Defend_R","Defend_R","Bash+1","Disarm","Uppercut","Twin Strike","Immolate","Metallicize","Shrug It Off","Blood for Blood"],"relics":["Burning Blood","NeowsBlessing","Peace Pipe","Mummified Hand","The Courier","Golden Idol"],"potions_floor_usage":[5,6,12,13],"damage_taken":[{"damage":0,"enemies":"Small Slimes","floor":1,"turns":1},{"damage":0,"enemies":"Cultist","floor":3,"turns":1},{"damage":0,"enemies":"2 Louse","floor":4,"turns":1},{"damage":9,"enemies":"Lots of Slimes","floor":5,"turns":5},{"damage":24,"enemies":"Gremlin Nob","floor":6,"turns":4},{"damage":0,"enemies":"Gremlin Gang","floor":8,"turns":1},{"damage":0,"enemies":"3 Louse","floor":11,"turns":1},{"damage":19,"enemies":"Lagavulin","floor":12,"turns":7},{"damage":11,"enemies":"Exordium Thugs","floor":13,"turns":6},{"damage":50,"enemies":"Hexaghost","floor":16,"turns":12}],"seed_played":"3020197826097518367","potions_obtained":[{"floor":1,"key":"Weak Potion"},{"floor":2,"key":"AttackPotion"},{"floor":6,"key":"EssenceOfSteel"},{"floor":8,"key":"Fire Potion"}],"is_trial":false,"path_per_floor":["M","?","M","M","M","E","$","M","T","R","M","E","M","?","R","B"],"character_chosen":"IRONCLAD","items_purchased":[],"campfire_rested":0,"item_purchase_floors":[],"current_hp_per_floor":[74,74,75,75,72,54,54,60,60,60,66,53,48,48,48,0],"gold":178,"neow_bonus":"THREE_ENEMY_KILL","is_prod":false,"is_daily":false,"chose_seed":false,"campfire_upgraded":1,"win_rate":0,"timestamp":1558189683,"path_taken":["M","?","M","?","M","E","$","M","T","R","M","E","M","?","R","BOSS"],"build_version":"2019-01-23","purchased_purges":1,"victory":false,"max_hp_per_floor":[75,75,75,75,75,75,75,75,75,75,75,75,75,75,75,75],"card_choices":[{"not_picked":["Sword Boomerang","Havoc"],"picked":"Disarm","floor":1},{"not_picked":["Shrug It Off","Perfected Strike"],"picked":"Uppercut","floor":3},{"not_picked":["Power Through","Blood for Blood"],"picked":"Twin Strike","floor":4},{"not_picked":["Clash","Burning Pact"],"picked":"Immolate","floor":5},{"not_picked":["Wild Strike","Shrug It Off"],"picked":"Metallicize","floor":6},{"not_picked":["Fire Breathing","Body Slam"],"picked":"Shrug It Off","floor":8},{"not_picked":["Blood for Blood","Havoc","Body Slam"],"picked":"SKIP","floor":11},{"not_picked":["Havoc","Body Slam"],"picked":"Blood for Blood","floor":11},{"not_picked":["Carnage","Corruption","Bloodletting"],"picked":"SKIP","floor":12},{"not_picked":["Power Through","Whirlwind","Clash"],"picked":"SKIP","floor":13}],"player_experience":727862,"relics_obtained":[{"floor":6,"key":"Peace Pipe"},{"floor":9,"key":"Mummified Hand"},{"floor":12,"key":"The Courier"}],"event_choices":[{"damage_healed":0,"gold_gain":0,"player_choice":"Bought 1 Potion","damage_taken":0,"max_hp_gain":0,"max_hp_loss":0,"event_name":"The Woman in Blue","floor":2,"gold_loss":0},{"damage_healed":0,"gold_gain":0,"player_choice":"Take Wound","damage_taken":0,"relics_obtained":["Golden Idol"],"max_hp_gain":0,"max_hp_loss":0,"event_name":"Golden Idol","floor":14,"gold_loss":0,"cards_obtained":["Injury"]}],"is_beta":false,"boss_relics":[],"items_purged_floors":[7],"is_endless":false,"potions_floor_spawned":[1,6,8,11],"killed_by":"Hexaghost","ascension_level":20}