{"gold_per_floor":[112,112,128,141,66,93,93,107,107,119,135,145,145,207,207,309,309,322,31,47,66,85,85,113,113,164,264,274,290,300,315,315,416,416,428,1427,1427,1327,604,638,488,488,488,488,506,521,521,521,521,521],"floor_reached":51,"playtime":1760,"items_purged":["Strike_R","Normality","Strike_R","Normality"],"score":826,"play_id":"245e4e4b-2c7c-4af1-b032-da3a744fd491","local_time":"20190502174041","is_ascension_mode":false,"campfire_choices":[{"data":"Armaments","floor":7,"key":"SMITH"},{"data":"Bash","floor":13,"key":"SMITH"},{"data":"Flame Barrier","floor":15,"key":"SMITH"},{"data":"Bludgeon","floor":23,"key":"SMITH"},{"floor":25,"key":"REST"},{"floor":32,"key":"REST"},{"data":"Barricade","floor":42,"key":"SMITH"},{"data":"True Grit","floor":44,"key":"SMITH"},{"data":"Uppercut","floor":49,"key":"SMITH"}],"neow_cost":"NONE","seed_source_timestamp":336361824004332,"circlet_count":0,"master_deck":["Strike_R","Defend_R","Defend_R+1","Defend_R","Bash+1","Uppercut+1","Pommel Strike","Armaments+1","Flame Barrier+1","Bludgeon+1","Immolate","Twin Strike+1","Havoc+1","Ghostly Armor+1","Shrug It Off","Seeing Red","True Grit+1","Clash+1","Barricade+1","Trip"],"relics":["Burning Blood","NeowsBlessing","Boot","Anchor","Mummified Hand","Astrolabe","Champion Belt","Potion Belt","Orichalcum","Busted Crown","Brimstone","War Paint","Oddly Smooth Stone","StoneCalendar","Smiling Mask"],"potions_floor_usage":[24,24,33,33],"damage_taken":[{"damage":0,"enemies":"Cultist","floor":1,"turns":1},{"damage":0,"enemies":"2 Louse","floor":3,"turns":1},{"damage":0,"enemies":"Small Slimes","floor":4,"turns":1},{"damage":46,"enemies":"Lagavulin","floor":6,"turns":6},{"damage":5,"enemies":"Red Slaver","floor":8,"turns":3},{"damage":0,"enemies":"Blue Slaver","floor":10,"turns":4},{"damage":0,"enemies":"3 Louse","floor":11,"turns":5},{"damage":0,"enemies":"Exordium Wildlife","floor":12,"turns":5},{"damage":17,"enemies":"3 Sentries","floor":14,"turns":8},{"damage":10,"enemies":"Hexaghost","floor":16,"turns":8},{"damage":12,"enemies":"Spheric Guardian","floor":18,"turns":4},{"damage":18,"enemies":"2 Thieves","floor":20,"turns":3},{"damage":15,"enemies":"Cultist and Chosen","floor":21,"turns":5},{"damage":22,"enemies":"Centurion and Healer","floor":22,"turns":4},{"damage":29,"enemies":"Book of Stabbing","floor":24,"turns":6},{"damage":2,"enemies":"Snake Plant","floor":28,"turns":2},{"damage":15,"enemies":"Shelled Parasite and Fungi","floor":29,"turns":5},{"damage":0,"enemies":"Cultist and Chosen","floor":30,"turns":4},{"damage":1,"enemies":"Chosen and Byrds","floor":31,"turns":4},{"damage":68,"enemies":"Champ","floor":33,"turns":12},{"damage":27,"enemies":"3 Darklings","floor":35,"turns":11},{"damage":32,"enemies":"Nemesis","floor":40,"turns":9},{"damage":0,"enemies":"3 Shapes","floor":45,"turns":1},{"damage":1,"enemies":"Jaw Worm Horde","floor":46,"turns":4},{"damage":36,"enemies":"Time Eater","floor":50,"turns":7}],"seed_played":"-8886589693331894002","potions_obtained":[{"floor":8,"key":"SpeedPotion"},{"floor":11,"key":"Weak Potion"},{"floor":12,"key":"SmokeBomb"},{"floor":28,"key":"Regen Potion"},{"floor":31,"key":"FearPotion"},{"floor":33,"key":"BloodPotion"}],"is_trial":false,"path_per_floor":["M","$","M","M","$","E","R","M","T","M","M","M","R","?","R","B",null,"M","$","M","M","M","R","E","R","T","?","M","M","M","M","R","B",null,"M","?","?","$","$","E","$","R","T","R","M","M","?","?","R","B",null],"character_chosen":"IRONCLAD","items_purchased":["Champion Belt","Brimstone","War Paint","Oddly Smooth Stone","Trip"],"campfire_rested":2,"item_purchase_floors":[19,39,39,39,39],"current_hp_per_floor":[80,80,80,80,80,40,40,41,41,47,53,59,59,48,48,44,80,74,74,62,53,37,37,14,38,38,38,42,33,39,44,68,21,80,59,59,59,59,59,33,33,33,33,33,39,44,44,86,86,56],"gold":521,"neow_bonus":"THREE_ENEMY_KILL","is_prod":false,"is_daily":false,"chose_seed":false,"campfire_upgraded":7,"win_rate":0,"timestamp":1556833241,"path_taken":["M","$","?","M","$","E","R","M","T","M","M","M","R","?","R","BOSS","M","$","M","M","M","R","E","R","T","?","M","?","M","M","R","BOSS","M","?","?","?","$","E","$","R","T","R","?","M","?","?","R","BOSS"],"build_version":"2019-01-23","purchased_purges":4,"victory":true,"max_hp_per_floor":[80,80,80,80,80,80,80,80,80,80,80,80,80,80,80,80,80,80,80,80,80,80,80,80,80,80,80,80,80,80,80,80,80,80,80,80,80,80,80,80,80,80,80,80,80,80,76,86,86,86],"card_choices":[{"not_picked":["Pommel Strike","Flex"],"picked":"Uppercut","floor":1},{"not_picked":["Headbutt","Warcry"],"picked":"Pommel Strike","floor":3},{"not_picked":["Reckless Charge","Heavy Blade","Headbutt"],"picked":"SKIP","floor":4},{"not_picked":["Ghostly Armor","Clothesline"],"picked":"Armaments","floor":6},{"not_picked":["Flex","Warcry","Fire Breathing"],"picked":"SKIP","floor":8},{"not_picked":["Searing Blow","Inflame"],"picked":"Flame Barrier","floor":10},{"not_picked":["Perfected Strike","Fire Breathing"],"picked":"Bludgeon","floor":11},{"not_picked":["Bloodletting","Wild Strike","Uppercut"],"picked":"SKIP","floor":12},{"not_picked":["Bludgeon","Reaper"],"picked":"Immolate","floor":16},{"not_picked":["Wild Strike","Headbutt+1","Anger"],"picked":"SKIP","floor":18},{"not_picked":["Havoc","Twin Strike","Berserk"],"picked":"SKIP","floor":20},{"not_picked":["Body Slam","Uppercut"],"picked":"Ghostly Armor","floor":21},{"not_picked":["Warcry","Havoc"],"picked":"Shrug It Off","floor":22},{"not_picked":["Searing Blow","Clash"],"picked":"Seeing Red","floor":24},{"not_picked":["Cleave","Anger"],"picked":"True Grit","floor":28},{"not_picked":["Shockwave","Combust","Brutality"],"picked":"SKIP","floor":29},{"not_picked":["True Grit","Shrug It Off+1"],"picked":"Clash+1","floor":30},{"not_picked":["Perfected Strike","Armaments","Wild Strike+1"],"picked":"SKIP","floor":31},{"not_picked":["Exhume","Offering"],"picked":"Barricade","floor":33},{"not_picked":["Flex+1"],"picked":"SKIP","floor":35},{"not_picked":["Intimidate+1"],"picked":"SKIP","floor":40},{"not_picked":["Sword Boomerang"],"picked":"SKIP","floor":45},{"not_picked":["Headbutt"],"picked":"SKIP","floor":46}],"player_experience":647268,"relics_obtained":[{"floor":6,"key":"Boot"},{"floor":9,"key":"Anchor"},{"floor":14,"key":"Mummified Hand"},{"floor":24,"key":"Potion Belt"},{"floor":26,"key":"Orichalcum"},{"floor":40,"key":"StoneCalendar"},{"floor":43,"key":"Smiling Mask"}],"event_choices":[{"damage_healed":0,"gold_gain":0,"player_choice":"Searched \u00271\u0027 times","damage_taken":0,"max_hp_gain":0,"max_hp_loss":0,"event_name":"Dead Adventurer","floor":14,"gold_loss":0},{"damage_healed":0,"gold_gain":100,"player_choice":"Pray","damage_taken":0,"max_hp_gain":0,"max_hp_loss":0,"event_name":"Golden Shrine","floor":27,"gold_loss":0},{"damage_healed":0,"gold_gain":999,"player_choice":"Gold","damage_taken":0,"max_hp_gain":0,"max_hp_loss":0,"event_name":"MindBloom","floor":36,"gold_loss":0,"cards_obtained":["Normality","Normality"]},{"damage_healed":0,"gold_gain":0,"player_choice":"Ignored","damage_taken":0,"max_hp_gain":0,"max_hp_loss":0,"event_name":"Tomb of Lord Red Mask","floor":37,"gold_loss":0},{"damage_healed":0,"gold_gain":0,"player_choice":"Max HP","damage_taken":0,"max_hp_gain":0,"max_hp_loss":4,"event_name":"Winding Halls","floor":47,"gold_loss":0},{"cards_removed":["Berserk"],"damage_healed":32,"gold_gain":0,"player_choice":"Offered Rare","damage_taken":0,"max_hp_gain":10,"max_hp_loss":0,"event_name":"Bonfire Elementals","floor":48,"gold_loss":0}],"is_beta":false,"boss_relics":[{"not_picked":["Pandora\u0027s Box","Calling Bell"],"picked":"Astrolabe"},{"not_picked":["White Beast Statue","Snecko Eye"],"picked":"Busted Crown"}],"items_purged_floors":[5,38,39,41],"is_endless":false,"potions_floor_spawned":[8,11,12,14,16,21,28,31,33],"ascension_level":0}