{"gold_per_floor":[117,117,82,137,151,179,179,214,238,267,277,291,291,291,291,390,390,345,345,345,345,3,3,3,3,3,3,3,3,3,3,3,3,3,3,3,3,3,3,3,3,3,3,3,3,3,3,3,3,3],"floor_reached":51,"playtime":3281,"items_purged":[],"score":1048,"play_id":"c0e33791-d183-4731-af5c-1b2d851bd562","local_time":"20190702235652","is_ascension_mode":true,"campfire_choices":[{"data":"Dualcast","floor":7,"key":"SMITH"},{"floor":13,"key":"REST"},{"floor":15,"key":"REST"},{"floor":25,"key":"REST"},{"floor":28,"key":"DIG"},{"floor":30,"key":"DIG"},{"floor":32,"key":"REST"},{"floor":40,"key":"DIG"},{"floor":42,"key":"DIG"},{"floor":47,"key":"DIG"},{"floor":49,"key":"DIG"}],"neow_cost":"NONE","seed_source_timestamp":1314855878887822,"circlet_count":0,"master_deck":["Defend_B","Defend_B","Defend_B+1","Defend_B+1","Zap+1","Dualcast+1","Cold Snap+1","Glacier","Compile Driver","Creative AI","Chaos","Coolheaded","Electrodynamics","Ball Lightning","Glacier","Bite","Bite","Bite","Bite","Redo+1","Go for the Eyes+1","Self Repair","Amplify+1","Self Repair","Loop+1","Madness+1","Madness+1","Redo+1","Fusion+1","Hello World+1"],"relics":["Cracked Core","Tiny Chest","Smiling Mask","Bag of Marbles","Orichalcum","Ancient Tea Set","Shovel","Ectoplasm","Toy Ornithopter","War Paint","Juzu Bracelet","Strawberry","Toxic Egg 2","PreservedInsect","Bird Faced Urn","MawBank","Runic Dome","Bottled Flame","Du-Vu Doll","Turnip","Meat on the Bone","Vajra","Mango","Bronze Scales","Boot"],"potions_floor_usage":[6,12,20,24,27,31,41,41,45,50,50],"damage_taken":[{"damage":10,"enemies":"Small Slimes","floor":1,"turns":2},{"damage":0,"enemies":"Jaw Worm","floor":5,"turns":3},{"damage":21,"enemies":"Gremlin Nob","floor":6,"turns":4},{"damage":13,"enemies":"3 Sentries","floor":8,"turns":9},{"damage":23,"enemies":"Lagavulin","floor":10,"turns":9},{"damage":0,"enemies":"2 Louse","floor":11,"turns":2},{"damage":4,"enemies":"Lots of Slimes","floor":12,"turns":3},{"damage":9,"enemies":"The Guardian","floor":16,"turns":14},{"damage":20,"enemies":"2 Thieves","floor":18,"turns":4},{"damage":7,"enemies":"3 Byrds","floor":19,"turns":2},{"damage":16,"enemies":"Snake Plant","floor":20,"turns":4},{"damage":29,"enemies":"Centurion and Healer","floor":23,"turns":9},{"damage":24,"enemies":"Slavers","floor":24,"turns":4},{"damage":12,"enemies":"Gremlin Leader","floor":27,"turns":4},{"damage":19,"enemies":"Cultist and Chosen","floor":29,"turns":5},{"damage":22,"enemies":"Slavers","floor":31,"turns":3},{"damage":24,"enemies":"Champ","floor":33,"turns":11},{"damage":0,"enemies":"Orb Walker","floor":35,"turns":3},{"damage":0,"enemies":"3 Shapes","floor":36,"turns":2},{"damage":104,"enemies":"Giant Head","floor":41,"turns":10},{"damage":46,"enemies":"Nemesis","floor":44,"turns":9},{"damage":75,"enemies":"Maw","floor":45,"turns":9},{"damage":9,"enemies":"Mind Bloom Boss Battle","floor":46,"turns":9},{"damage":108,"enemies":"Awakened One","floor":50,"turns":14}],"seed_played":"-4810343567578773012","potions_obtained":[{"floor":5,"key":"Energy Potion"},{"floor":6,"key":"Poison Potion"},{"floor":11,"key":"Energy Potion"},{"floor":19,"key":"Explosive Potion"},{"floor":20,"key":"Ancient Potion"},{"floor":24,"key":"Fire Potion"},{"floor":29,"key":"Dexterity Potion"},{"floor":31,"key":"GamblersBrew"},{"floor":44,"key":"EssenceOfSteel"},{"floor":45,"key":"LiquidBronze"},{"floor":46,"key":"Dexterity Potion"}],"is_trial":false,"path_per_floor":["M","?","?","T","M","E","R","E","T","E","M","M","R","T","R","B",null,"M","M","M","?","$","M","E","R","T","E","R","M","R","E","R","B",null,"M","M","?","$","?","R","E","R","T","E","M","?","R","?","R","B",null],"character_chosen":"DEFECT","items_purchased":["Toy Ornithopter","War Paint"],"campfire_rested":4,"item_purchase_floors":[22,22],"current_hp_per_floor":[65,49,69,69,69,48,48,35,35,12,12,8,32,32,56,47,73,53,46,30,30,30,25,14,31,38,41,41,34,34,23,42,64,64,64,64,74,74,65,65,33,33,33,57,60,88,88,88,88,41],"gold":3,"neow_bonus":"TEN_PERCENT_HP_BONUS","is_prod":false,"is_daily":false,"chose_seed":false,"campfire_upgraded":1,"win_rate":0,"timestamp":1562126212,"path_taken":["M","?","?","?","M","E","R","E","T","E","M","M","R","?","R","BOSS","M","M","?","?","$","M","E","R","T","E","R","M","R","E","R","BOSS","M","M","?","?","?","R","E","R","T","E","M","?","R","?","R","BOSS"],"build_version":"2019-07-01","purchased_purges":0,"victory":true,"max_hp_per_floor":[82,82,82,82,82,82,82,82,82,82,82,82,82,82,82,82,82,82,82,82,57,57,57,57,57,64,64,64,64,64,64,64,64,64,64,64,74,74,74,74,74,74,74,74,74,88,88,88,88,88],"card_choices":[{"not_picked":["Reinforced Body","Rip and Tear"],"picked":"Cold Snap","floor":1},{"not_picked":["Steam","Stack","Sweeping Beam"],"picked":"SKIP","floor":5},{"not_picked":["Sunder","Stack"],"picked":"Glacier","floor":6},{"not_picked":["Aggregate","Go for the Eyes"],"picked":"Compile Driver","floor":8},{"not_picked":["Static Discharge","Aggregate"],"picked":"Creative AI","floor":10},{"not_picked":["Genetic Algorithm","Reprogram"],"picked":"Chaos","floor":11},{"not_picked":["Cold Snap","Steam"],"picked":"Coolheaded","floor":12},{"not_picked":["Thunder Strike","Hyperbeam"],"picked":"Electrodynamics","floor":16},{"not_picked":["Cold Snap+1","Coolheaded+1"],"picked":"Ball Lightning","floor":18},{"not_picked":["Sweeping Beam","Redo"],"picked":"Glacier","floor":19},{"not_picked":["Turbo","Reprogram","Sunder"],"picked":"SKIP","floor":20},{"not_picked":["Auto Shields","Chill"],"picked":"Redo+1","floor":23},{"not_picked":["Sweeping Beam","Skim"],"picked":"Go for the Eyes+1","floor":24},{"not_picked":["Scrape","Sweeping Beam+1"],"picked":"Seek","floor":27},{"not_picked":["Go for the Eyes","Reprogram+1","Rebound"],"picked":"SKIP","floor":29},{"not_picked":["Beam Cell","Steam+1"],"picked":"Self Repair","floor":31},{"not_picked":["Core Surge","Hyperbeam"],"picked":"Amplify+1","floor":33},{"not_picked":["Hologram+1","Go for the Eyes+1"],"picked":"Self Repair","floor":35},{"not_picked":["Ball Lightning+1","Undo+1"],"picked":"Loop+1","floor":36},{"not_picked":["Barrage","Stack+1"],"picked":"Redo+1","floor":41},{"not_picked":["Chill+1","Gash+1"],"picked":"Fusion+1","floor":44},{"not_picked":["Hologram+1","Leap+1","Turbo+1"],"picked":"SKIP","floor":45},{"not_picked":["Go for the Eyes+1","Reprogram+1"],"picked":"Hello World+1","floor":46}],"player_experience":461064,"relics_obtained":[{"floor":4,"key":"Tiny Chest"},{"floor":6,"key":"Smiling Mask"},{"floor":8,"key":"Bag of Marbles"},{"floor":9,"key":"Orichalcum"},{"floor":10,"key":"Ancient Tea Set"},{"floor":14,"key":"Shovel"},{"floor":24,"key":"Juzu Bracelet"},{"floor":26,"key":"Strawberry"},{"floor":27,"key":"Toxic Egg 2"},{"floor":28,"key":"PreservedInsect"},{"floor":30,"key":"Bird Faced Urn"},{"floor":31,"key":"MawBank"},{"floor":40,"key":"Bottled Flame"},{"floor":41,"key":"Du-Vu Doll"},{"floor":42,"key":"Turnip"},{"floor":43,"key":"Meat on the Bone"},{"floor":44,"key":"Vajra"},{"floor":46,"key":"Mango"},{"floor":47,"key":"Bronze Scales"},{"floor":49,"key":"Boot"}],"event_choices":[{"damage_healed":0,"gold_gain":0,"player_choice":"Entered Light","damage_taken":16,"max_hp_gain":0,"max_hp_loss":0,"event_name":"Shining Light","floor":2,"gold_loss":0,"cards_upgraded":["Cold Snap","Defend_B"]},{"damage_healed":20,"gold_gain":0,"player_choice":"Healed","damage_taken":0,"max_hp_gain":0,"max_hp_loss":0,"event_name":"The Cleric","floor":3,"gold_loss":35},{"damage_healed":0,"gold_gain":0,"player_choice":"Became a vampire","damage_taken":0,"max_hp_gain":0,"max_hp_loss":25,"event_name":"Vampires","floor":21,"gold_loss":0,"cards_obtained":["Bite","Bite","Bite","Bite","Bite"]},{"cards_removed":["Seek"],"damage_healed":0,"gold_gain":0,"player_choice":"Offered Rare","damage_taken":0,"max_hp_gain":10,"max_hp_loss":0,"event_name":"Bonfire Elementals","floor":37,"gold_loss":0},{"damage_healed":0,"gold_gain":0,"player_choice":"Embrace Madness","damage_taken":9,"max_hp_gain":0,"max_hp_loss":0,"event_name":"Winding Halls","floor":39,"gold_loss":0,"cards_obtained":["Madness","Madness"]},{"damage_healed":0,"gold_gain":0,"player_choice":"Fight","damage_taken":0,"max_hp_gain":0,"max_hp_loss":0,"event_name":"MindBloom","floor":46,"gold_loss":0},{"cards_removed":["Bite"],"damage_healed":0,"gold_gain":0,"player_choice":"Removed Attack","damage_taken":0,"max_hp_gain":0,"max_hp_loss":0,"event_name":"Falling","floor":48,"gold_loss":0}],"is_beta":false,"boss_relics":[{"not_picked":["Astrolabe","Eternal Feather"],"picked":"Ectoplasm"},{"not_picked":["Velvet Choker","Sozu"],"picked":"Runic Dome"}],"items_purged_floors":[],"is_endless":false,"potions_floor_spawned":[5,6,11,19,20,24,29,31,44,45,46],"ascension_level":6}