{"gold_per_floor":[117,134,6,6,25,85,97,97,97,109,125,140,44,58,58,162,162,176,176,76,93,93,93,125,50,50,68,78,90,108,126,126,229,229,241,241,1,25,45,45,62,62,112,112,127,139,139,139,139,139],"floor_reached":51,"playtime":2039,"items_purged":["Strike_B","Strike_B"],"score":780,"play_id":"ef12afe1-6a31-4646-ac52-9cdfaa9e8b53","local_time":"20190430203037","is_ascension_mode":false,"campfire_choices":[{"data":"Hologram","floor":8,"key":"SMITH"},{"data":"Beam Cell","floor":15,"key":"SMITH"},{"data":"Coolheaded","floor":23,"key":"SMITH"},{"floor":32,"key":"REST"},{"data":"Zap","floor":40,"key":"SMITH"},{"data":"Dualcast","floor":42,"key":"SMITH"},{"data":"Conserve Battery","floor":44,"key":"SMITH"},{"floor":49,"key":"REST"}],"neow_cost":"NONE","seed_source_timestamp":173474280341628,"circlet_count":0,"master_deck":["Strike_B","Defend_B+1","Defend_B","Defend_B+1","Zap+1","Dualcast+1","Gash","Coolheaded+1","Hologram+1","Sweeping Beam","Gash","Beam Cell+1","Rebound","Gash","Conserve Battery+1","Conserve Battery","Beam Cell+1","Streamline","Gash","Gash"],"relics":["Cracked Core","Bag of Preparation","Tiny Chest","Symbiotic Virus","Runic Pyramid","MutagenicStrength","Red Mask","PreservedInsect","Orrery","Shuriken","Omamori","War Paint"],"potions_floor_usage":[6,6,21,33,33,33,50,50],"damage_taken":[{"damage":0,"enemies":"Small Slimes","floor":1,"turns":2},{"damage":1,"enemies":"Cultist","floor":2,"turns":3},{"damage":3,"enemies":"Jaw Worm","floor":5,"turns":4},{"damage":19,"enemies":"3 Sentries","floor":6,"turns":8},{"damage":3,"enemies":"3 Louse","floor":7,"turns":3},{"damage":9,"enemies":"Large Slime","floor":10,"turns":4},{"damage":0,"enemies":"Looter","floor":11,"turns":3},{"damage":0,"enemies":"Exordium Thugs","floor":12,"turns":3},{"damage":0,"enemies":"2 Fungi Beasts","floor":14,"turns":2},{"damage":0,"enemies":"Slime Boss","floor":16,"turns":4},{"damage":0,"enemies":"Chosen","floor":18,"turns":3},{"damage":0,"enemies":"Spheric Guardian","floor":21,"turns":3},{"damage":16,"enemies":"Masked Bandits","floor":24,"turns":3},{"damage":1,"enemies":"Chosen and Byrds","floor":27,"turns":3},{"damage":4,"enemies":"Centurion and Healer","floor":28,"turns":3},{"damage":0,"enemies":"Snake Plant","floor":29,"turns":2},{"damage":0,"enemies":"Cultist and Chosen","floor":30,"turns":4},{"damage":7,"enemies":"Centurion and Healer","floor":31,"turns":3},{"damage":35,"enemies":"Automaton","floor":33,"turns":7},{"damage":2,"enemies":"Orb Walker","floor":35,"turns":3},{"damage":0,"enemies":"3 Shapes","floor":39,"turns":2},{"damage":2,"enemies":"Transient","floor":41,"turns":5},{"damage":9,"enemies":"Maw","floor":45,"turns":5},{"damage":0,"enemies":"Sphere and 2 Shapes","floor":46,"turns":4},{"damage":17,"enemies":"Awakened One","floor":50,"turns":8}],"seed_played":"2058086368465706487","potions_obtained":[{"floor":2,"key":"EssenceOfSteel"},{"floor":5,"key":"Strength Potion"},{"floor":6,"key":"Swift Potion"},{"floor":7,"key":"Strength Potion"},{"floor":18,"key":"Poison Potion"},{"floor":27,"key":"Swift Potion"},{"floor":33,"key":"EssenceOfSteel"},{"floor":35,"key":"Weak Potion"}],"is_trial":false,"path_per_floor":["M","M","$","?","M","E","M","R","T","M","M","M","$","M","R","B",null,"M","?","$","M","$","R","?","?","T","M","M","M","M","M","R","B",null,"M","?","$","T","M","R","M","R","T","R","M","M","?","?","R","B",null],"character_chosen":"DEFECT","items_purchased":["Coolheaded","Beam Cell","Rebound","Shuriken"],"campfire_rested":2,"item_purchase_floors":[3,13,13,37],"current_hp_per_floor":[75,74,74,74,71,52,49,49,49,40,40,40,40,40,40,40,75,75,75,75,75,75,75,59,59,59,58,54,54,54,47,69,34,75,73,73,73,73,73,73,71,71,71,71,62,62,62,62,75,58],"gold":139,"neow_bonus":"RANDOM_COMMON_RELIC","is_prod":false,"is_daily":false,"chose_seed":false,"campfire_upgraded":6,"win_rate":0,"timestamp":1556670637,"path_taken":["M","M","$","?","M","E","M","R","T","M","?","M","$","M","R","BOSS","M","?","$","M","$","R","?","?","T","M","M","M","M","M","R","BOSS","M","?","$","?","M","R","M","R","T","R","M","M","?","?","R","BOSS"],"build_version":"2019-01-23","purchased_purges":2,"victory":true,"max_hp_per_floor":[75,75,75,75,75,75,75,75,75,75,75,75,75,75,75,75,75,75,75,75,75,75,75,75,75,75,75,75,75,75,75,75,75,75,75,75,75,75,75,75,75,75,75,75,75,75,75,75,75,75],"card_choices":[{"not_picked":["Redo","Ball Lightning"],"picked":"Gash","floor":1},{"not_picked":["Lockon","Reboot","Heatsinks"],"picked":"SKIP","floor":2},{"not_picked":["Cold Snap","Coolheaded"],"picked":"Hologram","floor":5},{"not_picked":["Auto Shields","Rip and Tear","BootSequence"],"picked":"SKIP","floor":6},{"not_picked":["Storm","BootSequence"],"picked":"Sweeping Beam","floor":7},{"not_picked":["Tempest","Machine Learning"],"picked":"Gash","floor":10},{"not_picked":["Glacier","Cold Snap","Redo"],"picked":"SKIP","floor":11},{"not_picked":["Turbo","White Noise","Steam"],"picked":"SKIP","floor":12},{"not_picked":["Steam","Stack","Undo"],"picked":"SKIP","floor":14},{"not_picked":["Rebound","Beam Cell","Static Discharge"],"picked":"SKIP","floor":18},{"not_picked":["Streamline","Beam Cell+1"],"picked":"Gash","floor":21},{"not_picked":["Aggregate","Barrage"],"picked":"Conserve Battery","floor":27},{"not_picked":["BootSequence+1","Doom and Gloom"],"picked":"Conserve Battery","floor":28},{"not_picked":["Darkness","Turbo+1","Coolheaded"],"picked":"SKIP","floor":29},{"not_picked":["Barrage","Steam","Tempest+1"],"picked":"SKIP","floor":30},{"not_picked":["Consume","White Noise+1","Barrage+1"],"picked":"SKIP","floor":31},{"not_picked":["Steam Power","Barrage"],"picked":"Beam Cell+1","floor":34},{"not_picked":["Capacitor","Reinforced Body"],"picked":"Streamline","floor":34},{"not_picked":["Coolheaded+1","Streamline"],"picked":"Gash","floor":35},{"not_picked":["Steam Power+1","Turbo+1","Beam Cell"],"picked":"SKIP","floor":39},{"not_picked":["Turbo+1","Lockon","Stack+1"],"picked":"SKIP","floor":41},{"not_picked":["Barrage","Double Energy+1"],"picked":"Gash","floor":45},{"not_picked":["Coolheaded","Chaos+1","Beam Cell+1"],"picked":"SKIP","floor":46}],"player_experience":635844,"relics_obtained":[{"floor":6,"key":"Tiny Chest"},{"floor":9,"key":"Symbiotic Virus"},{"floor":24,"key":"Red Mask"},{"floor":26,"key":"PreservedInsect"},{"floor":38,"key":"Omamori"},{"floor":43,"key":"War Paint"}],"event_choices":[{"cards_removed":["Strike_B"],"damage_healed":0,"gold_gain":0,"player_choice":"Offered Basic","damage_taken":0,"max_hp_gain":0,"max_hp_loss":0,"event_name":"Bonfire Elementals","floor":4,"gold_loss":0},{"damage_healed":0,"gold_gain":0,"player_choice":"Inject Mutagens","damage_taken":0,"relics_obtained":["MutagenicStrength"],"max_hp_gain":0,"max_hp_loss":0,"event_name":"Drug Dealer","floor":19,"gold_loss":0},{"damage_healed":0,"gold_gain":0,"player_choice":"Fought Bandits","damage_taken":0,"max_hp_gain":0,"max_hp_loss":0,"event_name":"Masked Bandits","floor":24,"gold_loss":0},{"cards_removed":["Defend_B"],"damage_healed":0,"gold_gain":0,"player_choice":"Gave Gold","damage_taken":0,"max_hp_gain":0,"max_hp_loss":0,"event_name":"Beggar","floor":25,"gold_loss":75},{"damage_healed":0,"gold_gain":0,"player_choice":"Ignored","damage_taken":0,"max_hp_gain":0,"max_hp_loss":0,"event_name":"NoteForYourself","floor":36,"gold_loss":0},{"damage_healed":0,"gold_gain":0,"player_choice":"Memory 1","damage_taken":0,"max_hp_gain":0,"max_hp_loss":0,"event_name":"SensoryStone","floor":47,"gold_loss":0},{"damage_healed":0,"gold_gain":0,"player_choice":"Ignored","damage_taken":0,"max_hp_gain":0,"max_hp_loss":0,"event_name":"Mysterious Sphere","floor":48,"gold_loss":0}],"is_beta":false,"boss_relics":[{"not_picked":["FrozenCore","Fusion Hammer"],"picked":"Runic Pyramid"},{"not_picked":["Black Star","Pandora\u0027s Box"],"picked":"Orrery"}],"items_purged_floors":[3,20],"is_endless":false,"potions_floor_spawned":[2,5,6,7,18,27,29,33,35],"ascension_level":0}