{"gold_per_floor":[129,161,191,128,152,195,222,234,270,282,54,54,84,97,97,169,169,187,187,202,252,267,267,267],"floor_reached":24,"playtime":1206,"items_purged":[],"score":406,"play_id":"03b01f94-7f83-471d-a2b2-b43876537003","local_time":"20190529002155","is_ascension_mode":true,"campfire_choices":[{"floor":8,"key":"REST"},{"data":"Footwork","floor":10,"key":"SMITH"},{"floor":12,"key":"REST"},{"data":"Noxious Fumes","floor":15,"key":"SMITH"},{"floor":23,"key":"REST"}],"neow_cost":"NONE","seed_source_timestamp":975501469374728,"circlet_count":0,"master_deck":["AscendersBane","Defend_G","Defend_G","Defend_G","Defend_G","Defend_G","Strike_G","Strike_G","Strike_G","Strike_G","Survivor+1","Neutralize","Choke","Footwork+1","Backflip","Corpse Explosion+1","Malaise","Bane","Caltrops","Noxious Fumes+1","Bullet Time","Backflip","Deadly Poison+1","PiercingWail"],"relics":["Ring of the Snake","MawBank","Oddly Smooth Stone","Bag of Preparation","War Paint","Omamori","Eternal Feather"],"potions_floor_usage":[6,13,18,20],"damage_taken":[{"damage":4,"enemies":"Jaw Worm","floor":1,"turns":4},{"damage":4,"enemies":"Small Slimes","floor":2,"turns":3},{"damage":0,"enemies":"Cultist","floor":3,"turns":4},{"damage":23,"enemies":"Gremlin Gang","floor":5,"turns":8},{"damage":11,"enemies":"3 Sentries","floor":6,"turns":4},{"damage":1,"enemies":"Blue Slaver","floor":7,"turns":7},{"damage":15,"enemies":"Gremlin Nob","floor":13,"turns":4},{"damage":0,"enemies":"Exordium Wildlife","floor":14,"turns":5},{"damage":18,"enemies":"The Guardian","floor":16,"turns":12},{"damage":10,"enemies":"Spheric Guardian","floor":18,"turns":7},{"damage":17,"enemies":"2 Thieves","floor":20,"turns":3},{"damage":18,"enemies":"Snake Plant","floor":22,"turns":7},{"damage":47,"enemies":"Shelled Parasite and Fungi","floor":24,"turns":4}],"seed_played":"2781486155945006647","potions_obtained":[{"floor":5,"key":"PowerPotion"},{"floor":6,"key":"SteroidPotion"},{"floor":16,"key":"SkillPotion"},{"floor":18,"key":"AttackPotion"},{"floor":20,"key":"Strength Potion"}],"is_trial":false,"path_per_floor":["M","M","M","?","M","E","M","R","T","R","$","R","E","M","R","B",null,"M","?","M","?","M","R","M"],"character_chosen":"THE_SILENT","items_purchased":["War Paint","Caltrops"],"campfire_rested":3,"item_purchase_floors":[11,11],"current_hp_per_floor":[55,51,51,51,28,17,16,35,35,35,35,54,39,39,39,21,55,45,45,28,28,10,41,0],"gold":267,"neow_bonus":"RANDOM_COMMON_RELIC","is_prod":false,"is_daily":false,"chose_seed":false,"campfire_upgraded":2,"win_rate":0,"timestamp":1559103715,"path_taken":["M","M","M","?","M","E","M","R","T","R","$","R","E","M","R","BOSS","M","?","M","?","?","R","M"],"build_version":"2019-01-23","purchased_purges":0,"victory":false,"max_hp_per_floor":[66,66,66,66,66,66,66,66,66,66,66,66,66,66,66,66,66,66,66,66,66,66,66,66],"card_choices":[{"not_picked":["Bane","Slice"],"picked":"Choke","floor":1},{"not_picked":["Underhanded Strike","Deadly Poison"],"picked":"Footwork","floor":2},{"not_picked":["Outmaneuver","Concentrate"],"picked":"Backflip","floor":3},{"not_picked":["Calculated Gamble","Crippling Poison"],"picked":"Corpse Explosion","floor":5},{"not_picked":["PiercingWail","Bane"],"picked":"Malaise","floor":6},{"not_picked":["Accuracy","Dagger Throw"],"picked":"Bane","floor":7},{"not_picked":["Expertise","Terror"],"picked":"Noxious Fumes","floor":13},{"not_picked":["Sucker Punch","Setup","Acrobatics"],"picked":"SKIP","floor":14},{"not_picked":["Adrenaline","Envenom"],"picked":"Bullet Time","floor":16},{"not_picked":["Poisoned Stab","Quick Slash"],"picked":"Backflip","floor":18},{"not_picked":["Concentrate","Underhanded Strike"],"picked":"Deadly Poison+1","floor":20},{"not_picked":["Acrobatics","Deadly Poison"],"picked":"PiercingWail","floor":22}],"player_experience":783629,"relics_obtained":[{"floor":6,"key":"Oddly Smooth Stone"},{"floor":9,"key":"Bag of Preparation"},{"floor":13,"key":"Omamori"}],"event_choices":[{"cards_removed":["Strike_G"],"damage_healed":0,"gold_gain":0,"player_choice":"Card Removal","damage_taken":0,"max_hp_gain":0,"max_hp_loss":0,"event_name":"The Cleric","floor":4,"gold_loss":75},{"damage_healed":0,"gold_gain":0,"player_choice":"Smashed Altar","damage_taken":0,"max_hp_gain":0,"max_hp_loss":0,"event_name":"Forgotten Altar","floor":19,"gold_loss":0,"cards_obtained":["Decay"]},{"damage_healed":0,"gold_gain":100,"player_choice":"Bet on Murderer","damage_taken":0,"max_hp_gain":0,"max_hp_loss":0,"event_name":"The Joust","floor":21,"gold_loss":50}],"is_beta":false,"boss_relics":[{"not_picked":["WristBlade","HoveringKite"],"picked":"Eternal Feather"}],"items_purged_floors":[],"is_endless":false,"potions_floor_spawned":[5,6,16,18,20],"killed_by":"Shelled Parasite and Fungi","ascension_level":19}