{"gold_per_floor":[111,111,186,186,197,223,237,58,85,85,103,130,130,147,147,247,247,264,264,179,179,196,226,245,245,245,278,293,322,46,62,62,157,157,170,85,185,185,203,231,231,259,259,274,128,128,55,75,75,75],"floor_reached":51,"playtime":2240,"items_purged":[],"score":923,"play_id":"c8290cf6-387d-4411-a83a-a9c13c55d3d8","local_time":"20190628193855","is_ascension_mode":false,"campfire_choices":[{"data":"Armaments","floor":13,"key":"SMITH"},{"data":"Rage","floor":15,"key":"SMITH"},{"data":"Armaments","floor":25,"key":"SMITH"},{"data":"Barricade","floor":32,"key":"SMITH"},{"data":"Body Slam","floor":49,"key":"SMITH"}],"neow_cost":"NONE","seed_source_timestamp":1020894055778579,"circlet_count":0,"master_deck":["Strike_R","Strike_R","Strike_R","Strike_R","Strike_R","Defend_R","Defend_R","Defend_R","Defend_R","Bash","Rage+1","Body Slam+1","Carnage","Twin Strike","Armaments+1","Shrug It Off","Uppercut","Body Slam+1","Barricade+1","Perfected Strike","Armaments+1","Armaments+1","Flex+1","Uppercut+1","Flame Barrier+1","Flame Barrier","Metallicize","Warcry","Juggernaut","Cleave+1","Finesse","Flex+1","Flame Barrier","Shrug It Off+1","Thunderclap+1","Seeing Red+1","Shrug It Off","Metallicize","Headbutt+1"],"relics":["Burning Blood","NeowsBlessing","Paper Frog","Orichalcum","Juzu Bracelet","Ancient Tea Set","PreservedInsect","Coffee Dripper","Red Skull","Happy Flower","Bronze Scales","Bottled Flame","Thread and Needle","Letter Opener","Pen Nib","Runic Pyramid","Gambling Chip","Bag of Preparation","Regal Pillow","Bottled Lightning","War Paint"],"potions_floor_usage":[16,16,16,28,33,33,50,50],"damage_taken":[{"damage":0,"enemies":"Small Slimes","floor":1,"turns":2},{"damage":0,"enemies":"Jaw Worm","floor":5,"turns":1},{"damage":0,"enemies":"3 Sentries","floor":6,"turns":2},{"damage":1,"enemies":"Cultist","floor":7,"turns":3},{"damage":3,"enemies":"Exordium Thugs","floor":11,"turns":4},{"damage":16,"enemies":"Gremlin Nob","floor":12,"turns":4},{"damage":0,"enemies":"2 Fungi Beasts","floor":14,"turns":2},{"damage":21,"enemies":"Hexaghost","floor":16,"turns":8},{"damage":17,"enemies":"3 Byrds","floor":18,"turns":7},{"damage":13,"enemies":"Shell Parasite","floor":22,"turns":6},{"damage":23,"enemies":"Gremlin Leader","floor":23,"turns":7},{"damage":8,"enemies":"Snake Plant","floor":24,"turns":4},{"damage":14,"enemies":"Slavers","floor":27,"turns":4},{"damage":15,"enemies":"Sentry and Sphere","floor":28,"turns":4},{"damage":8,"enemies":"Gremlin Leader","floor":29,"turns":5},{"damage":0,"enemies":"Centurion and Healer","floor":31,"turns":4},{"damage":0,"enemies":"Collector","floor":33,"turns":7},{"damage":0,"enemies":"3 Shapes","floor":35,"turns":3},{"damage":17,"enemies":"Mind Bloom Boss Battle","floor":37,"turns":4},{"damage":0,"enemies":"Orb Walker","floor":39,"turns":3},{"damage":9,"enemies":"Nemesis","floor":40,"turns":5},{"damage":0,"enemies":"Giant Head","floor":42,"turns":6},{"damage":0,"enemies":"Jaw Worm Horde","floor":44,"turns":4},{"damage":0,"enemies":"3 Darklings","floor":48,"turns":4},{"damage":21,"enemies":"Awakened One","floor":50,"turns":11}],"seed_played":"-4735754598598708206","potions_obtained":[{"floor":1,"key":"Dexterity Potion"},{"floor":6,"key":"SpeedPotion"},{"floor":14,"key":"Dexterity Potion"},{"floor":16,"key":"SkillPotion"},{"floor":27,"key":"Swift Potion"},{"floor":29,"key":"Strength Potion"},{"floor":31,"key":"Poison Potion"},{"floor":33,"key":"Weak Potion"},{"floor":35,"key":"Block Potion"}],"is_trial":false,"path_per_floor":["M","?","?","T","M","E","M","$","T","$","M","E","R","M","R","B",null,"M","?","?","?","M","E","M","R","T","E","M","E","$","M","R","B",null,"M","$","?","?","M","E","?","E","T","M","$","?","$","M","R","B",null],"character_chosen":"IRONCLAD","items_purchased":["Juzu Bracelet","Armaments","Pen Nib","Metallicize","Warcry","Finesse","War Paint","Metallicize"],"campfire_rested":0,"item_purchase_floors":[8,8,30,30,30,36,45,47],"current_hp_per_floor":[80,80,69,69,75,80,80,80,80,80,80,70,70,76,76,61,80,69,69,69,69,62,45,43,43,43,35,26,24,24,30,30,36,80,80,80,69,69,75,72,72,78,78,80,80,80,80,80,80,65],"gold":75,"neow_bonus":"THREE_ENEMY_KILL","is_prod":false,"is_daily":false,"chose_seed":false,"campfire_upgraded":5,"win_rate":0.0,"timestamp":1561775935,"path_taken":["M","?","?","?","M","E","M","?","T","$","M","E","R","M","R","BOSS","M","?","?","?","M","E","M","R","T","E","M","E","$","M","R","BOSS","M","$","?","?","M","E","?","E","T","M","$","?","?","M","R","BOSS"],"build_version":"2019-01-23","purchased_purges":0,"victory":true,"max_hp_per_floor":[80,80,80,80,80,80,80,80,80,80,80,80,80,80,80,80,80,80,80,80,80,80,80,80,80,80,80,80,80,80,80,80,80,80,80,80,80,80,80,80,80,80,80,80,80,80,80,80,80,80],"card_choices":[{"not_picked":["Perfected Strike","Warcry"],"picked":"Rage","floor":1},{"not_picked":["Clothesline","Pummel"],"picked":"Body Slam","floor":5},{"not_picked":["Heavy Blade","Fiend Fire"],"picked":"Carnage","floor":6},{"not_picked":["Blood for Blood","Anger"],"picked":"Twin Strike","floor":7},{"not_picked":["Blood for Blood","Rupture"],"picked":"Shrug It Off","floor":11},{"not_picked":["Flex","Thunderclap"],"picked":"Uppercut","floor":12},{"not_picked":["True Grit","Power Through"],"picked":"Body Slam","floor":14},{"not_picked":["Bludgeon","Impervious"],"picked":"Barricade","floor":16},{"not_picked":["Cleave","Burning Pact"],"picked":"Perfected Strike","floor":18},{"not_picked":["Rampage","Second Wind"],"picked":"Armaments","floor":22},{"not_picked":["Thunderclap","Feed"],"picked":"Armaments+1","floor":23},{"not_picked":["Clash","Blood for Blood"],"picked":"Flex","floor":24},{"not_picked":["Cleave+1","Twin Strike"],"picked":"Uppercut+1","floor":27},{"not_picked":["Twin Strike","Dual Wield+1"],"picked":"Flame Barrier","floor":28},{"not_picked":["Seeing Red","Combust"],"picked":"Flame Barrier","floor":29},{"not_picked":["Combust+1","Clash","Feel No Pain"],"picked":"SKIP","floor":31},{"not_picked":["Demon Form","Dark Embrace"],"picked":"Juggernaut","floor":33},{"not_picked":["Blood for Blood+1","Disarm"],"picked":"Cleave+1","floor":35},{"not_picked":["Second Wind","Shockwave"],"picked":"Flex+1","floor":37},{"not_picked":["True Grit+1","Body Slam"],"picked":"Shrug It Off+1","floor":39},{"not_picked":["Shrug It Off+1","Blood for Blood"],"picked":"Thunderclap+1","floor":40},{"not_picked":["Disarm+1","Infernal Blade+1"],"picked":"Seeing Red+1","floor":42},{"not_picked":["Dropkick","Whirlwind"],"picked":"Shrug It Off","floor":44},{"not_picked":["Second Wind+1","Iron Wave"],"picked":"Headbutt+1","floor":48}],"player_experience":23527,"relics_obtained":[{"floor":4,"key":"Paper Frog"},{"floor":6,"key":"Orichalcum"},{"floor":9,"key":"Ancient Tea Set"},{"floor":12,"key":"PreservedInsect"},{"floor":23,"key":"Bronze Scales"},{"floor":26,"key":"Bottled Flame"},{"floor":27,"key":"Thread and Needle"},{"floor":29,"key":"Letter Opener"},{"floor":37,"key":"Gambling Chip"},{"floor":40,"key":"Bag of Preparation"},{"floor":42,"key":"Regal Pillow"},{"floor":43,"key":"Bottled Lightning"}],"event_choices":[{"damage_healed":0,"gold_gain":0,"player_choice":"Ignored","damage_taken":0,"max_hp_gain":0,"max_hp_loss":0,"event_name":"Liars Game","floor":2,"gold_loss":0},{"damage_healed":0,"gold_gain":75,"player_choice":"Gather Gold","damage_taken":11,"max_hp_gain":0,"max_hp_loss":0,"event_name":"World of Goop","floor":3,"gold_loss":0},{"damage_healed":0,"gold_gain":0,"player_choice":"Ignored","damage_taken":0,"max_hp_gain":0,"max_hp_loss":0,"event_name":"N\u0027loth","floor":19,"gold_loss":0},{"damage_healed":0,"gold_gain":0,"player_choice":"Obtained Relic","damage_taken":0,"relics_obtained":["Red Skull"],"max_hp_gain":0,"max_hp_loss":0,"event_name":"Addict","floor":20,"gold_loss":85},{"damage_healed":0,"gold_gain":0,"player_choice":"Gave Potion","damage_taken":0,"relics_obtained":["Happy Flower"],"max_hp_gain":0,"max_hp_loss":0,"event_name":"WeMeetAgain","floor":21,"gold_loss":0},{"damage_healed":0,"gold_gain":0,"player_choice":"Fight","damage_taken":0,"max_hp_gain":0,"max_hp_loss":0,"event_name":"MindBloom","floor":37,"gold_loss":0},{"damage_healed":0,"gold_gain":0,"player_choice":"Copied","damage_taken":0,"max_hp_gain":0,"max_hp_loss":0,"event_name":"Duplicator","floor":38,"gold_loss":0,"cards_obtained":["Flame Barrier"]},{"damage_healed":0,"gold_gain":0,"player_choice":"0 cards matched","damage_taken":0,"max_hp_gain":0,"max_hp_loss":0,"event_name":"Match and Keep!","floor":41,"gold_loss":0,"cards_obtained":[]},{"damage_healed":0,"gold_gain":0,"player_choice":"Forge","damage_taken":0,"max_hp_gain":0,"max_hp_loss":0,"event_name":"Accursed Blacksmith","floor":46,"gold_loss":0,"cards_upgraded":["Body Slam"]}],"is_beta":false,"boss_relics":[{"not_picked":["Fusion Hammer","Philosopher\u0027s Stone"],"picked":"Coffee Dripper"},{"not_picked":["Lizard Tail","Snecko Eye"],"picked":"Runic Pyramid"}],"items_purged_floors":[],"is_endless":false,"potions_floor_spawned":[1,6,14,16,27,29,31,33,35],"ascension_level":0}