{"gold_per_floor":[117,132,189,264,278,278,303,244,296,296,296,308,97,110,110,184,184,194,194,210,80,80,115,127,139,227,256,111,111,111,123,123,123],"floor_reached":33,"playtime":1279,"items_purged":["Defend_R"],"score":513,"play_id":"55ada80e-0af0-4bbb-991d-cfa569198c96","local_time":"20190627210839","is_ascension_mode":true,"campfire_choices":[{"data":"Trip","floor":6,"key":"SMITH"},{"data":"Armaments","floor":10,"key":"SMITH"},{"floor":15,"key":"REST"},{"floor":25,"key":"REST"},{"floor":29,"key":"REST"},{"floor":32,"key":"REST"}],"neow_cost":"TEN_PERCENT_HP_LOSS","seed_source_timestamp":1288966448684682,"circlet_count":0,"master_deck":["AscendersBane","Strike_R","Strike_R","Strike_R","Strike_R","Strike_R","Defend_R","Defend_R","Defend_R","Bash","Finesse","Trip+1","Carnage","Feel No Pain+1","Battle Trance","Armaments+1","Shrug It Off","Disarm","Iron Wave","Echo Form","Streamline","Melter","Shrug It Off","PiercingWail+1","Decay","Beam Cell+1","Prepared"],"relics":["Burning Blood","Bag of Preparation","Happy Flower","PrismaticShard","Cursed Key","MawBank","Molten Egg 2","Vajra"],"potions_floor_usage":[16,18,20,23,23],"damage_taken":[{"damage":9,"enemies":"Small Slimes","floor":1,"turns":3},{"damage":1,"enemies":"Cultist","floor":2,"turns":3},{"damage":6,"enemies":"2 Louse","floor":5,"turns":3},{"damage":25,"enemies":"3 Sentries","floor":7,"turns":12},{"damage":3,"enemies":"Large Slime","floor":12,"turns":5},{"damage":11,"enemies":"Exordium Thugs","floor":14,"turns":5},{"damage":20,"enemies":"The Guardian","floor":16,"turns":9},{"damage":2,"enemies":"Chosen","floor":18,"turns":5},{"damage":16,"enemies":"Shell Parasite","floor":20,"turns":4},{"damage":43,"enemies":"Slavers","floor":23,"turns":8},{"damage":37,"enemies":"Chosen and Byrds","floor":27,"turns":8},{"damage":28,"enemies":"Centurion and Healer","floor":31,"turns":5},{"damage":39,"enemies":"Champ","floor":33,"turns":9}],"seed_played":"-5445323407367292488","potions_obtained":[{"floor":2,"key":"Ancient Potion"},{"floor":7,"key":"PowerPotion"},{"floor":16,"key":"Fire Potion"},{"floor":18,"key":"SpeedPotion"},{"floor":20,"key":"PowerPotion"}],"is_trial":false,"path_per_floor":["M","M","?","?","M","R","E","$","T","R","?","M","$","M","R","B",null,"M","?","M","$","?","E","$","R","T","M","$","R","?","M","R","B"],"character_chosen":"IRONCLAD","items_purchased":["Shrug It Off","PrismaticShard","Shrug It Off","Vajra"],"campfire_rested":4,"item_purchase_floors":[8,13,21,28],"current_hp_per_floor":[65,68,68,57,57,57,38,38,38,38,38,41,41,36,56,42,62,66,66,56,56,68,31,31,51,51,20,20,40,40,18,38,0],"gold":123,"neow_bonus":"RANDOM_COLORLESS_2","is_prod":false,"is_daily":false,"chose_seed":false,"campfire_upgraded":2,"win_rate":0,"timestamp":1561694919,"path_taken":["M","M","?","?","M","R","E","$","T","R","?","M","$","M","R","BOSS","M","?","?","$","?","E","$","R","T","M","$","R","?","?","R","BOSS"],"build_version":"2019-01-23","purchased_purges":1,"victory":false,"max_hp_per_floor":[68,68,68,68,68,68,68,68,68,68,68,68,68,68,68,68,68,68,68,68,68,68,68,68,68,68,68,68,68,68,68,68,68],"card_choices":[{"not_picked":["Clash","Armaments"],"picked":"Carnage","floor":1},{"not_picked":["Dropkick","Rupture"],"picked":"Feel No Pain","floor":2},{"not_picked":["Flex","Dropkick"],"picked":"Battle Trance","floor":5},{"not_picked":["Perfected Strike","Sword Boomerang"],"picked":"Armaments","floor":7},{"not_picked":["Ghostly Armor","Burning Pact"],"picked":"Disarm","floor":12},{"not_picked":["Compile Driver","Trip"],"picked":"Iron Wave","floor":14},{"not_picked":["Barricade","Phantasmal Killer"],"picked":"Echo Form","floor":16},{"not_picked":["Forethought","Quick Slash"],"picked":"Streamline","floor":18},{"not_picked":["Well Laid Plans","Twin Strike"],"picked":"Melter","floor":20},{"not_picked":["Hologram","Steam"],"picked":"PiercingWail+1","floor":23},{"not_picked":["Double Energy","Havoc"],"picked":"Beam Cell+1","floor":27},{"not_picked":["Wild Strike+1","Flying Knee+1"],"picked":"Prepared","floor":31}],"player_experience":1087735,"relics_obtained":[{"floor":7,"key":"Bag of Preparation"},{"floor":9,"key":"Happy Flower"},{"floor":23,"key":"MawBank"},{"floor":26,"key":"Molten Egg 2"}],"event_choices":[{"damage_healed":0,"gold_gain":57,"player_choice":"Gained Gold","damage_taken":0,"max_hp_gain":0,"max_hp_loss":0,"event_name":"Golden Wing","floor":3,"gold_loss":0},{"damage_healed":0,"gold_gain":75,"player_choice":"Gather Gold","damage_taken":11,"max_hp_gain":0,"max_hp_loss":0,"event_name":"World of Goop","floor":4,"gold_loss":0},{"damage_healed":0,"gold_gain":0,"player_choice":"Grow","damage_taken":0,"max_hp_gain":0,"max_hp_loss":0,"event_name":"Living Wall","floor":11,"gold_loss":0,"cards_upgraded":["Feel No Pain"]},{"damage_healed":0,"gold_gain":0,"player_choice":"Ignored","damage_taken":0,"max_hp_gain":0,"max_hp_loss":0,"event_name":"N\u0027loth","floor":19,"gold_loss":0},{"damage_healed":14,"gold_gain":0,"player_choice":"Heal","damage_taken":0,"max_hp_gain":0,"max_hp_loss":0,"event_name":"The Library","floor":22,"gold_loss":0},{"damage_healed":0,"gold_gain":0,"player_choice":"Ignored","damage_taken":0,"max_hp_gain":0,"max_hp_loss":0,"event_name":"Cursed Tome","floor":30,"gold_loss":0}],"is_beta":false,"boss_relics":[{"not_picked":["Calling Bell","Eternal Feather"],"picked":"Cursed Key"}],"items_purged_floors":[21],"is_endless":false,"potions_floor_spawned":[2,7,16,18,20],"killed_by":"Champ","ascension_level":19}