{"gold_per_floor":[115,126,140,160,160,160,185,185,210,210,223,66,97,111,111,214,214,233,233,243,243,259,259,289,302,325,325,345,365,365,365,365,470,470,481,102,113,113,124,152,152,152,152,152,164,184,184,184,184,184],"floor_reached":50,"playtime":3505,"items_purged":[],"score":529,"play_id":"45447b16-9bb2-4bad-8af7-a4a3d66c53c5","local_time":"20190609203351","is_ascension_mode":false,"campfire_choices":[{"data":"Deadly Poison","floor":6,"key":"SMITH"},{"data":"Flying Knee","floor":10,"key":"SMITH"},{"data":"Dash","floor":15,"key":"SMITH"},{"data":"Envenom","floor":23,"key":"SMITH"},{"data":"Poisoned Stab","floor":27,"key":"SMITH"},{"data":"Noxious Fumes","floor":30,"key":"SMITH"},{"floor":32,"key":"REST"},{"data":"Night Terror","floor":41,"key":"SMITH"},{"data":"Footwork","floor":44,"key":"SMITH"},{"data":"Noxious Fumes","floor":47,"key":"SMITH"},{"floor":49,"key":"RECALL"}],"neow_cost":"NONE","seed_source_timestamp":158899317903881,"circlet_count":0,"master_deck":["Defend_G+1","Defend_G+1","Defend_G+1","Defend_G+1","Strike_G+1","Survivor","Neutralize","Dramatic Entrance","Dash+1","Deadly Poison+1","Flying Knee+1","Envenom+1","Wraith Form v2+1","After Image+1","Well Laid Plans","Caltrops+1","Deflect","Poisoned Stab+1","Prepared","Noxious Fumes+1","Night Terror+1","All Out Attack+1","Footwork+1","Backstab+1","Calculated Gamble","Cloak And Dagger+1","Noxious Fumes+1","Backflip+1","Writhe"],"relics":["Ring of the Snake","Ancient Tea Set","Centennial Puzzle","Juzu Bracelet","Astrolabe","Question Card","Orichalcum","Nilry\u0027s Codex","Velvet Choker","TwistedFunnel","Anchor","Potion Belt","Art of War","Toxic Egg 2"],"potions_floor_usage":[7,7,11,18,22,24,24,25,28,28,29,29,33,33,33,33,35,37,40,40,50],"damage_taken":[{"damage":0,"enemies":"Small Slimes","floor":1,"turns":2},{"damage":0,"enemies":"2 Louse","floor":2,"turns":2},{"damage":0,"enemies":"Cultist","floor":3,"turns":3},{"damage":0,"enemies":"Red Slaver","floor":4,"turns":4},{"damage":20,"enemies":"Lagavulin","floor":7,"turns":6},{"damage":0,"enemies":"Exordium Thugs","floor":11,"turns":3},{"damage":17,"enemies":"Gremlin Nob","floor":13,"turns":4},{"damage":0,"enemies":"Looter","floor":14,"turns":3},{"damage":12,"enemies":"The Guardian","floor":16,"turns":11},{"damage":17,"enemies":"2 Thieves","floor":18,"turns":4},{"damage":0,"enemies":"Chosen","floor":20,"turns":5},{"damage":5,"enemies":"Snake Plant","floor":22,"turns":4},{"damage":0,"enemies":"Book of Stabbing","floor":24,"turns":5},{"damage":6,"enemies":"Chosen and Byrds","floor":25,"turns":6},{"damage":1,"enemies":"Cultist and Chosen","floor":28,"turns":7},{"damage":13,"enemies":"3 Cultists","floor":29,"turns":6},{"damage":37,"enemies":"Automaton","floor":33,"turns":10},{"damage":13,"enemies":"3 Shapes","floor":35,"turns":5},{"damage":7,"enemies":"3 Darklings","floor":37,"turns":5},{"damage":8,"enemies":"Transient","floor":39,"turns":5},{"damage":51,"enemies":"Reptomancer","floor":40,"turns":7},{"damage":0,"enemies":"4 Shapes","floor":45,"turns":3},{"damage":18,"enemies":"3 Darklings","floor":46,"turns":4},{"damage":37,"enemies":"Donu and Deca","floor":50,"turns":6}],"seed_played":"-8184567274783832321","potions_obtained":[{"floor":1,"key":"SmokeBomb"},{"floor":3,"key":"SpeedPotion"},{"floor":4,"key":"Strength Potion"},{"floor":7,"key":"FearPotion"},{"floor":16,"key":"AttackPotion"},{"floor":22,"key":"FearPotion"},{"floor":24,"key":"GhostInAJar"},{"floor":29,"key":"SkillPotion"},{"floor":37,"key":"Regen Potion"},{"floor":39,"key":"Regen Potion"},{"floor":46,"key":"EssenceOfSteel"}],"is_trial":false,"path_per_floor":["M","M","M","M","?","R","E","?","T","R","M","$","E","M","R","B",null,"M","?","M","?","M","R","E","M","T","R","M","M","R","?","R","B",null,"M","$","M","?","M","E","R","?","T","R","M","M","R","?","R","B"],"character_chosen":"THE_SILENT","items_purchased":["Centennial Puzzle","TwistedFunnel","Anchor","Footwork"],"campfire_rested":1,"item_purchase_floors":[12,36,36,36],"current_hp_per_floor":[70,70,70,70,63,63,43,43,43,43,43,43,26,26,26,14,70,53,53,53,70,65,65,65,59,59,59,58,45,45,29,50,13,70,57,57,50,50,42,36,36,36,36,36,36,18,18,36,36,0],"gold":184,"neow_bonus":"RANDOM_COLORLESS","is_prod":false,"is_daily":false,"chose_seed":false,"campfire_upgraded":9,"win_rate":0,"timestamp":1560137631,"path_taken":["M","M","M","M","?","R","E","?","T","R","?","?","E","M","R","BOSS","M","?","M","?","M","R","E","M","T","R","M","M","R","?","R","BOSS","M","$","M","?","M","E","R","?","T","R","M","M","R","?","R","BOSS"],"build_version":"2019-01-23","purchased_purges":0,"victory":false,"max_hp_per_floor":[70,70,70,70,70,70,70,70,70,70,70,70,70,70,70,70,70,70,70,70,70,70,70,70,70,70,70,70,70,70,70,70,70,70,70,70,70,70,70,70,70,70,70,70,70,70,70,70,70,70],"card_choices":[{"not_picked":["Underhanded Strike","PiercingWail"],"picked":"Dash","floor":1},{"not_picked":["Reflex","Accuracy"],"picked":"Deadly Poison","floor":2},{"not_picked":["PiercingWail","Calculated Gamble","Tactician"],"picked":"SKIP","floor":3},{"not_picked":["Expertise","Bouncing Flask","Deflect"],"picked":"SKIP","floor":4},{"not_picked":["Terror","Night Terror"],"picked":"Flying Knee","floor":7},{"not_picked":["Calculated Gamble","Underhanded Strike","Bouncing Flask"],"picked":"SKIP","floor":11},{"not_picked":["Dagger Throw","Cloak And Dagger","Sucker Punch"],"picked":"SKIP","floor":13},{"not_picked":["Acrobatics","Distraction","Outmaneuver"],"picked":"SKIP","floor":14},{"not_picked":["A Thousand Cuts","Phantasmal Killer"],"picked":"Envenom","floor":16},{"not_picked":["Infinite Blades+1","Catalyst"],"picked":"Well Laid Plans","floor":18},{"not_picked":["PiercingWail+1","Outmaneuver"],"picked":"Caltrops+1","floor":20},{"not_picked":["Quick Slash","Dagger Throw","Dagger Spray"],"picked":"SKIP","floor":22},{"not_picked":["Underhanded Strike","Endless Agony"],"picked":"Deflect","floor":24},{"not_picked":["Terror","Dagger Throw","Prepared"],"picked":"Poisoned Stab","floor":25},{"not_picked":["Underhanded Strike","Crippling Poison+1","Poisoned Stab"],"picked":"Prepared","floor":28},{"not_picked":["Quick Slash+1","Poisoned Stab","Dagger Spray"],"picked":"Noxious Fumes","floor":29},{"not_picked":["Unload","Tools of the Trade","Adrenaline"],"picked":"Night Terror","floor":33},{"not_picked":["Flying Knee","Dagger Spray","Expertise"],"picked":"All Out Attack+1","floor":35},{"not_picked":["Cloak And Dagger+1","Dodge and Roll","Predator+1"],"picked":"Backstab+1","floor":37},{"not_picked":["PiercingWail","Dodge and Roll","Cloak And Dagger"],"picked":"Calculated Gamble","floor":39},{"not_picked":["Slice","Deadly Poison+1","Outmaneuver"],"picked":"Cloak And Dagger+1","floor":40},{"not_picked":["Outmaneuver+1","Eviscerate","Caltrops"],"picked":"Noxious Fumes","floor":45},{"not_picked":["Well Laid Plans+1","Poisoned Stab+1","Prepared+1"],"picked":"Backflip+1","floor":46}],"player_experience":338378,"relics_obtained":[{"floor":7,"key":"Ancient Tea Set"},{"floor":13,"key":"Juzu Bracelet"},{"floor":24,"key":"Question Card"},{"floor":26,"key":"Orichalcum"},{"floor":31,"key":"Nilry\u0027s Codex"},{"floor":40,"key":"Potion Belt"},{"floor":43,"key":"Toxic Egg 2"}],"event_choices":[{"cards_removed":["Defend_G"],"damage_healed":0,"gold_gain":0,"player_choice":"Card Removal","damage_taken":7,"max_hp_gain":0,"max_hp_loss":0,"event_name":"Golden Wing","floor":5,"gold_loss":0},{"cards_removed":["Strike_G"],"damage_healed":0,"gold_gain":0,"player_choice":"Offered Basic","damage_taken":0,"max_hp_gain":0,"max_hp_loss":0,"event_name":"Bonfire Elementals","floor":8,"gold_loss":0},{"damage_healed":0,"gold_gain":0,"player_choice":"Simplicity","damage_taken":0,"max_hp_gain":0,"max_hp_loss":0,"event_name":"Back to Basics","floor":19,"gold_loss":0,"cards_upgraded":["Defend_G","Defend_G","Defend_G","Defend_G","Strike_G"]},{"damage_healed":23,"gold_gain":0,"player_choice":"Heal","damage_taken":0,"max_hp_gain":0,"max_hp_loss":0,"event_name":"The Library","floor":21,"gold_loss":0},{"damage_healed":0,"gold_gain":0,"player_choice":"Obtained Book","damage_taken":16,"max_hp_gain":0,"max_hp_loss":0,"event_name":"Cursed Tome","floor":31,"gold_loss":0},{"cards_removed":["Venomology"],"damage_healed":0,"gold_gain":0,"player_choice":"Removed Skill","damage_taken":0,"max_hp_gain":0,"max_hp_loss":0,"event_name":"Falling","floor":38,"gold_loss":0},{"damage_healed":0,"gold_gain":0,"player_choice":"Gave Potion","damage_taken":0,"relics_obtained":["Art of War"],"max_hp_gain":0,"max_hp_loss":0,"event_name":"WeMeetAgain","floor":42,"gold_loss":0},{"damage_healed":18,"gold_gain":0,"player_choice":"Writhe","damage_taken":0,"max_hp_gain":0,"max_hp_loss":0,"event_name":"Winding Halls","floor":48,"gold_loss":0,"cards_obtained":["Writhe"]}],"is_beta":false,"boss_relics":[{"not_picked":["Fusion Hammer","Snecko Eye"],"picked":"Astrolabe"},{"not_picked":["Empty Cage","Ring of the Serpent"],"picked":"Velvet Choker"}],"items_purged_floors":[],"is_endless":false,"potions_floor_spawned":[1,3,4,7,16,20,22,24,29,37,39,46],"killed_by":"Donu and Deca","ascension_level":0}