{"gold_per_floor":[115,190,190,204,37,37,47,47,70,129,44,44,58,69,69,69],"floor_reached":16,"playtime":552,"items_purged":[],"score":200,"play_id":"7ba9914e-05b6-4a74-8d0f-ba4c0cfbf33c","local_time":"20190606080420","is_ascension_mode":true,"campfire_choices":[{"data":"Zap","floor":6,"key":"SMITH"},{"data":"Defragment","floor":8,"key":"SMITH"},{"floor":15,"key":"REST"}],"neow_cost":"NONE","seed_source_timestamp":201498393761900,"circlet_count":0,"master_deck":["AscendersBane","Strike_B","Strike_B","Strike_B","Strike_B","Defend_B","Defend_B","Defend_B","Defend_B","Zap+1","Dualcast","Thunder Strike","Defragment","Defragment+1","Chill"],"relics":["Cracked Core","DataDisk","PreservedInsect","Bag of Preparation","Tiny Chest","Mango"],"potions_floor_usage":[10,13,13,16],"damage_taken":[{"damage":7,"enemies":"Jaw Worm","floor":1,"turns":3},{"damage":1,"enemies":"Cultist","floor":4,"turns":3},{"damage":9,"enemies":"2 Louse","floor":7,"turns":3},{"damage":29,"enemies":"3 Sentries","floor":10,"turns":5},{"damage":29,"enemies":"Gremlin Gang","floor":13,"turns":4},{"damage":0,"enemies":"Lots of Slimes","floor":14,"turns":4},{"damage":29,"enemies":"Hexaghost","floor":16,"turns":10}],"seed_played":"4436530965977957721","potions_obtained":[{"floor":1,"key":"PowerPotion"},{"floor":4,"key":"Dexterity Potion"},{"floor":10,"key":"LiquidBronze"},{"floor":14,"key":"GamblersBrew"}],"is_trial":false,"path_per_floor":["M","?","?","M","$","R","M","R","T","E","$","?","M","M","R","B"],"character_chosen":"DEFECT","items_purchased":["PreservedInsect","Regen Potion"],"campfire_rested":1,"item_purchase_floors":[5,11],"current_hp_per_floor":[57,46,46,45,45,45,36,36,36,7,7,21,1,1,26,0],"gold":69,"neow_bonus":"ONE_RANDOM_RARE_CARD","is_prod":false,"is_daily":false,"chose_seed":false,"campfire_upgraded":2,"win_rate":0,"timestamp":1559822660,"path_taken":["M","?","?","M","$","R","?","R","T","E","?","?","?","?","R","BOSS"],"build_version":"2019-01-23","purchased_purges":0,"victory":false,"max_hp_per_floor":[71,71,71,71,71,71,71,71,71,71,71,85,85,85,85,85],"card_choices":[{"not_picked":["Redo","Aggregate"],"picked":"Defragment","floor":1},{"not_picked":["Conserve Battery","Chill"],"picked":"Defragment","floor":4},{"not_picked":["Streamline","Gash","Skim"],"picked":"SKIP","floor":7},{"not_picked":["Fission","Streamline","Heatsinks"],"picked":"SKIP","floor":10},{"not_picked":["Double Energy","Hello World"],"picked":"Chill","floor":13},{"not_picked":["Steam Power","Skim","Sunder"],"picked":"SKIP","floor":14}],"player_experience":842681,"relics_obtained":[{"floor":9,"key":"Bag of Preparation"},{"floor":10,"key":"Tiny Chest"},{"floor":12,"key":"Mango"}],"event_choices":[{"damage_healed":0,"gold_gain":75,"player_choice":"Gather Gold","damage_taken":11,"max_hp_gain":0,"max_hp_loss":0,"event_name":"World of Goop","floor":2,"gold_loss":0},{"damage_healed":0,"gold_gain":0,"player_choice":"Gave Potion","damage_taken":0,"relics_obtained":["DataDisk"],"max_hp_gain":0,"max_hp_loss":0,"event_name":"WeMeetAgain","floor":3,"gold_loss":0},{"damage_healed":0,"gold_gain":0,"player_choice":"Relic","damage_taken":0,"max_hp_gain":0,"max_hp_loss":0,"event_name":"Wheel of Change","floor":12,"gold_loss":0}],"is_beta":false,"boss_relics":[],"items_purged_floors":[],"is_endless":false,"potions_floor_spawned":[1,4,10,14],"killed_by":"Hexaghost","ascension_level":20}