{"gold_per_floor":[112,62,32,47,67,94,94,114,137,1,1,21,31,60,60,60],"floor_reached":16,"playtime":679,"items_purged":[],"score":151,"play_id":"b4b20032-3272-4f75-8599-085002016860","local_time":"20190215193108","is_ascension_mode":true,"campfire_choices":[{"floor":7,"key":"REST"},{"floor":15,"key":"REST"}],"neow_cost":"NONE","seed_source_timestamp":864770652509,"circlet_count":0,"master_deck":["Strike_B","Strike_B","Strike_B","Defend_B","Defend_B","Defend_B","Defend_B","Zap","Dualcast","Melter","Leap","Conserve Battery","Loop","Defragment","Panacea","Cold Snap","Steam Power","Zap","Thunder Strike","Leap","Self Repair","Core Surge"],"relics":["Cracked Core","NeowsBlessing","Oddly Smooth Stone","Ancient Tea Set","Boot"],"potions_floor_usage":[12],"damage_taken":[{"damage":0,"enemies":"Jaw Worm","floor":1,"turns":1},{"damage":0,"enemies":"Small Slimes","floor":4,"turns":1},{"damage":0,"enemies":"Cultist","floor":5,"turns":1},{"damage":38,"enemies":"Gremlin Nob","floor":6,"turns":4},{"damage":0,"enemies":"Looter","floor":8,"turns":4},{"damage":12,"enemies":"Gremlin Gang","floor":12,"turns":5},{"damage":0,"enemies":"Exordium Wildlife","floor":13,"turns":4},{"damage":21,"enemies":"Lagavulin","floor":14,"turns":6},{"damage":62,"enemies":"Slime Boss","floor":16,"turns":7}],"seed_played":"5083087647213124247","potions_obtained":[{"floor":1,"key":"GamblersBrew"},{"floor":3,"key":"GamblersBrew"},{"floor":3,"key":"FearPotion"},{"floor":4,"key":"Block Potion"}],"is_trial":false,"path_per_floor":["M","?","?","M","M","E","R","M","T","$","?","M","M","E","R","B"],"character_chosen":"DEFECT","items_purchased":["Panacea","Cold Snap"],"campfire_rested":2,"item_purchase_floors":[10,10],"current_hp_per_floor":[68,68,68,68,68,30,52,52,52,52,52,40,40,26,48,0],"gold":60,"neow_bonus":"THREE_ENEMY_KILL","is_prod":false,"is_daily":false,"chose_seed":false,"campfire_upgraded":0,"win_rate":0,"timestamp":1550277068,"path_taken":["M","?","?","M","?","E","R","M","T","$","?","M","M","E","R","BOSS"],"build_version":"2019-01-23","purchased_purges":0,"victory":false,"max_hp_per_floor":[75,75,75,75,75,75,75,75,75,75,75,75,75,75,75,75],"card_choices":[{"not_picked":["Chaos","Chill"],"picked":"Melter","floor":1},{"not_picked":["Cold Snap","Steam Power"],"picked":"Leap","floor":4},{"not_picked":["Hologram","Heatsinks"],"picked":"Conserve Battery","floor":5},{"not_picked":["Ball Lightning","Rip and Tear"],"picked":"Loop","floor":6},{"not_picked":["Go for the Eyes","Gash"],"picked":"Defragment","floor":8},{"not_picked":["Go for the Eyes","Turbo"],"picked":"Leap","floor":12},{"not_picked":["Beam Cell","Compile Driver"],"picked":"Self Repair","floor":13},{"not_picked":["Redo","Fusion"],"picked":"Core Surge","floor":14}],"player_experience":253371,"relics_obtained":[{"floor":6,"key":"Oddly Smooth Stone"},{"floor":9,"key":"Ancient Tea Set"},{"floor":14,"key":"Boot"}],"event_choices":[{"cards_removed":["Strike_B"],"damage_healed":0,"gold_gain":0,"player_choice":"Card Removal","damage_taken":0,"max_hp_gain":0,"max_hp_loss":0,"event_name":"The Cleric","floor":2,"gold_loss":50},{"damage_healed":0,"gold_gain":0,"player_choice":"Bought 2 Potions","damage_taken":0,"max_hp_gain":0,"max_hp_loss":0,"event_name":"The Woman in Blue","floor":3,"gold_loss":0},{"damage_healed":0,"gold_gain":0,"player_choice":"3 cards matched","damage_taken":0,"max_hp_gain":0,"max_hp_loss":0,"event_name":"Match and Keep!","floor":11,"gold_loss":0,"cards_obtained":["Steam Power","Zap","Thunder Strike"]}],"is_beta":false,"boss_relics":[],"items_purged_floors":[],"is_endless":false,"potions_floor_spawned":[1,4,5],"killed_by":"Slime Boss","ascension_level":7}