{"gold_per_floor":[19,39,49,49,66,97,114,114,114,114,114,148,148,148,148,251,251,261,281,298,316,231,231,247,247,297,124,224,244,271,289,289,393,393,407,407,427,52,67,67,100,117,144,161,161],"floor_reached":45,"playtime":2579,"items_purged":["Regret","Defend_R"],"score":602,"play_id":"663d5b2c-57cd-4dd7-be5e-6baccd2dfbf9","local_time":"20190602113656","is_ascension_mode":true,"campfire_choices":[{"floor":8,"key":"REST"},{"data":"Barricade","floor":10,"key":"SMITH"},{"floor":13,"key":"REST"},{"data":"Whirlwind","floor":15,"key":"SMITH"},{"data":"Defend_R","floor":23,"key":"PURGE"},{"floor":25,"key":"REST"},{"floor":32,"key":"REST"},{"data":"Flex","floor":40,"key":"SMITH"}],"neow_cost":"NO_GOLD","seed_source_timestamp":572458466458816,"circlet_count":0,"master_deck":["Strike_R","Strike_R","Strike_R","Strike_R","Defend_R","Defend_R","Bash","Thunderclap","Pommel Strike","Shrug It Off","Barricade+1","Perfected Strike","Iron Wave","Cleave","Whirlwind+1","Double Tap","Body Slam+1","Anger+1","Armaments+1","Anger+1","Clash","Spot Weakness","Twin Strike+1","Heavy Blade+1","Berserk","Iron Wave+1","Iron Wave","Flex+1","Iron Wave","Heavy Blade","Reaper","Clumsy"],"relics":["Burning Blood","The Courier","Pocketwatch","Shuriken","FaceOfCleric","Cursed Key","Peace Pipe","Smiling Mask","Bag of Preparation","FossilizedHelix","Question Card","Orichalcum","StoneCalendar","Bird Faced Urn","Regal Pillow"],"potions_floor_usage":[6,6,16,24,24,31,33,33,37,44,45],"damage_taken":[{"damage":2,"enemies":"Small Slimes","floor":1,"turns":4},{"damage":6,"enemies":"Cultist","floor":2,"turns":3},{"damage":14,"enemies":"Jaw Worm","floor":3,"turns":4},{"damage":0,"enemies":"Large Slime","floor":5,"turns":6},{"damage":2,"enemies":"Gremlin Nob","floor":6,"turns":4},{"damage":35,"enemies":"Gremlin Gang","floor":7,"turns":5},{"damage":45,"enemies":"Lagavulin","floor":12,"turns":6},{"damage":51,"enemies":"The Guardian","floor":16,"turns":11},{"damage":28,"enemies":"2 Thieves","floor":18,"turns":4},{"damage":15,"enemies":"3 Byrds","floor":19,"turns":3},{"damage":18,"enemies":"Snake Plant","floor":20,"turns":3},{"damage":16,"enemies":"Chosen and Byrds","floor":21,"turns":5},{"damage":15,"enemies":"Shelled Parasite and Fungi","floor":24,"turns":4},{"damage":22,"enemies":"Colosseum Slavers","floor":28,"turns":3},{"damage":8,"enemies":"Colosseum Nobs","floor":28,"turns":3},{"damage":0,"enemies":"3 Cultists","floor":29,"turns":3},{"damage":12,"enemies":"Gremlin Leader","floor":30,"turns":3},{"damage":0,"enemies":"Chosen and Byrds","floor":31,"turns":2},{"damage":86,"enemies":"Collector","floor":33,"turns":7},{"damage":0,"enemies":"Orb Walker","floor":35,"turns":2},{"damage":7,"enemies":"3 Shapes","floor":37,"turns":2},{"damage":26,"enemies":"Transient","floor":39,"turns":5},{"damage":57,"enemies":"Giant Head","floor":41,"turns":7},{"damage":35,"enemies":"Sphere and 2 Shapes","floor":42,"turns":4},{"damage":25,"enemies":"Spire Growth","floor":44,"turns":3},{"damage":19,"enemies":"Maw","floor":45,"turns":6}],"seed_played":"168137967948798756","potions_obtained":[{"floor":2,"key":"PowerPotion"},{"floor":3,"key":"Weak Potion"},{"floor":6,"key":"GamblersBrew"},{"floor":12,"key":"Fire Potion"},{"floor":20,"key":"FearPotion"},{"floor":21,"key":"EssenceOfSteel"},{"floor":28,"key":"SteroidPotion"},{"floor":29,"key":"Regen Potion"},{"floor":33,"key":"Explosive Potion"},{"floor":42,"key":"BloodPotion"},{"floor":44,"key":"AttackPotion"}],"is_trial":false,"path_per_floor":["M","M","M","?","M","E","M","R","T","R","?","E","R","?","R","B",null,"M","M","M","M","?","R","M","R","T","$","?","M","E","M","R","B",null,"M","?","M","$","M","R","E","M","T","M","M"],"character_chosen":"IRONCLAD","items_purchased":["Bag of Preparation","Flex","Iron Wave","StoneCalendar"],"campfire_rested":4,"item_purchase_floors":[27,38,38,38],"current_hp_per_floor":[96,96,88,88,94,96,67,95,95,95,95,56,84,84,84,40,97,76,68,57,48,48,48,40,70,70,70,54,61,56,63,95,31,108,109,109,109,109,90,90,40,19,19,12,0],"gold":161,"neow_bonus":"TWENTY_PERCENT_HP_BONUS","is_prod":false,"is_daily":false,"chose_seed":false,"campfire_upgraded":3,"win_rate":0,"timestamp":1559500616,"path_taken":["M","M","M","?","M","E","?","R","T","R","?","E","R","?","R","BOSS","M","M","M","?","?","R","M","R","T","$","?","M","E","M","R","BOSS","M","?","M","$","M","R","E","M","T","M","M"],"build_version":"2019-01-23","purchased_purges":2,"victory":false,"max_hp_per_floor":[96,96,96,96,96,96,96,96,96,96,96,96,96,96,96,97,97,98,99,100,101,101,101,102,102,102,102,104,105,106,107,107,108,108,109,109,110,110,111,111,112,113,113,114,114],"card_choices":[{"not_picked":["Evolve","Disarm"],"picked":"Thunderclap","floor":1},{"not_picked":["Heavy Blade","Havoc"],"picked":"Pommel Strike","floor":2},{"not_picked":["Cleave","Heavy Blade"],"picked":"Shrug It Off","floor":3},{"not_picked":["Berserk","Heavy Blade"],"picked":"Perfected Strike","floor":5},{"not_picked":["Entrench","Pommel Strike"],"picked":"Iron Wave","floor":6},{"not_picked":["Heavy Blade","Disarm"],"picked":"Cleave","floor":7},{"not_picked":["Heavy Blade","Impervious"],"picked":"Whirlwind","floor":12},{"not_picked":["Berserk","Immolate"],"picked":"Double Tap","floor":16},{"not_picked":["Pommel Strike","Combust+1"],"picked":"Body Slam+1","floor":18},{"not_picked":["True Grit","Twin Strike"],"picked":"Anger+1","floor":19},{"not_picked":["Shrug It Off","Body Slam"],"picked":"Armaments+1","floor":20},{"not_picked":["Sever Soul","Sword Boomerang"],"picked":"Anger+1","floor":21},{"not_picked":["Feel No Pain","Hemokinesis"],"picked":"Clash","floor":24},{"not_picked":["True Grit","Havoc"],"picked":"Spot Weakness","floor":28},{"not_picked":["Corruption+1","Demon Form","True Grit"],"picked":"Twin Strike+1","floor":29},{"not_picked":["Reckless Charge","Disarm","Blood for Blood"],"picked":"Heavy Blade+1","floor":30},{"not_picked":["Metallicize+1","Clash","Intimidate","Twin Strike"],"picked":"SKIP","floor":31},{"not_picked":["Juggernaut","Fiend Fire","Double Tap"],"picked":"Berserk","floor":33},{"not_picked":["Uppercut+1","Pommel Strike","Warcry+1"],"picked":"Iron Wave+1","floor":35},{"not_picked":["Twin Strike","Sever Soul","Inflame+1"],"picked":"Iron Wave","floor":37},{"not_picked":["Clash","Pommel Strike+1","Rampage"],"picked":"Heavy Blade","floor":39},{"not_picked":["Power Through+1","Rupture","Headbutt"],"picked":"Reaper","floor":41},{"not_picked":["Warcry","Metallicize","Infernal Blade","Searing Blow"],"picked":"SKIP","floor":42},{"not_picked":["Feel No Pain","Havoc","Dropkick","Iron Wave"],"picked":"SKIP","floor":44}],"player_experience":270958,"relics_obtained":[{"floor":6,"key":"The Courier"},{"floor":9,"key":"Pocketwatch"},{"floor":12,"key":"Shuriken"},{"floor":26,"key":"Smiling Mask"},{"floor":28,"key":"FossilizedHelix"},{"floor":28,"key":"Question Card"},{"floor":30,"key":"Orichalcum"},{"floor":41,"key":"Bird Faced Urn"},{"floor":43,"key":"Regal Pillow"}],"event_choices":[{"damage_healed":0,"gold_gain":0,"player_choice":"1 cards matched","damage_taken":0,"max_hp_gain":0,"max_hp_loss":0,"event_name":"Match and Keep!","floor":4,"gold_loss":0,"cards_obtained":["Barricade"]},{"damage_healed":0,"gold_gain":0,"player_choice":"Ignored","damage_taken":0,"max_hp_gain":0,"max_hp_loss":0,"event_name":"Liars Game","floor":11,"gold_loss":0},{"damage_healed":0,"gold_gain":0,"player_choice":"Trade","damage_taken":0,"relics_obtained":["FaceOfCleric"],"max_hp_gain":0,"max_hp_loss":0,"event_name":"FaceTrader","floor":14,"gold_loss":0},{"damage_healed":0,"gold_gain":0,"player_choice":"Obtained Relic","damage_taken":0,"relics_obtained":["Peace Pipe"],"max_hp_gain":0,"max_hp_loss":0,"event_name":"Addict","floor":22,"gold_loss":85},{"damage_healed":0,"gold_gain":0,"player_choice":"Fight","damage_taken":0,"max_hp_gain":0,"max_hp_loss":0,"event_name":"Colosseum","floor":28,"gold_loss":0},{"damage_healed":0,"gold_gain":0,"player_choice":"Fought Nobs","damage_taken":0,"max_hp_gain":0,"max_hp_loss":0,"event_name":"Colosseum","floor":28,"gold_loss":0},{"cards_removed":["Strike_R"],"damage_healed":0,"gold_gain":0,"player_choice":"Removed Attack","damage_taken":0,"max_hp_gain":0,"max_hp_loss":0,"event_name":"Falling","floor":36,"gold_loss":0}],"is_beta":false,"boss_relics":[{"not_picked":["Calling Bell","Lizard Tail"],"picked":"Cursed Key"},{"not_picked":["Runic Cube","Fusion Hammer","Snecko Eye"]}],"items_purged_floors":[27,38],"is_endless":false,"potions_floor_spawned":[2,3,6,12,20,21,28,29,30,33,42,44],"killed_by":"Maw","ascension_level":2}