{"gold_per_floor":[117,130,130,140,40,40,74,74,123,148,148,148,148,162,162,258,258,241,73,87,87,103,103,138,138],"floor_reached":25,"playtime":802,"items_purged":["Strike_B","Writhe"],"score":229,"play_id":"8011b2b9-4829-4fa2-b70d-100f980c0918","local_time":"20190418132511","is_ascension_mode":false,"campfire_choices":[{"data":"Static Discharge","floor":6,"key":"SMITH"},{"data":"Zap","floor":8,"key":"SMITH"},{"data":"Creative AI","floor":11,"key":"SMITH"},{"floor":15,"key":"REST"},{"floor":23,"key":"REST"}],"neow_cost":"TEN_PERCENT_HP_LOSS","seed_source_timestamp":734644085431824,"circlet_count":0,"master_deck":["Strike_B","Strike_B+1","Strike_B","Defend_B","Defend_B","Defend_B+1","Defend_B","Zap+1","Dualcast","Creative AI+1","Tempest","Streamline","Static Discharge+1","Conserve Battery","Conserve Battery","Darkness","Core Surge","Parasite","Parasite","Glacier","Sweeping Beam","Finesse","Zap","Storm+1"],"relics":["Cracked Core","Lantern","Vajra","Oddly Smooth Stone","Bag of Preparation","Calling Bell","Regal Pillow","Matryoshka","StoneCalendar","Centennial Puzzle"],"potions_floor_usage":[7,7,10,22,24,24],"damage_taken":[{"damage":1,"enemies":"Cultist","floor":1,"turns":3},{"damage":7,"enemies":"Small Slimes","floor":2,"turns":3},{"damage":0,"enemies":"2 Louse","floor":4,"turns":2},{"damage":14,"enemies":"Gremlin Nob","floor":7,"turns":3},{"damage":9,"enemies":"Lagavulin","floor":10,"turns":6},{"damage":0,"enemies":"Large Slime","floor":14,"turns":4},{"damage":18,"enemies":"Hexaghost","floor":16,"turns":5},{"damage":6,"enemies":"2 Thieves","floor":18,"turns":4},{"damage":20,"enemies":"Spheric Guardian","floor":20,"turns":4},{"damage":27,"enemies":"Snecko","floor":22,"turns":4},{"damage":45,"enemies":"Slavers","floor":24,"turns":5},{"damage":27,"enemies":"3 Cultists","floor":25,"turns":3}],"seed_played":"6830272495325190205","potions_obtained":[{"floor":1,"key":"AttackPotion"},{"floor":2,"key":"PowerPotion"},{"floor":4,"key":"SkillPotion"},{"floor":16,"key":"Ancient Potion"},{"floor":22,"key":"Regen Potion"},{"floor":24,"key":"Fruit Juice"}],"is_trial":false,"path_per_floor":["M","M","?","M","$","R","E","R","T","E","R","?","?","M","R","B",null,"M","$","M","?","M","R","E","M"],"character_chosen":"DEFECT","items_purchased":["Conserve Battery","Glacier"],"campfire_rested":2,"item_purchase_floors":[5,19],"current_hp_per_floor":[67,60,46,46,46,46,32,32,32,23,23,23,16,16,36,18,68,62,62,42,42,15,50,24,0],"gold":138,"neow_bonus":"THREE_RARE_CARDS","is_prod":false,"is_daily":false,"chose_seed":false,"campfire_upgraded":3,"win_rate":0,"timestamp":1555608311,"path_taken":["M","?","?","M","$","R","E","R","T","E","R","?","?","M","R","BOSS","M","$","M","?","M","R","E","?"],"build_version":"2019-01-23","purchased_purges":2,"victory":false,"max_hp_per_floor":[68,68,68,68,68,68,68,68,68,68,68,68,68,68,68,68,68,68,68,68,68,68,68,73,73],"card_choices":[{"not_picked":["Fission","Buffer"],"picked":"Creative AI","floor":0},{"not_picked":["Gash","Steam"],"picked":"Tempest","floor":1},{"not_picked":["Rebound","Stack"],"picked":"Streamline","floor":2},{"not_picked":["Skim","Cold Snap"],"picked":"Static Discharge","floor":4},{"not_picked":["Leap","Coolheaded"],"picked":"Conserve Battery","floor":7},{"not_picked":["Leap","Go for the Eyes"],"picked":"Darkness","floor":10},{"not_picked":["Blizzard","Coolheaded","Streamline"],"picked":"SKIP","floor":14},{"not_picked":["Buffer","Fission"],"picked":"Core Surge","floor":16},{"not_picked":["Static Discharge","Chill+1","Barrage"],"picked":"SKIP","floor":18},{"not_picked":["Compile Driver+1","Darkness"],"picked":"Sweeping Beam","floor":20},{"not_picked":["Go for the Eyes","Cold Snap+1"],"picked":"Storm+1","floor":22},{"not_picked":["Beam Cell","Chill","Streamline"],"picked":"SKIP","floor":24}],"player_experience":605248,"relics_obtained":[{"floor":7,"key":"Lantern"},{"floor":9,"key":"Vajra"},{"floor":10,"key":"Oddly Smooth Stone"},{"floor":17,"key":"Regal Pillow"},{"floor":17,"key":"Matryoshka"},{"floor":17,"key":"StoneCalendar"},{"floor":24,"key":"Centennial Puzzle"}],"event_choices":[{"damage_healed":0,"gold_gain":0,"player_choice":"Entered Light","damage_taken":14,"max_hp_gain":0,"max_hp_loss":0,"event_name":"Shining Light","floor":3,"gold_loss":0,"cards_upgraded":["Defend_B","Strike_B"]},{"damage_healed":0,"gold_gain":0,"player_choice":"Ignored","damage_taken":0,"max_hp_gain":0,"max_hp_loss":0,"event_name":"Liars Game","floor":12,"gold_loss":0},{"damage_healed":0,"gold_gain":0,"player_choice":"Success","damage_taken":7,"relics_obtained":["Bag of Preparation"],"max_hp_gain":0,"max_hp_loss":0,"event_name":"Scrap Ooze","floor":13,"gold_loss":0},{"damage_healed":0,"gold_gain":0,"player_choice":"2 cards matched","damage_taken":0,"max_hp_gain":0,"max_hp_loss":0,"event_name":"Match and Keep!","floor":21,"gold_loss":0,"cards_obtained":["Finesse","Zap"]}],"is_beta":false,"boss_relics":[{"not_picked":["Orrery","Lizard Tail"],"picked":"Calling Bell"}],"items_purged_floors":[5,19],"is_endless":false,"potions_floor_spawned":[1,2,4,16,22,24],"killed_by":"3 Cultists","ascension_level":0}