{"gold_per_floor":[117,267,267,287,287,312,326,354,354,30,92,110,110,123,123,199,199,213,263,263,188,22,22,42,67,67,67],"floor_reached":27,"playtime":1222,"items_purged":["Defend_B"],"score":474,"play_id":"96157079-493c-4d68-901f-da6ad32e9c0c","local_time":"20190512112519","is_ascension_mode":true,"campfire_choices":[{"data":"Mayhem","floor":13,"key":"SMITH"},{"data":"Conserve Battery","floor":15,"key":"SMITH"},{"data":"Defragment","floor":23,"key":"SMITH"}],"neow_cost":"NONE","seed_source_timestamp":39699992073095,"circlet_count":0,"master_deck":["AscendersBane","Strike_B","Strike_B","Strike_B","Strike_B","Defend_B","Defend_B","Defend_B","Zap","Dualcast","Skim","Leap","Core Surge","Compile Driver","Conserve Battery+1","Mayhem+1","BootSequence","Leap","Rebound","Conserve Battery","Core Surge","Tempest","Defragment+1","Tempest"],"relics":["FrozenCore","NeowsBlessing","FossilizedHelix","Spirit Poop","Incense Burner","Omamori","Torii","Bottled Tornado","Ginger","Blood Vial","Dead Branch","Kunai"],"potions_floor_usage":[8,11,24,25],"damage_taken":[{"damage":0,"enemies":"2 Louse","floor":1,"turns":1},{"damage":0,"enemies":"Jaw Worm","floor":4,"turns":1},{"damage":0,"enemies":"Gremlin Nob","floor":6,"turns":1},{"damage":0,"enemies":"Cultist","floor":7,"turns":4},{"damage":11,"enemies":"Lagavulin","floor":8,"turns":5},{"damage":8,"enemies":"Gremlin Nob","floor":11,"turns":5},{"damage":1,"enemies":"Exordium Thugs","floor":12,"turns":6},{"damage":0,"enemies":"3 Louse","floor":14,"turns":5},{"damage":6,"enemies":"The Guardian","floor":16,"turns":15},{"damage":1,"enemies":"3 Byrds","floor":18,"turns":8},{"damage":12,"enemies":"2 Thieves","floor":21,"turns":5},{"damage":0,"enemies":"Snake Plant","floor":24,"turns":4},{"damage":33,"enemies":"Gremlin Leader","floor":25,"turns":9},{"damage":28,"enemies":"Book of Stabbing","floor":27,"turns":5}],"seed_played":"-5221636848779513234","potions_obtained":[{"floor":4,"key":"Poison Potion"},{"floor":6,"key":"Regen Potion"},{"floor":7,"key":"Fire Potion"},{"floor":14,"key":"LiquidBronze"},{"floor":16,"key":"FearPotion"},{"floor":24,"key":"Dexterity Potion"}],"is_trial":false,"path_per_floor":["M","?","?","M","?","E","M","E","T","$","?","M","R","M","R","B",null,"M","?","?","M","$","R","M","E","T","E"],"character_chosen":"DEFECT","items_purchased":["Mayhem","BootSequence","Blood Vial"],"campfire_rested":0,"item_purchase_floors":[10,10,22],"current_hp_per_floor":[64,64,59,59,59,59,59,48,48,48,52,51,51,51,51,45,65,64,64,64,52,52,52,54,23,23,0],"gold":67,"neow_bonus":"THREE_ENEMY_KILL","is_prod":false,"is_daily":false,"chose_seed":false,"campfire_upgraded":3,"win_rate":0,"timestamp":1557685519,"path_taken":["M","?","?","M","?","E","?","E","T","$","?","M","R","M","R","BOSS","M","?","?","M","$","R","M","E","T","E"],"build_version":"2019-01-23","purchased_purges":1,"victory":false,"max_hp_per_floor":[71,71,71,71,71,71,71,71,71,71,71,71,71,71,71,71,71,71,71,71,71,71,71,71,71,71,71],"card_choices":[{"not_picked":["Cold Snap","Steam Power"],"picked":"Skim","floor":1},{"not_picked":["Barrage","Coolheaded"],"picked":"Leap","floor":4},{"not_picked":["Stack","Steam"],"picked":"Core Surge","floor":6},{"not_picked":["Coolheaded","Leap"],"picked":"Compile Driver","floor":7},{"not_picked":["Chill","Barrage"],"picked":"Conserve Battery","floor":8},{"not_picked":["Steam Power","Blizzard"],"picked":"Leap","floor":11},{"not_picked":["Coolheaded","Beam Cell"],"picked":"Rebound","floor":12},{"not_picked":["Gash","Genetic Algorithm"],"picked":"Conserve Battery","floor":14},{"not_picked":["Hyperbeam","All For One"],"picked":"Core Surge","floor":16},{"not_picked":["Sweeping Beam","Redo"],"picked":"Tempest","floor":18},{"not_picked":["Cold Snap","Steam"],"picked":"Defragment","floor":21},{"not_picked":["Redo","Conserve Battery"],"picked":"Tempest","floor":24},{"not_picked":["Doom and Gloom","Tempest","Rip and Tear"],"picked":"SKIP","floor":25}],"player_experience":922721,"relics_obtained":[{"floor":6,"key":"Incense Burner"},{"floor":8,"key":"Omamori"},{"floor":9,"key":"Torii"},{"floor":11,"key":"Bottled Tornado"},{"floor":25,"key":"Dead Branch"},{"floor":26,"key":"Kunai"}],"event_choices":[{"damage_healed":0,"gold_gain":150,"player_choice":"AGREE","damage_taken":0,"max_hp_gain":0,"max_hp_loss":0,"event_name":"Liars Game","floor":2,"gold_loss":0,"cards_obtained":["Doubt"]},{"damage_healed":0,"gold_gain":0,"player_choice":"Success","damage_taken":5,"relics_obtained":["FossilizedHelix"],"max_hp_gain":0,"max_hp_loss":0,"event_name":"Scrap Ooze","floor":3,"gold_loss":0},{"cards_removed":["Doubt"],"damage_healed":0,"gold_gain":0,"player_choice":"Offered Curse","damage_taken":0,"relics_obtained":["Spirit Poop"],"max_hp_gain":0,"max_hp_loss":0,"event_name":"Bonfire Elementals","floor":5,"gold_loss":0},{"damage_healed":0,"gold_gain":0,"player_choice":"Searched \u00272\u0027 times","damage_taken":0,"max_hp_gain":0,"max_hp_loss":0,"event_name":"Dead Adventurer","floor":11,"gold_loss":0},{"damage_healed":0,"gold_gain":50,"player_choice":"Stole From Cult","damage_taken":0,"max_hp_gain":0,"max_hp_loss":0,"event_name":"Nest","floor":19,"gold_loss":0},{"damage_healed":0,"gold_gain":0,"player_choice":"Opened","damage_taken":0,"relics_obtained":["Ginger"],"max_hp_gain":0,"max_hp_loss":0,"event_name":"The Mausoleum","floor":20,"gold_loss":0,"cards_obtained":["Writhe"]}],"is_beta":false,"boss_relics":[{"not_picked":["Ectoplasm","Pandora\u0027s Box"],"picked":"FrozenCore"}],"items_purged_floors":[10],"is_endless":false,"potions_floor_spawned":[4,6,7,14,16,24],"killed_by":"Book of Stabbing","ascension_level":16}