{"gold_per_floor":[116,133,133,133,152,152,196,0,0,0,16,36,70,19,19,147,147,172,195,209,209,233,233,274,295,318,318,343,343,383,383],"floor_reached":31,"playtime":1554,"items_purged":[],"score":285,"play_id":"2c6655a6-1254-4430-a9be-6844bc53d955","local_time":"20190506222629","is_ascension_mode":false,"campfire_choices":[{"data":"Inflame","floor":6,"key":"SMITH"},{"data":"Pummel","floor":10,"key":"SMITH"},{"floor":15,"key":"REST"},{"floor":23,"key":"REST"},{"floor":27,"key":"REST"}],"neow_cost":"NONE","seed_source_timestamp":737404627307518,"circlet_count":0,"master_deck":["Strike_R","Strike_R","Strike_R","Strike_R","Strike_R","Defend_R","Defend_R","Defend_R","Defend_R","Bash","Inflame+1","Thunderclap","Heavy Blade","Pummel+1","Ghostly Armor","Rampage","Headbutt","Double Tap","Dual Wield+1","Cleave","RitualDagger","Pummel"],"relics":["Burning Blood","Golden Idol","Mummified Hand","Strange Spoon","Strawberry","Busted Crown","FaceOfCleric","Centennial Puzzle","Red Skull","Dream Catcher","Boot"],"potions_floor_usage":[2,7,12,16,18,20,24,24,31],"damage_taken":[{"damage":10,"enemies":"Jaw Worm","floor":1,"turns":5},{"damage":8,"enemies":"Small Slimes","floor":2,"turns":4},{"damage":6,"enemies":"Cultist","floor":5,"turns":3},{"damage":16,"enemies":"Lagavulin","floor":7,"turns":6},{"damage":13,"enemies":"Exordium Thugs","floor":11,"turns":4},{"damage":0,"enemies":"Exordium Wildlife","floor":12,"turns":2},{"damage":31,"enemies":"3 Sentries","floor":13,"turns":8},{"damage":6,"enemies":"Slime Boss","floor":16,"turns":7},{"damage":17,"enemies":"Shell Parasite","floor":18,"turns":4},{"damage":26,"enemies":"2 Thieves","floor":19,"turns":4},{"damage":11,"enemies":"Cultist and Chosen","floor":20,"turns":6},{"damage":21,"enemies":"Snake Plant","floor":22,"turns":3},{"damage":53,"enemies":"Book of Stabbing","floor":24,"turns":6},{"damage":0,"enemies":"3 Cultists","floor":25,"turns":3},{"damage":28,"enemies":"Slavers","floor":30,"turns":4},{"damage":25,"enemies":"Shelled Parasite and Fungi","floor":31,"turns":2}],"seed_played":"-4406761263340673650","potions_obtained":[{"floor":1,"key":"EssenceOfSteel"},{"floor":2,"key":"Weak Potion"},{"floor":11,"key":"SteroidPotion"},{"floor":13,"key":"FearPotion"},{"floor":16,"key":"Explosive Potion"},{"floor":18,"key":"SpeedPotion"},{"floor":19,"key":"Poison Potion"},{"floor":22,"key":"Dexterity Potion"},{"floor":30,"key":"Poison Potion"}],"is_trial":false,"path_per_floor":["M","M","?","?","M","R","E","$","T","R","M","M","E","$","R","B",null,"M","M","M","?","M","R","E","M","T","R","T","?","E","M"],"character_chosen":"IRONCLAD","items_purchased":["Strange Spoon","Headbutt"],"campfire_rested":3,"item_purchase_floors":[8,14],"current_hp_per_floor":[76,74,74,74,74,74,64,64,64,64,57,63,45,45,69,69,81,70,50,45,45,31,55,9,16,16,41,41,35,14,0],"gold":383,"neow_bonus":"THREE_CARDS","is_prod":false,"is_daily":false,"chose_seed":false,"campfire_upgraded":2,"win_rate":0,"timestamp":1557206789,"path_taken":["M","M","?","?","M","R","E","?","T","R","M","M","E","$","R","BOSS","M","M","M","?","M","R","E","?","T","R","?","?","E","M"],"build_version":"2019-01-23","purchased_purges":0,"victory":false,"max_hp_per_floor":[80,80,80,74,74,74,74,74,74,74,74,74,81,81,81,81,81,81,81,81,81,82,82,83,84,84,84,84,84,85,85],"card_choices":[{"not_picked":["Shrug It Off","Thunderclap"],"picked":"Inflame","floor":0},{"not_picked":["Reckless Charge","True Grit","Havoc"],"picked":"SKIP","floor":1},{"not_picked":["Burning Pact","Clash"],"picked":"Thunderclap","floor":2},{"not_picked":["Corruption","Searing Blow"],"picked":"Heavy Blade","floor":5},{"not_picked":["Clothesline","Feel No Pain"],"picked":"Pummel","floor":7},{"not_picked":["Intimidate","Warcry"],"picked":"Ghostly Armor","floor":11},{"not_picked":["Entrench","Body Slam","Clothesline"],"picked":"SKIP","floor":12},{"not_picked":["Shockwave","Bloodletting"],"picked":"Rampage","floor":13},{"not_picked":["Juggernaut","Berserk"],"picked":"Double Tap","floor":16},{"not_picked":[],"picked":"Dual Wield+1","floor":18},{"not_picked":["Clash"],"picked":"SKIP","floor":19},{"not_picked":[],"picked":"Cleave","floor":20},{"not_picked":["Clothesline"],"picked":"SKIP","floor":22},{"not_picked":["Body Slam"],"picked":"SKIP","floor":24},{"not_picked":["Wild Strike"],"picked":"SKIP","floor":25},{"not_picked":[],"picked":"Pummel","floor":30}],"player_experience":123691,"relics_obtained":[{"floor":7,"key":"Mummified Hand"},{"floor":13,"key":"Strawberry"},{"floor":24,"key":"Centennial Puzzle"},{"floor":26,"key":"Red Skull"},{"floor":28,"key":"Dream Catcher"},{"floor":30,"key":"Boot"}],"event_choices":[{"damage_healed":0,"gold_gain":0,"player_choice":"Ignored","damage_taken":0,"max_hp_gain":0,"max_hp_loss":0,"event_name":"Liars Game","floor":3,"gold_loss":0},{"damage_healed":0,"gold_gain":0,"player_choice":"Lose Max HP","damage_taken":0,"relics_obtained":["Golden Idol"],"max_hp_gain":0,"max_hp_loss":6,"event_name":"Golden Idol","floor":4,"gold_loss":0},{"damage_healed":0,"gold_gain":0,"player_choice":"Trade","damage_taken":0,"relics_obtained":["FaceOfCleric"],"max_hp_gain":0,"max_hp_loss":0,"event_name":"FaceTrader","floor":21,"gold_loss":0},{"damage_healed":0,"gold_gain":0,"player_choice":"Joined the Cult","damage_taken":6,"max_hp_gain":0,"max_hp_loss":0,"event_name":"Nest","floor":29,"gold_loss":0,"cards_obtained":["RitualDagger"]}],"is_beta":false,"boss_relics":[{"not_picked":["Philosopher\u0027s Stone","Mark of Pain"],"picked":"Busted Crown"}],"items_purged_floors":[],"is_endless":false,"potions_floor_spawned":[1,2,11,13,16,18,19,22,30],"killed_by":"Shelled Parasite and Fungi","ascension_level":0}