{"gold_per_floor":[368,368,329,42,57,57,80,119,119,119,152,167,167,167,167,295,295,309,6,6,19,19,19,33,33,57,57,68,68],"floor_reached":29,"playtime":1313,"items_purged":["Strike_B"],"score":323,"play_id":"4f0def33-7320-41a5-b282-f4a78e0b9490","local_time":"20190216103038","is_ascension_mode":true,"campfire_choices":[{"data":"Zap","floor":6,"key":"SMITH"},{"data":"Dualcast","floor":10,"key":"SMITH"},{"floor":15,"key":"REST"},{"data":"Fusion","floor":23,"key":"SMITH"},{"data":"Rainbow","floor":27,"key":"SMITH"}],"neow_cost":"PERCENT_DAMAGE","seed_source_timestamp":54200470906177,"circlet_count":0,"master_deck":["Strike_B","Strike_B","Strike_B","Defend_B+1","Defend_B","Defend_B","Defend_B","Zap+1","Dualcast+1","Darkness","Injury","Bandage Up","Rebound","Coolheaded+1","Auto Shields","Parasite","Rainbow+1","Go for the Eyes+1","Panacea","Shame","Fusion+1","Defragment+1","J.A.X.","Clumsy","Go for the Eyes"],"relics":["Cracked Core","Bloody Idol","Lee\u0027s Waffle","StoneCalendar","Matryoshka","Shuriken","Regal Pillow","Cursed Key","Bag of Preparation","DataDisk","War Paint","Strawberry"],"potions_floor_usage":[8,16,24],"damage_taken":[{"damage":2,"enemies":"Jaw Worm","floor":1,"turns":4},{"damage":4,"enemies":"Small Slimes","floor":5,"turns":4},{"damage":6,"enemies":"Cultist","floor":7,"turns":3},{"damage":31,"enemies":"Gremlin Nob","floor":8,"turns":4},{"damage":19,"enemies":"3 Sentries","floor":11,"turns":7},{"damage":8,"enemies":"Looter","floor":12,"turns":4},{"damage":34,"enemies":"Hexaghost","floor":16,"turns":11},{"damage":19,"enemies":"Shell Parasite","floor":18,"turns":6},{"damage":2,"enemies":"Spheric Guardian","floor":21,"turns":3},{"damage":25,"enemies":"Snake Plant","floor":24,"turns":4},{"damage":14,"enemies":"Snecko","floor":28,"turns":6},{"damage":62,"enemies":"Gremlin Leader","floor":29,"turns":5}],"seed_played":"-4936823046302640566","potions_obtained":[{"floor":1,"key":"FocusPotion"},{"floor":8,"key":"SteroidPotion"},{"floor":11,"key":"Regen Potion"},{"floor":21,"key":"GamblersBrew"}],"is_trial":false,"path_per_floor":["M","?","?","$","M","R","M","E","T","R","E","M","?","?","R","B",null,"M","$","?","M","?","R","M","?","T","R","M","E"],"character_chosen":"DEFECT","items_purchased":["Lee\u0027s Waffle","Bandage Up","Panacea","Bag of Preparation"],"campfire_rested":1,"item_purchase_floors":[4,4,19,19],"current_hp_per_floor":[48,48,48,82,78,78,76,49,49,49,34,30,18,38,77,62,77,62,62,62,60,60,60,44,44,56,56,47,0],"gold":68,"neow_bonus":"TWO_FIFTY_GOLD","is_prod":false,"is_daily":false,"chose_seed":false,"campfire_upgraded":4,"win_rate":0,"timestamp":1550331038,"path_taken":["M","?","?","?","M","R","?","E","T","R","E","M","?","?","R","BOSS","M","$","?","M","?","R","M","?","T","R","M","E"],"build_version":"2019-01-23","purchased_purges":1,"victory":false,"max_hp_per_floor":[75,75,75,82,82,82,82,82,82,82,82,82,82,82,82,82,82,82,82,82,82,82,82,82,82,89,89,89,89],"card_choices":[{"not_picked":["Lockon","Skim"],"picked":"Darkness","floor":1},{"not_picked":["Stack","Compile Driver"],"picked":"Rebound","floor":5},{"not_picked":["Redo","Aggregate","Hologram"],"picked":"SKIP","floor":7},{"not_picked":["Hyperbeam","Compile Driver"],"picked":"Coolheaded","floor":8},{"not_picked":["Machine Learning","Genetic Algorithm"],"picked":"Auto Shields","floor":11},{"not_picked":["Compile Driver","Rebound","Stack"],"picked":"SKIP","floor":12},{"not_picked":["Amplify","Hyperbeam"],"picked":"Rainbow","floor":16},{"not_picked":["Storm+1","Chaos"],"picked":"Go for the Eyes+1","floor":18},{"not_picked":["Reprogram","Darkness"],"picked":"Fusion","floor":21},{"not_picked":["Coolheaded","Stack"],"picked":"Defragment+1","floor":24},{"not_picked":["Coolheaded+1","Lockon"],"picked":"Go for the Eyes","floor":28}],"player_experience":259062,"relics_obtained":[{"floor":8,"key":"StoneCalendar"},{"floor":9,"key":"Matryoshka"},{"floor":11,"key":"Shuriken"},{"floor":26,"key":"War Paint"},{"floor":26,"key":"Strawberry"}],"event_choices":[{"damage_healed":0,"gold_gain":0,"player_choice":"Take Wound","damage_taken":0,"relics_obtained":["Golden Idol"],"max_hp_gain":0,"max_hp_loss":0,"event_name":"Golden Idol","floor":2,"gold_loss":0,"cards_obtained":["Injury"]},{"damage_healed":0,"gold_gain":0,"player_choice":"Left Gold","damage_taken":0,"max_hp_gain":0,"max_hp_loss":0,"event_name":"World of Goop","floor":3,"gold_loss":39},{"damage_healed":0,"gold_gain":0,"player_choice":"Success","damage_taken":12,"relics_obtained":["Regal Pillow"],"max_hp_gain":0,"max_hp_loss":0,"event_name":"Scrap Ooze","floor":13,"gold_loss":0},{"damage_healed":20,"gold_gain":0,"player_choice":"Healed and dodged fight","damage_taken":0,"max_hp_gain":0,"max_hp_loss":0,"event_name":"Mushrooms","floor":14,"gold_loss":0,"cards_obtained":["Parasite"]},{"damage_healed":0,"gold_gain":0,"player_choice":"Stole Relic","damage_taken":0,"relics_obtained":["DataDisk"],"max_hp_gain":0,"max_hp_loss":0,"event_name":"Addict","floor":20,"gold_loss":0,"cards_obtained":["Shame"]},{"damage_healed":0,"gold_gain":0,"player_choice":"Gave Idol","damage_taken":0,"relics_obtained":["Bloody Idol"],"max_hp_gain":0,"max_hp_loss":0,"event_name":"Forgotten Altar","floor":22,"relics_lost":["Golden Idol"],"gold_loss":0},{"damage_healed":0,"gold_gain":0,"player_choice":"Obtain J.A.X.","damage_taken":0,"max_hp_gain":0,"max_hp_loss":0,"event_name":"Drug Dealer","floor":25,"gold_loss":0,"cards_obtained":["J.A.X."]}],"is_beta":false,"boss_relics":[{"not_picked":["Calling Bell","White Beast Statue"],"picked":"Cursed Key"}],"items_purged_floors":[19],"is_endless":false,"potions_floor_spawned":[1,8,11,21],"killed_by":"Gremlin Leader","ascension_level":8}