{"gold_per_floor":[116,116,129,129,195,227,247,275,321,321,332,332,3,34,34,113,113,93,93,93,108,108,133,145,174,174,194,194,213,213,213,213,213],"floor_reached":33,"playtime":1283,"items_purged":["Strike_G"],"score":561,"play_id":"d62ada02-68a6-483d-926d-dd4ab7378c4c","local_time":"20190330175848","is_ascension_mode":true,"campfire_choices":[{"data":"Glass Knife","floor":10,"key":"SMITH"},{"data":"Neutralize","floor":12,"key":"SMITH"},{"data":"Sucker Punch","floor":15,"key":"SMITH"},{"floor":28,"key":"REST"},{"data":"RitualDagger","floor":30,"key":"SMITH"},{"floor":32,"key":"REST"}],"neow_cost":"NONE","seed_source_timestamp":864464424694535,"circlet_count":0,"master_deck":["AscendersBane","Defend_G","Defend_G+1","Defend_G","Defend_G","Defend_G","Strike_G","Strike_G","Strike_G+1","Strike_G","Survivor","Neutralize+1","Predator","Sucker Punch+1","Glass Knife+1","Dodge and Roll","Deflect","Escape Plan","Backstab","Adrenaline","Deflect","Dagger Spray","Well Laid Plans+1","Flying Knee","Terror","RitualDagger+1","Bouncing Flask+1","Dagger Spray+1"],"relics":["Ring of the Snake","NeowsBlessing","Meat on the Bone","Happy Flower","Art of War","Frozen Egg 2","Mummified Hand","Orrery","Letter Opener","Question Card","Molten Egg 2","MutagenicStrength"],"potions_floor_usage":[8,8,21,22,25,25,33],"damage_taken":[{"damage":0,"enemies":"Small Slimes","floor":1,"turns":1},{"damage":0,"enemies":"2 Louse","floor":3,"turns":1},{"damage":0,"enemies":"3 Sentries","floor":6,"turns":1},{"damage":4,"enemies":"Jaw Worm","floor":7,"turns":4},{"damage":33,"enemies":"Lagavulin","floor":8,"turns":8},{"damage":3,"enemies":"2 Fungi Beasts","floor":11,"turns":4},{"damage":7,"enemies":"Gremlin Nob","floor":14,"turns":4},{"damage":30,"enemies":"The Guardian","floor":16,"turns":23},{"damage":11,"enemies":"2 Thieves","floor":18,"turns":4},{"damage":5,"enemies":"Shell Parasite","floor":21,"turns":4},{"damage":0,"enemies":"Sentry and Sphere","floor":22,"turns":3},{"damage":19,"enemies":"Slavers","floor":23,"turns":7},{"damage":11,"enemies":"Centurion and Healer","floor":24,"turns":6},{"damage":22,"enemies":"Book of Stabbing","floor":25,"turns":4},{"damage":23,"enemies":"Snecko","floor":27,"turns":6},{"damage":0,"enemies":"Chosen and Byrds","floor":29,"turns":4},{"damage":80,"enemies":"Collector","floor":33,"turns":7}],"seed_played":"-7581540595240487427","potions_obtained":[{"floor":1,"key":"Weak Potion"},{"floor":6,"key":"Regen Potion"},{"floor":11,"key":"SmokeBomb"},{"floor":14,"key":"SpeedPotion"},{"floor":21,"key":"GamblersBrew"},{"floor":24,"key":"GhostInAJar"},{"floor":27,"key":"FearPotion"},{"floor":29,"key":"GamblersBrew"}],"is_trial":false,"path_per_floor":["M","?","M","$","?","E","M","E","T","R","M","R","$","E","R","B",null,"M","?","$","M","M","E","M","E","T","M","R","M","R","?","R","B"],"character_chosen":"THE_SILENT","items_purchased":["Frozen Egg 2"],"campfire_rested":2,"item_purchase_floors":[13],"current_hp_per_floor":[59,46,46,46,46,46,42,36,36,36,45,45,45,38,38,20,55,44,38,38,45,45,38,39,29,29,18,37,37,37,37,56,0],"gold":213,"neow_bonus":"THREE_ENEMY_KILL","is_prod":false,"is_daily":false,"chose_seed":false,"campfire_upgraded":4,"win_rate":0,"timestamp":1553983128,"path_taken":["M","?","M","$","?","E","M","E","T","R","M","R","$","E","R","BOSS","M","?","$","M","M","E","M","E","T","M","R","M","R","?","R","BOSS"],"build_version":"2019-01-23","purchased_purges":1,"victory":false,"max_hp_per_floor":[66,66,66,66,66,66,66,66,66,66,66,66,66,66,66,66,66,66,66,66,66,66,66,66,66,66,66,66,66,66,66,66,66],"card_choices":[{"not_picked":["Tactician","Blade Dance"],"picked":"Predator","floor":1},{"not_picked":["Dagger Throw","Tactician"],"picked":"Sucker Punch","floor":3},{"not_picked":["Slice","Endless Agony"],"picked":"Glass Knife","floor":6},{"not_picked":["Concentrate","Sucker Punch"],"picked":"Dodge and Roll","floor":7},{"not_picked":["Eviscerate","Blade Dance"],"picked":"Deflect","floor":8},{"not_picked":["PiercingWail","Endless Agony"],"picked":"Escape Plan","floor":11},{"not_picked":["Reflex","Dagger Throw"],"picked":"Backstab","floor":14},{"not_picked":["Wraith Form v2+1","Grand Finale"],"picked":"Adrenaline","floor":16},{"not_picked":["Deadly Poison","Outmaneuver"],"picked":"Deflect","floor":17},{"not_picked":["PiercingWail","Deadly Poison"],"picked":"Dagger Spray","floor":17},{"not_picked":["Poisoned Stab","Dodge and Roll"],"picked":"Well Laid Plans+1","floor":17},{"not_picked":["Sucker Punch","Blade Dance"],"picked":"Flying Knee","floor":17},{"not_picked":["Flying Knee","Storm of Steel"],"picked":"Terror","floor":18},{"not_picked":["Setup","Underhanded Strike","Blade Dance"],"picked":"SKIP","floor":21},{"not_picked":["Night Terror","Prepared"],"picked":"Bouncing Flask+1","floor":23},{"not_picked":["Distraction","Prepared","Poisoned Stab"],"picked":"SKIP","floor":24},{"not_picked":["Skewer","Dodge and Roll","Dagger Spray"],"picked":"SKIP","floor":25},{"not_picked":["Deflect","Underhanded Strike+1","Dodge and Roll"],"picked":"Dagger Spray+1","floor":27},{"not_picked":["Dagger Spray+1","Outmaneuver","Cloak And Dagger","Catalyst"],"picked":"SKIP","floor":29}],"player_experience":481960,"relics_obtained":[{"floor":6,"key":"Meat on the Bone"},{"floor":8,"key":"Happy Flower"},{"floor":9,"key":"Art of War"},{"floor":14,"key":"Mummified Hand"},{"floor":23,"key":"Letter Opener"},{"floor":25,"key":"Question Card"},{"floor":26,"key":"Molten Egg 2"}],"event_choices":[{"damage_healed":0,"gold_gain":0,"player_choice":"Entered Light","damage_taken":13,"max_hp_gain":0,"max_hp_loss":0,"event_name":"Shining Light","floor":2,"gold_loss":0,"cards_upgraded":["Strike_G","Defend_G"]},{"damage_healed":0,"gold_gain":66,"player_choice":"Gained Gold","damage_taken":0,"max_hp_gain":0,"max_hp_loss":0,"event_name":"Golden Wing","floor":5,"gold_loss":0},{"damage_healed":0,"gold_gain":0,"player_choice":"Joined the Cult","damage_taken":6,"max_hp_gain":0,"max_hp_loss":0,"event_name":"Nest","floor":19,"gold_loss":0,"cards_obtained":["RitualDagger"]},{"damage_healed":0,"gold_gain":0,"player_choice":"Inject Mutagens","damage_taken":0,"relics_obtained":["MutagenicStrength"],"max_hp_gain":0,"max_hp_loss":0,"event_name":"Drug Dealer","floor":31,"gold_loss":0}],"is_beta":false,"boss_relics":[{"not_picked":["HoveringKite","Coffee Dripper"],"picked":"Orrery"}],"items_purged_floors":[13],"is_endless":false,"potions_floor_spawned":[1,6,11,14,21,24,27,29],"killed_by":"Collector","ascension_level":14}