{"gold_per_floor":[109,59,10,22,22,55,55,72,72,89,164,164,197,208,208,312,312,330,330,330,344,344,377,377,389,389,408,428,453,453],"floor_reached":30,"playtime":1248,"items_purged":[],"score":330,"play_id":"4ec5a34e-258c-4fd6-80dc-78a976bfd805","local_time":"20190629034217","is_ascension_mode":false,"campfire_choices":[{"data":"Noxious Fumes","floor":7,"key":"SMITH"},{"data":"Blur","floor":12,"key":"SMITH"},{"data":"Survivor","floor":15,"key":"SMITH"}],"neow_cost":"NONE","seed_source_timestamp":1050920466075148,"circlet_count":0,"master_deck":["Defend_G","Defend_G+1","Defend_G+1","Defend_G","Defend_G","Strike_G","Strike_G","Survivor+1","Neutralize","Blade Dance","Noxious Fumes+1","Dash","Endless Agony","Blur+1","Dash","Predator","Corpse Explosion","Dash","Dodge and Roll","Deflect","Poisoned Stab","Noxious Fumes","Dash+1","Masterful Stab","Adrenaline","Noxious Fumes+1","Dash","Finisher","Poisoned Stab+1","Deflect+1"],"relics":["Ring of the Snake","NeowsBlessing","Darkstone Periapt","War Paint","Mercury Hourglass","Orrery","Tough Bandages","Nilry\u0027s Codex","Orichalcum","Regal Pillow"],"potions_floor_usage":[16,16,18,25,27,28,29,29],"damage_taken":[{"damage":0,"enemies":"Small Slimes","floor":1,"turns":1},{"damage":0,"enemies":"Jaw Worm","floor":4,"turns":1},{"damage":0,"enemies":"Lagavulin","floor":6,"turns":1},{"damage":2,"enemies":"2 Louse","floor":8,"turns":3},{"damage":1,"enemies":"2 Fungi Beasts","floor":10,"turns":4},{"damage":29,"enemies":"Gremlin Nob","floor":13,"turns":5},{"damage":0,"enemies":"3 Louse","floor":14,"turns":3},{"damage":23,"enemies":"Slime Boss","floor":16,"turns":9},{"damage":5,"enemies":"Chosen","floor":18,"turns":6},{"damage":2,"enemies":"Shell Parasite","floor":21,"turns":5},{"damage":21,"enemies":"Gremlin Leader","floor":23,"turns":7},{"damage":0,"enemies":"3 Cultists","floor":25,"turns":4},{"damage":17,"enemies":"Snake Plant","floor":27,"turns":5},{"damage":7,"enemies":"Shelled Parasite and Fungi","floor":28,"turns":7},{"damage":9,"enemies":"Book of Stabbing","floor":29,"turns":6},{"damage":16,"enemies":"3 Cultists","floor":30,"turns":4}],"seed_played":"4002314723667425316","potions_obtained":[{"floor":6,"key":"Ancient Potion"},{"floor":13,"key":"Poison Potion"},{"floor":16,"key":"Block Potion"},{"floor":18,"key":"SkillPotion"},{"floor":23,"key":"Dexterity Potion"},{"floor":25,"key":"Energy Potion"},{"floor":27,"key":"Weak Potion"}],"is_trial":false,"path_per_floor":["M","?","$","M","?","E","R","M","T","M","?","R","E","M","R","B",null,"M","?","?","M","?","E","?","M","T","M","M","E","M"],"character_chosen":"THE_SILENT","items_purchased":["Strength Potion"],"campfire_rested":0,"item_purchase_floors":[3],"current_hp_per_floor":[70,70,70,70,75,75,75,73,73,72,61,61,32,32,32,9,75,70,56,56,54,80,59,43,43,43,26,19,10,0],"gold":453,"neow_bonus":"THREE_ENEMY_KILL","is_prod":false,"is_daily":false,"chose_seed":false,"campfire_upgraded":3,"win_rate":0.0,"timestamp":1561804937,"path_taken":["M","?","$","M","?","E","R","M","T","M","?","R","E","M","R","BOSS","M","?","?","M","?","E","?","M","T","M","M","E","M"],"build_version":"2019-01-23","purchased_purges":0,"victory":false,"max_hp_per_floor":[70,70,70,70,75,75,75,75,75,75,75,75,75,75,75,75,75,75,80,80,80,80,80,80,80,80,80,80,80,80],"card_choices":[{"not_picked":["Outmaneuver","Catalyst"],"picked":"Blade Dance","floor":1},{"not_picked":["Sucker Punch","Poisoned Stab"],"picked":"Noxious Fumes","floor":4},{"not_picked":["PiercingWail","Bane"],"picked":"Dash","floor":6},{"not_picked":["Flying Knee","Flechettes"],"picked":"Endless Agony","floor":8},{"not_picked":["Deflect","Prepared"],"picked":"Blur","floor":10},{"not_picked":["Masterful Stab","Slice"],"picked":"Dash","floor":13},{"not_picked":["Underhanded Strike","Sucker Punch"],"picked":"Predator","floor":14},{"not_picked":["Venomology","Phantasmal Killer"],"picked":"Corpse Explosion","floor":16},{"not_picked":["Backflip","Flechettes"],"picked":"Dash","floor":17},{"not_picked":["Acrobatics","Flying Knee"],"picked":"Dodge and Roll","floor":17},{"not_picked":["Flying Knee","Crippling Poison"],"picked":"Deflect","floor":17},{"not_picked":["Underhanded Strike","Calculated Gamble"],"picked":"Poisoned Stab","floor":17},{"not_picked":["Backstab","Escape Plan"],"picked":"Noxious Fumes","floor":17},{"not_picked":["Prepared","Blade Dance+1"],"picked":"Dash+1","floor":18},{"not_picked":["Leg Sweep","Corpse Explosion"],"picked":"Noxious Fumes+1","floor":21},{"not_picked":["Doppelganger","Crippling Poison"],"picked":"Dash","floor":23},{"not_picked":["Dagger Throw","Deflect"],"picked":"Finisher","floor":25},{"not_picked":["Deadly Poison+1","Dagger Throw"],"picked":"Poisoned Stab+1","floor":27},{"not_picked":["Dodge and Roll","Terror"],"picked":"Deflect+1","floor":28},{"not_picked":["Distraction","Skewer","Bouncing Flask"],"picked":"SKIP","floor":29}],"player_experience":29496,"relics_obtained":[{"floor":6,"key":"Darkstone Periapt"},{"floor":9,"key":"War Paint"},{"floor":13,"key":"Mercury Hourglass"},{"floor":23,"key":"Tough Bandages"},{"floor":24,"key":"Nilry\u0027s Codex"},{"floor":26,"key":"Orichalcum"},{"floor":29,"key":"Regal Pillow"}],"event_choices":[{"cards_removed":["Strike_G"],"damage_healed":0,"gold_gain":0,"player_choice":"Card Removal","damage_taken":0,"max_hp_gain":0,"max_hp_loss":0,"event_name":"The Cleric","floor":2,"gold_loss":50},{"damage_healed":0,"gold_gain":0,"player_choice":"Donut","damage_taken":0,"max_hp_gain":5,"max_hp_loss":0,"event_name":"Big Fish","floor":5,"gold_loss":0},{"damage_healed":0,"gold_gain":75,"player_choice":"Gather Gold","damage_taken":11,"max_hp_gain":0,"max_hp_loss":0,"event_name":"World of Goop","floor":11,"gold_loss":0},{"damage_healed":0,"gold_gain":0,"player_choice":"Shed Blood","damage_taken":19,"max_hp_gain":5,"max_hp_loss":0,"event_name":"Forgotten Altar","floor":19,"gold_loss":0},{"damage_healed":0,"gold_gain":0,"cards_transformed":["Strike_G","Strike_G"],"player_choice":"Became Test Subject","damage_taken":0,"max_hp_gain":0,"max_hp_loss":0,"event_name":"Drug Dealer","floor":20,"gold_loss":0,"cards_obtained":["Masterful Stab","Adrenaline"]},{"damage_healed":26,"gold_gain":0,"player_choice":"Heal","damage_taken":0,"max_hp_gain":0,"max_hp_loss":0,"event_name":"The Library","floor":22,"gold_loss":0},{"damage_healed":0,"gold_gain":0,"player_choice":"Obtained Book","damage_taken":16,"max_hp_gain":0,"max_hp_loss":0,"event_name":"Cursed Tome","floor":24,"gold_loss":0}],"is_beta":false,"boss_relics":[{"not_picked":["Coffee Dripper","Ectoplasm"],"picked":"Orrery"}],"items_purged_floors":[],"is_endless":false,"potions_floor_spawned":[6,13,14,16,18,23,25,27],"killed_by":"3 Cultists","ascension_level":0}