{"gold_per_floor":[126,138,150,182,208,261,273,320,332,31,46,71,1,14,14,14],"floor_reached":16,"playtime":660,"items_purged":["Strike_B"],"score":102,"play_id":"fe5f1ce8-b249-4bc5-8916-de20812007b4","local_time":"20190418221237","is_ascension_mode":false,"campfire_choices":[{"floor":7,"key":"REST"},{"data":"All For One","floor":15,"key":"SMITH"}],"neow_cost":"NONE","seed_source_timestamp":766427766070982,"circlet_count":0,"master_deck":["Strike_B","Strike_B","Strike_B","Defend_B","Defend_B","Defend_B","Defend_B","Zap","Dualcast","Conserve Battery","Gash","Go for the Eyes","All For One+1","Beam Cell","Cold Snap","Capacitor+1","Reinforced Body"],"relics":["Cracked Core","MawBank","Golden Idol","Ginger","Odd Mushroom","Emotion Chip","Frozen Egg 2"],"potions_floor_usage":[6,6,8,16],"damage_taken":[{"damage":0,"enemies":"Small Slimes","floor":1,"turns":3},{"damage":1,"enemies":"Jaw Worm","floor":4,"turns":4},{"damage":0,"enemies":"Cultist","floor":5,"turns":3},{"damage":32,"enemies":"Gremlin Nob","floor":6,"turns":4},{"damage":15,"enemies":"The Mushroom Lair","floor":8,"turns":4},{"damage":0,"enemies":"Blue Slaver","floor":11,"turns":3},{"damage":0,"enemies":"Exordium Thugs","floor":12,"turns":3},{"damage":2,"enemies":"Red Slaver","floor":14,"turns":3},{"damage":30,"enemies":"The Guardian","floor":16,"turns":10}],"seed_played":"-1361295344202232292","potions_obtained":[{"floor":1,"key":"GamblersBrew"},{"floor":3,"key":"SpeedPotion"},{"floor":3,"key":"FearPotion"},{"floor":3,"key":"AttackPotion"},{"floor":8,"key":"AttackPotion"}],"is_trial":false,"path_per_floor":["M","?","?","M","M","E","R","?","T","$","M","M","$","M","R","B"],"character_chosen":"DEFECT","items_purchased":["Frozen Egg 2","Capacitor+1"],"campfire_rested":1,"item_purchase_floors":[10,13],"current_hp_per_floor":[75,57,57,56,56,24,46,31,31,31,31,31,31,29,29,0],"gold":14,"neow_bonus":"RANDOM_COMMON_RELIC","is_prod":false,"is_daily":false,"chose_seed":false,"campfire_upgraded":1,"win_rate":0,"timestamp":1555639957,"path_taken":["M","?","?","M","?","E","R","?","T","?","M","M","$","M","R","BOSS"],"build_version":"2019-01-23","purchased_purges":1,"victory":false,"max_hp_per_floor":[75,75,75,75,75,75,75,75,75,75,75,75,75,75,75,75],"card_choices":[{"not_picked":["Steam Power","Hologram"],"picked":"Conserve Battery","floor":1},{"not_picked":["Steam","Rip and Tear"],"picked":"Gash","floor":4},{"not_picked":["Rebound","Streamline"],"picked":"Go for the Eyes","floor":5},{"not_picked":["Rip and Tear","Skim","Genetic Algorithm"],"picked":"SKIP","floor":6},{"not_picked":["Conserve Battery","Force Field"],"picked":"All For One","floor":8},{"not_picked":["Barrage","Turbo"],"picked":"Beam Cell","floor":11},{"not_picked":["Skim","Rebound"],"picked":"Cold Snap","floor":12},{"not_picked":["Steam","Sweeping Beam"],"picked":"Reinforced Body","floor":14}],"player_experience":610523,"relics_obtained":[{"floor":6,"key":"Ginger"},{"floor":8,"key":"Odd Mushroom"},{"floor":9,"key":"Emotion Chip"}],"event_choices":[{"damage_healed":0,"gold_gain":0,"player_choice":"Take Damage","damage_taken":18,"relics_obtained":["Golden Idol"],"max_hp_gain":0,"max_hp_loss":0,"event_name":"Golden Idol","floor":2,"gold_loss":0},{"damage_healed":0,"gold_gain":0,"player_choice":"Got Potions","damage_taken":0,"max_hp_gain":0,"max_hp_loss":0,"event_name":"Lab","floor":3,"gold_loss":0},{"damage_healed":0,"gold_gain":0,"player_choice":"Fought Mushrooms","damage_taken":0,"max_hp_gain":0,"max_hp_loss":0,"event_name":"Mushrooms","floor":8,"gold_loss":0}],"is_beta":false,"boss_relics":[],"items_purged_floors":[10],"is_endless":false,"potions_floor_spawned":[1,8],"killed_by":"The Guardian","ascension_level":0}