{"gold_per_floor":[110,121,46,46,60,60,80,111,111,126,139,139,170,185,185,185],"floor_reached":16,"playtime":601,"items_purged":[],"score":228,"play_id":"11bfbb43-9fa1-45ee-bb30-3e25f25367d6","local_time":"20190606223551","is_ascension_mode":true,"campfire_choices":[{"data":"Adrenaline","floor":6,"key":"SMITH"},{"floor":12,"key":"REST"},{"floor":15,"key":"REST"}],"neow_cost":"NONE","seed_source_timestamp":253747555356065,"circlet_count":0,"master_deck":["AscendersBane","Defend_G","Defend_G","Defend_G","Defend_G","Defend_G","Strike_G","Strike_G","Strike_G","Strike_G","Survivor","Neutralize","Deadly Poison","Dagger Spray","Adrenaline+1","Backstab","Night Terror","Caltrops","Dodge and Roll","Cloak And Dagger"],"relics":["Ring of the Snake","PreservedInsect","Smiling Mask","Mummified Hand","Shuriken","Calipers"],"potions_floor_usage":[7,14,16,16],"damage_taken":[{"damage":1,"enemies":"2 Louse","floor":1,"turns":4},{"damage":12,"enemies":"Small Slimes","floor":2,"turns":5},{"damage":0,"enemies":"Cultist","floor":5,"turns":3},{"damage":0,"enemies":"Lots of Slimes","floor":7,"turns":2},{"damage":25,"enemies":"Lagavulin","floor":8,"turns":5},{"damage":1,"enemies":"Looter","floor":10,"turns":3},{"damage":5,"enemies":"3 Louse","floor":11,"turns":3},{"damage":11,"enemies":"Gremlin Nob","floor":13,"turns":3},{"damage":11,"enemies":"Gremlin Gang","floor":14,"turns":4},{"damage":24,"enemies":"The Guardian","floor":16,"turns":6}],"seed_played":"-8711779336398829885","potions_obtained":[{"floor":2,"key":"AttackPotion"},{"floor":7,"key":"LiquidBronze"},{"floor":13,"key":"Weak Potion"},{"floor":14,"key":"PowerPotion"}],"is_trial":false,"path_per_floor":["M","M","?","?","M","R","M","E","T","M","M","R","E","M","R","B"],"character_chosen":"THE_SILENT","items_purchased":[],"campfire_rested":2,"item_purchase_floors":[],"current_hp_per_floor":[58,46,46,35,35,35,35,10,10,9,4,23,12,1,20,0],"gold":185,"neow_bonus":"RANDOM_COMMON_RELIC","is_prod":false,"is_daily":false,"chose_seed":false,"campfire_upgraded":1,"win_rate":0,"timestamp":1559874951,"path_taken":["M","M","?","?","M","R","M","E","T","M","M","R","E","M","R","BOSS"],"build_version":"2019-01-23","purchased_purges":0,"victory":false,"max_hp_per_floor":[66,66,66,66,66,66,66,66,66,66,66,66,66,66,66,66],"card_choices":[{"not_picked":["Acrobatics","Bane"],"picked":"Deadly Poison","floor":1},{"not_picked":["Deadly Poison","Accuracy"],"picked":"Dagger Spray","floor":2},{"not_picked":["Acrobatics","Prepared"],"picked":"Adrenaline","floor":5},{"not_picked":["Concentrate","Dagger Spray"],"picked":"Backstab","floor":7},{"not_picked":["Bane","Riddle With Holes"],"picked":"Night Terror","floor":8},{"not_picked":["Predator","PiercingWail"],"picked":"Caltrops","floor":10},{"not_picked":["All Out Attack","Setup","Quick Slash"],"picked":"SKIP","floor":11},{"not_picked":["Storm of Steel","Acrobatics"],"picked":"Dodge and Roll","floor":13},{"not_picked":["Masterful Stab","Eviscerate"],"picked":"Cloak And Dagger","floor":14}],"player_experience":851622,"relics_obtained":[{"floor":8,"key":"Mummified Hand"},{"floor":9,"key":"Shuriken"},{"floor":13,"key":"Calipers"}],"event_choices":[{"cards_removed":["Strike_G"],"damage_healed":0,"gold_gain":0,"player_choice":"Card Removal","damage_taken":0,"max_hp_gain":0,"max_hp_loss":0,"event_name":"The Cleric","floor":3,"gold_loss":75},{"damage_healed":0,"gold_gain":0,"player_choice":"Success","damage_taken":11,"relics_obtained":["Smiling Mask"],"max_hp_gain":0,"max_hp_loss":0,"event_name":"Scrap Ooze","floor":4,"gold_loss":0}],"is_beta":false,"boss_relics":[],"items_purged_floors":[],"is_endless":false,"potions_floor_spawned":[2,7,13,14],"killed_by":"The Guardian","ascension_level":20}