{"gold_per_floor":[14,31,31,50,62,62,93,93,120,120,154,169,169,169,169,266,266,246,97,109,109,129,162,175,175,198,168,23,35,35,52,52,52],"floor_reached":33,"playtime":2060,"items_purged":["Decay"],"score":277,"play_id":"9100236f-067a-45a4-9385-446d71b18d26","local_time":"20190514002135","is_ascension_mode":false,"campfire_choices":[{"data":"Bash","floor":6,"key":"SMITH"},{"data":"Shrug It Off","floor":8,"key":"SMITH"},{"data":"Defend_R","floor":10,"key":"SMITH"},{"floor":13,"key":"REST"},{"data":"Defend_R","floor":15,"key":"SMITH"},{"floor":30,"key":"REST"},{"floor":32,"key":"REST"}],"neow_cost":"NO_GOLD","seed_source_timestamp":40353342958749,"circlet_count":0,"master_deck":["Strike_R+1","Strike_R+1","Strike_R+1","Defend_R+1","Defend_R+1","Defend_R+1","Defend_R+1","Bash+1","Dropkick","Headbutt","Shrug It Off+1","Cleave","Bludgeon","Evolve","Shockwave","Iron Wave+1","Dropkick","Headbutt+1"],"relics":["Burning Blood","Du-Vu Doll","Red Skull","Potion Belt","Anchor","Empty Cage","PreservedInsect","Smiling Mask","Regal Pillow"],"potions_floor_usage":[5,7,11,15,23,23,23,23,23,23,23,24,24,24,29,33,33,33],"damage_taken":[{"damage":6,"enemies":"2 Louse","floor":1,"turns":3},{"damage":6,"enemies":"Cultist","floor":2,"turns":3},{"damage":6,"enemies":"Jaw Worm","floor":4,"turns":3},{"damage":2,"enemies":"Blue Slaver","floor":5,"turns":3},{"damage":26,"enemies":"Lagavulin","floor":7,"turns":8},{"damage":27,"enemies":"3 Sentries","floor":11,"turns":9},{"damage":2,"enemies":"Large Slime","floor":12,"turns":4},{"damage":62,"enemies":"Hexaghost","floor":16,"turns":12},{"damage":10,"enemies":"2 Thieves","floor":18,"turns":4},{"damage":12,"enemies":"Chosen","floor":20,"turns":7},{"damage":44,"enemies":"3 Cultists","floor":22,"turns":7},{"damage":7,"enemies":"Book of Stabbing","floor":23,"turns":5},{"damage":34,"enemies":"Sentry and Sphere","floor":24,"turns":10},{"damage":0,"enemies":"Snake Plant","floor":29,"turns":3},{"damage":26,"enemies":"Centurion and Healer","floor":31,"turns":7},{"damage":110,"enemies":"Automaton","floor":33,"turns":12}],"seed_played":"5890063689503311010","potions_obtained":[{"floor":1,"key":"Energy Potion"},{"floor":4,"key":"SpeedPotion"},{"floor":7,"key":"Swift Potion"},{"floor":12,"key":"Fruit Juice"},{"floor":20,"key":"SteroidPotion"},{"floor":22,"key":"EntropicBrew"},{"floor":23,"key":"SpeedPotion"},{"floor":27,"key":"AttackPotion"},{"floor":27,"key":"SneckoOil"},{"floor":31,"key":"SteroidPotion"}],"is_trial":false,"path_per_floor":["M","M","?","M","M","R","E","R","T","R","E","M","R","?","R","B",null,"M","$","M","?","M","E","M","?","T","?","$","M","R","M","R","B"],"character_chosen":"IRONCLAD","items_purchased":["Shockwave","Regal Pillow"],"campfire_rested":3,"item_purchase_floors":[19,28],"current_hp_per_floor":[80,80,80,80,80,80,60,60,60,60,39,43,67,67,72,16,85,81,81,75,75,37,44,16,16,16,16,16,22,62,42,82,0],"gold":52,"neow_bonus":"ONE_RARE_RELIC","is_prod":false,"is_daily":false,"chose_seed":false,"campfire_upgraded":4,"win_rate":0,"timestamp":1557818495,"path_taken":["M","M","?","M","?","R","E","R","T","R","E","M","R","?","R","BOSS","M","$","M","?","M","E","M","?","T","?","$","M","R","M","R","BOSS"],"build_version":"2019-01-23","purchased_purges":1,"victory":false,"max_hp_per_floor":[80,80,80,80,80,80,80,80,80,80,80,80,80,80,85,85,85,85,85,85,85,85,85,85,85,85,85,85,85,85,85,85,85],"card_choices":[{"not_picked":["Ghostly Armor","Feel No Pain"],"picked":"Dropkick","floor":1},{"not_picked":["Spot Weakness","Body Slam","Metallicize"],"picked":"SKIP","floor":2},{"not_picked":["Clothesline","Cleave"],"picked":"Headbutt","floor":4},{"not_picked":["Warcry","Burning Pact"],"picked":"Shrug It Off","floor":5},{"not_picked":["Sword Boomerang","Shrug It Off","Metallicize"],"picked":"SKIP","floor":7},{"not_picked":["Wild Strike","Perfected Strike","Clash"],"picked":"SKIP","floor":11},{"not_picked":["Feed","Rupture"],"picked":"Cleave","floor":12},{"not_picked":["Demon Form","Exhume"],"picked":"Bludgeon","floor":16},{"not_picked":["True Grit","Clash"],"picked":"Evolve","floor":18},{"not_picked":["True Grit","Burning Pact","Headbutt"],"picked":"SKIP","floor":20},{"not_picked":["Shrug It Off","Sword Boomerang"],"picked":"Iron Wave+1","floor":22},{"not_picked":["Double Tap","Ghostly Armor","Twin Strike"],"picked":"SKIP","floor":23},{"not_picked":["Rampage","Disarm"],"picked":"Dropkick","floor":24},{"not_picked":["Perfected Strike","Iron Wave","Armaments+1"],"picked":"SKIP","floor":29},{"not_picked":["Wild Strike","Pummel"],"picked":"Headbutt+1","floor":31}],"player_experience":187530,"relics_obtained":[{"floor":7,"key":"Red Skull"},{"floor":9,"key":"Potion Belt"},{"floor":11,"key":"Anchor"},{"floor":23,"key":"PreservedInsect"},{"floor":26,"key":"Smiling Mask"}],"event_choices":[{"damage_healed":0,"gold_gain":0,"player_choice":"Cursed","damage_taken":0,"max_hp_gain":0,"max_hp_loss":0,"event_name":"Wheel of Change","floor":3,"gold_loss":0,"cards_obtained":["Decay"]},{"damage_healed":0,"gold_gain":0,"player_choice":"Ignored","damage_taken":0,"max_hp_gain":0,"max_hp_loss":0,"event_name":"Liars Game","floor":14,"gold_loss":0},{"damage_healed":0,"gold_gain":0,"player_choice":"Ignored","damage_taken":0,"max_hp_gain":0,"max_hp_loss":0,"event_name":"Vampires","floor":21,"gold_loss":0},{"damage_healed":0,"gold_gain":0,"player_choice":"Simplicity","damage_taken":0,"max_hp_gain":0,"max_hp_loss":0,"event_name":"Back to Basics","floor":25,"gold_loss":0,"cards_upgraded":["Strike_R","Strike_R","Strike_R","Defend_R","Defend_R"]},{"damage_healed":0,"gold_gain":0,"player_choice":"Bought 2 Potions","damage_taken":0,"max_hp_gain":0,"max_hp_loss":0,"event_name":"The Woman in Blue","floor":27,"gold_loss":0}],"is_beta":false,"boss_relics":[{"not_picked":["Runic Cube","Busted Crown"],"picked":"Empty Cage"}],"items_purged_floors":[19],"is_endless":false,"potions_floor_spawned":[1,4,7,12,20,22,23,31],"killed_by":"Automaton","ascension_level":0}