{"gold_per_floor":[110,127,87,8,22,52,52,70,121,121,149,167,167,179,179,277,277,289,49,49,66,66,94,94,94,118,118,130,168,191,233,245,257],"floor_reached":33,"playtime":2788,"items_purged":[],"score":425,"play_id":"8f275263-87c6-4ba8-b7fd-60f6f40bc03b","local_time":"20190702185026","is_ascension_mode":true,"campfire_choices":[{"data":"Corruption","floor":7,"key":"SMITH"},{"floor":10,"key":"REST"},{"floor":15,"key":"REST"},{"floor":24,"key":"REST"},{"data":"Searing Blow","floor":28,"key":"SMITH"},{"floor":32,"key":"REST"}],"neow_cost":"NONE","seed_source_timestamp":262591253609600,"circlet_count":0,"master_deck":["Strike_R","Strike_R","Strike_R","Defend_R","Defend_R","Defend_R","Defend_R","Bash","Spot Weakness","Whirlwind","Inflame","Battle Trance","Corruption+1","Shrug It Off","Double Tap","Inflame","Searing Blow+1","Dark Embrace","Disarm+1","Warcry","Sentinel","Clash+1","Disarm"],"relics":["Burning Blood","Question Card","Happy Flower","Bronze Scales","Ancient Tea Set","Empty Cage","Ornamental Fan","Incense Burner","Mummified Hand","MawBank","Gremlin Horn","Red Mask"],"potions_floor_usage":[5,6,11,16,16,18,23],"damage_taken":[{"damage":10,"enemies":"Cultist","floor":1,"turns":5},{"damage":3,"enemies":"Small Slimes","floor":2,"turns":3},{"damage":2,"enemies":"2 Louse","floor":5,"turns":3},{"damage":25,"enemies":"Lagavulin","floor":6,"turns":4},{"damage":15,"enemies":"Large Slime","floor":8,"turns":4},{"damage":27,"enemies":"3 Sentries","floor":11,"turns":6},{"damage":22,"enemies":"2 Fungi Beasts","floor":12,"turns":4},{"damage":4,"enemies":"Lots of Slimes","floor":14,"turns":3},{"damage":26,"enemies":"Slime Boss","floor":16,"turns":8},{"damage":15,"enemies":"Spheric Guardian","floor":18,"turns":5},{"damage":8,"enemies":"Shell Parasite","floor":21,"turns":4},{"damage":29,"enemies":"Gremlin Leader","floor":23,"turns":6},{"damage":18,"enemies":"Book of Stabbing","floor":29,"turns":4},{"damage":21,"enemies":"Snake Plant","floor":30,"turns":4},{"damage":23,"enemies":"Masked Bandits","floor":31,"turns":3},{"damage":92,"enemies":"Automaton","floor":33,"turns":8}],"seed_played":"-8445324520694081719","potions_obtained":[{"floor":3,"key":"Swift Potion"},{"floor":3,"key":"SteroidPotion"},{"floor":3,"key":"PowerPotion"},{"floor":6,"key":"Strength Potion"},{"floor":8,"key":"FairyPotion"},{"floor":11,"key":"Energy Potion"},{"floor":16,"key":"AttackPotion"},{"floor":21,"key":"SkillPotion"},{"floor":23,"key":"Poison Potion"}],"is_trial":false,"path_per_floor":["M","M","?","$","M","E","R","M","T","R","E","M","?","M","R","B",null,"M","$","?","M","?","E","R","?","T","?","R","E","M","?","R","B"],"character_chosen":"IRONCLAD","items_purchased":["Inflame","Ornamental Fan"],"campfire_rested":4,"item_purchase_floors":[4,19],"current_hp_per_floor":[76,79,79,79,83,64,64,55,55,81,60,44,32,34,60,40,76,67,67,50,48,48,25,52,52,52,52,52,40,25,8,35,0],"gold":257,"neow_bonus":"TEN_PERCENT_HP_BONUS","is_prod":false,"is_daily":false,"chose_seed":false,"campfire_upgraded":2,"win_rate":0,"timestamp":1562089826,"path_taken":["M","M","?","$","?","E","R","?","T","R","E","?","?","M","R","BOSS","M","$","?","M","?","E","R","?","T","?","R","E","?","?","R","BOSS"],"build_version":"2019-07-01","purchased_purges":0,"victory":false,"max_hp_per_floor":[88,88,88,88,88,88,88,88,88,88,88,88,88,88,88,88,88,88,88,93,93,93,93,93,93,93,93,93,93,93,93,93,93],"card_choices":[{"not_picked":["Clothesline","Power Through"],"picked":"Spot Weakness","floor":1},{"not_picked":["Headbutt","Wild Strike"],"picked":"Whirlwind","floor":2},{"not_picked":["Warcry","True Grit"],"picked":"Battle Trance","floor":5},{"not_picked":["Inflame","Infernal Blade"],"picked":"Corruption","floor":6},{"not_picked":["Spot Weakness","Pommel Strike","Anger"],"picked":"Shrug It Off","floor":8},{"not_picked":["Twin Strike","Body Slam","Intimidate"],"picked":"Double Tap","floor":11},{"not_picked":["Rage","Armaments","Heavy Blade"],"picked":"Inflame","floor":12},{"not_picked":["Bloodletting","Wild Strike","Armaments"],"picked":"Searing Blow","floor":14},{"not_picked":["Limit Break","Berserk","Bludgeon"],"picked":"Dark Embrace","floor":16},{"not_picked":["Perfected Strike","Entrench","Flex"],"picked":"Disarm+1","floor":18},{"not_picked":["Anger","Headbutt","Corruption"],"picked":"Warcry","floor":21},{"not_picked":["Wild Strike+1","Whirlwind","Sword Boomerang+1"],"picked":"Sentinel","floor":23},{"not_picked":["Clothesline","Sever Soul","Flex"],"picked":"Clash+1","floor":29},{"not_picked":["Warcry","Pommel Strike","Heavy Blade","Cleave"],"picked":"SKIP","floor":30},{"not_picked":["True Grit","Clothesline+1","Cleave+1"],"picked":"Disarm","floor":31}],"player_experience":931459,"relics_obtained":[{"floor":6,"key":"Question Card"},{"floor":9,"key":"Happy Flower"},{"floor":11,"key":"Bronze Scales"},{"floor":23,"key":"Mummified Hand"},{"floor":29,"key":"Gremlin Horn"},{"floor":31,"key":"Red Mask"}],"event_choices":[{"damage_healed":0,"gold_gain":0,"player_choice":"Bought 3 Potions","damage_taken":0,"max_hp_gain":0,"max_hp_loss":0,"event_name":"The Woman in Blue","floor":3,"gold_loss":0},{"damage_healed":0,"gold_gain":0,"player_choice":"Success","damage_taken":12,"relics_obtained":["Ancient Tea Set"],"max_hp_gain":0,"max_hp_loss":0,"event_name":"Scrap Ooze","floor":13,"gold_loss":0},{"damage_healed":0,"gold_gain":0,"player_choice":"Shed Blood","damage_taken":22,"max_hp_gain":5,"max_hp_loss":0,"event_name":"Forgotten Altar","floor":20,"gold_loss":0},{"damage_healed":0,"gold_gain":0,"player_choice":"Opened","damage_taken":0,"relics_obtained":["Incense Burner"],"max_hp_gain":0,"max_hp_loss":0,"event_name":"The Mausoleum","floor":22,"gold_loss":0,"cards_obtained":["Writhe"]},{"cards_removed":["Writhe"],"damage_healed":0,"gold_gain":0,"player_choice":"Elegance","damage_taken":0,"max_hp_gain":0,"max_hp_loss":0,"event_name":"Back to Basics","floor":25,"gold_loss":0},{"damage_healed":0,"gold_gain":0,"player_choice":"Gave Potion","damage_taken":0,"relics_obtained":["MawBank"],"max_hp_gain":0,"max_hp_loss":0,"event_name":"WeMeetAgain","floor":27,"gold_loss":0},{"damage_healed":0,"gold_gain":0,"player_choice":"Fought Bandits","damage_taken":0,"max_hp_gain":0,"max_hp_loss":0,"event_name":"Masked Bandits","floor":31,"gold_loss":0}],"is_beta":false,"boss_relics":[{"not_picked":["Runic Cube","Fusion Hammer"],"picked":"Empty Cage"}],"items_purged_floors":[],"is_endless":false,"potions_floor_spawned":[6,8,11,16,21,23],"killed_by":"Automaton","ascension_level":9}