{"gold_per_floor":[119,119,2,2,14,49,49,64,117,117,146,163,48,65,65,65],"floor_reached":16,"playtime":478,"items_purged":[],"score":176,"play_id":"6c6a1831-0084-4e8c-8e66-385d34e8fd71","local_time":"20181116000237","is_ascension_mode":true,"campfire_choices":[{"floor":7,"key":"REST"},{"data":"Defragment","floor":10,"key":"SMITH"},{"floor":15,"key":"REST"}],"neow_cost":"NONE","seed_source_timestamp":21133134234811,"circlet_count":0,"master_deck":["AscendersBane","Strike_B","Strike_B","Strike_B","Defend_B","Defend_B","Defend_B","Defend_B","Zap","Dualcast","Biased Cognition","Sweeping Beam","Defragment+1","Tempest","Redo","Stack","Conserve Battery","Self Repair","Stack","Bandage Up","Steam","Auto Shields"],"relics":["Cracked Core","Omamori","Strawberry","Juzu Bracelet"],"potions_floor_usage":[14,16],"damage_taken":[{"damage":5,"enemies":"Small Slimes","floor":1,"turns":2},{"damage":8,"enemies":"2 Louse","floor":5,"turns":2},{"damage":30,"enemies":"Lagavulin","floor":6,"turns":5},{"damage":7,"enemies":"Jaw Worm","floor":8,"turns":2},{"damage":15,"enemies":"Gremlin Nob","floor":11,"turns":3},{"damage":8,"enemies":"3 Louse","floor":12,"turns":3},{"damage":0,"enemies":"Large Slime","floor":14,"turns":3},{"damage":59,"enemies":"Slime Boss","floor":16,"turns":11}],"seed_played":"8147995051952693980","potions_obtained":[{"floor":11,"key":"Energy Potion"},{"floor":12,"key":"Fire Potion"},{"floor":14,"key":"SmokeBomb"}],"is_trial":false,"path_per_floor":["M","?","$","?","M","E","R","M","T","R","E","M","$","M","R","B"],"character_chosen":"DEFECT","items_purchased":["Defragment","Tempest","Bandage Up","Steam"],"campfire_rested":2,"item_purchase_floors":[3,3,13,13],"current_hp_per_floor":[63,56,56,56,48,18,40,33,40,40,25,17,17,24,48,0],"gold":65,"neow_bonus":"ONE_RANDOM_RARE_CARD","is_prod":false,"is_daily":false,"chose_seed":false,"campfire_upgraded":1,"win_rate":0,"timestamp":1542355357,"path_taken":["M","?","$","?","M","E","R","M","T","R","E","M","$","M","R","BOSS"],"build_version":"2018-11-15","purchased_purges":0,"victory":false,"max_hp_per_floor":[75,75,75,75,75,75,75,75,82,82,82,82,82,82,82,82],"card_choices":[{"not_picked":["Stack","Redo"],"picked":"Sweeping Beam","floor":1},{"not_picked":["Recycle","Gash"],"picked":"Redo","floor":5},{"not_picked":["Fusion","Beam Cell"],"picked":"Stack","floor":6},{"not_picked":["Steam","Genetic Algorithm"],"picked":"Conserve Battery","floor":8},{"not_picked":["Rainbow","Storm"],"picked":"Self Repair","floor":11},{"not_picked":["Rebound","Streamline"],"picked":"Stack","floor":12},{"not_picked":["Gash","Compile Driver"],"picked":"Auto Shields","floor":14}],"player_experience":735342,"relics_obtained":[{"floor":6,"key":"Omamori"},{"floor":9,"key":"Strawberry"},{"floor":11,"key":"Juzu Bracelet"}],"event_choices":[{"cards_removed":["Strike_B"],"damage_healed":0,"gold_gain":0,"player_choice":"Card Removal","damage_taken":7,"max_hp_gain":0,"max_hp_loss":0,"event_name":"Golden Wing","floor":2,"gold_loss":0},{"damage_healed":0,"gold_gain":0,"player_choice":"Leave","damage_taken":0,"max_hp_gain":0,"max_hp_loss":0,"event_name":"The Cleric","floor":4,"gold_loss":0}],"is_beta":false,"boss_relics":[],"items_purged_floors":[],"is_endless":false,"potions_floor_spawned":[11,12,14],"killed_by":"Slime Boss","ascension_level":12}