{"gold_per_floor":[118,43,59,77,95,129,129,155,191,231,263,275,313,325,337,448,460,482,512,83,103,57,57,68,86,140,153,153],"floor_reached":28,"playtime":2389,"items_purged":["Defend_R","Strike_R"],"score":291,"play_id":"9e3068ea-603e-4a3b-8fba-2eb30c1fcfe9","local_time":"20190501203816","is_ascension_mode":true,"campfire_choices":[{"data":"Bash","floor":7,"key":"SMITH"},{"data":"Thunderclap","floor":12,"key":"SMITH"},{"data":"Heavy Blade","floor":15,"key":"SMITH"},{"floor":23,"key":"REST"}],"neow_cost":"NONE","seed_source_timestamp":298072303438413,"circlet_count":0,"master_deck":["Strike_R","Strike_R","Strike_R","Strike_R","Defend_R","Defend_R","Defend_R","Bash+1","Thunderclap","Heavy Blade","Iron Wave","Dropkick","Headbutt+1","Thunderclap+1","Heavy Blade+1","Immolate","Armaments","Cleave+1","Immolate","Armaments","Thunderclap","Shrug It Off","Flame Barrier","Whirlwind+1"],"relics":["Burning Blood","Vajra","Bottled Flame","MawBank","PreservedInsect","Strawberry","Blue Candle","Runic Pyramid","Art of War","Happy Flower"],"potions_floor_usage":[6,16,16,19,24,27],"damage_taken":[{"damage":6,"enemies":"Cultist","floor":1,"turns":3},{"damage":6,"enemies":"Jaw Worm","floor":3,"turns":4},{"damage":3,"enemies":"Small Slimes","floor":4,"turns":2},{"damage":8,"enemies":"2 Fungi Beasts","floor":5,"turns":3},{"damage":14,"enemies":"Lagavulin","floor":6,"turns":6},{"damage":17,"enemies":"3 Sentries","floor":8,"turns":6},{"damage":0,"enemies":"Gremlin Nob","floor":10,"turns":2},{"damage":5,"enemies":"3 Louse","floor":11,"turns":3},{"damage":13,"enemies":"3 Sentries","floor":13,"turns":3},{"damage":32,"enemies":"Hexaghost","floor":16,"turns":9},{"damage":25,"enemies":"Spheric Guardian","floor":18,"turns":4},{"damage":32,"enemies":"3 Byrds","floor":19,"turns":5},{"damage":20,"enemies":"Centurion and Healer","floor":21,"turns":3},{"damage":11,"enemies":"Chosen and Byrds","floor":24,"turns":4},{"damage":43,"enemies":"Sentry and Sphere","floor":25,"turns":6},{"damage":0,"enemies":"Snake Plant","floor":27,"turns":2},{"damage":18,"enemies":"Gremlin Leader","floor":28,"turns":1}],"seed_played":"-711082390868548787","potions_obtained":[{"floor":5,"key":"Block Potion"},{"floor":8,"key":"Block Potion"},{"floor":11,"key":"Explosive Potion"},{"floor":16,"key":"Block Potion"},{"floor":21,"key":"SkillPotion"},{"floor":25,"key":"SteroidPotion"}],"is_trial":false,"path_per_floor":["M","$","M","M","M","E","R","E","T","E","M","R","E","?","R","B",null,"M","M","$","M","$","R","M","M","T","M","E"],"character_chosen":"IRONCLAD","items_purchased":["Immolate","Art of War","Armaments","Thunderclap","Shrug It Off"],"campfire_rested":1,"item_purchase_floors":[20,20,20,20,22],"current_hp_per_floor":[80,80,80,80,78,70,70,59,59,72,73,73,66,66,66,40,87,68,42,42,28,28,54,49,12,12,18,0],"gold":153,"neow_bonus":"RANDOM_COMMON_RELIC","is_prod":false,"is_daily":false,"chose_seed":false,"campfire_upgraded":3,"win_rate":0,"timestamp":1556768296,"path_taken":["M","$","M","M","M","E","R","E","T","E","?","R","E","?","R","BOSS","M","M","?","?","$","R","M","M","T","M","E"],"build_version":"2019-01-23","purchased_purges":2,"victory":false,"max_hp_per_floor":[80,80,80,80,80,80,80,80,80,87,87,87,87,87,87,87,87,87,87,87,87,87,87,87,87,87,87,87],"card_choices":[{"not_picked":["True Grit","Whirlwind"],"picked":"Thunderclap","floor":1},{"not_picked":["Burning Pact","Sword Boomerang"],"picked":"Heavy Blade","floor":3},{"not_picked":["Sentinel","Combust"],"picked":"Iron Wave","floor":4},{"not_picked":["Iron Wave","Cleave"],"picked":"Dropkick","floor":5},{"not_picked":["Clothesline","Carnage"],"picked":"Headbutt","floor":6},{"not_picked":["Sword Boomerang","Spot Weakness","Hemokinesis"],"picked":"SKIP","floor":8},{"not_picked":["Spot Weakness","Demon Form","Uppercut"],"picked":"SKIP","floor":10},{"not_picked":["Ghostly Armor","Reckless Charge"],"picked":"Thunderclap","floor":11},{"not_picked":["Body Slam","Havoc"],"picked":"Heavy Blade","floor":13},{"not_picked":["Bludgeon","Demon Form"],"picked":"Immolate","floor":16},{"not_picked":["Body Slam","Iron Wave"],"picked":"Armaments","floor":18},{"not_picked":["Body Slam+1","Flex"],"picked":"Cleave+1","floor":19},{"not_picked":["Blood for Blood","Fire Breathing+1","Iron Wave"],"picked":"SKIP","floor":21},{"not_picked":["Sword Boomerang","Pummel","Twin Strike"],"picked":"SKIP","floor":24},{"not_picked":["Flex","Fire Breathing"],"picked":"Flame Barrier","floor":25},{"not_picked":["Body Slam","Entrench"],"picked":"Whirlwind+1","floor":27}],"player_experience":96111,"relics_obtained":[{"floor":6,"key":"Bottled Flame"},{"floor":8,"key":"MawBank"},{"floor":9,"key":"PreservedInsect"},{"floor":10,"key":"Strawberry"},{"floor":13,"key":"Blue Candle"},{"floor":26,"key":"Happy Flower"}],"event_choices":[{"damage_healed":0,"gold_gain":0,"player_choice":"Upgraded","damage_taken":0,"max_hp_gain":0,"max_hp_loss":0,"event_name":"Upgrade Shrine","floor":14,"gold_loss":0,"cards_upgraded":["Headbutt"]}],"is_beta":false,"boss_relics":[{"not_picked":["Runic Dome","Mark of Pain"],"picked":"Runic Pyramid"}],"items_purged_floors":[2,20],"is_endless":false,"potions_floor_spawned":[5,8,11,16,21,25],"killed_by":"Gremlin Leader","ascension_level":1}