{"gold_per_floor":[115,133,58,133,150,150,168,168,168,203,203,203,203,219,219,323,323,336,84,95,114,126,126,226,226,301,321,321,321],"floor_reached":29,"playtime":797,"items_purged":["Strike_R"],"score":225,"play_id":"07f3c34d-fb50-4536-bcb7-72254bcdff4d","local_time":"20190502164205","is_ascension_mode":false,"campfire_choices":[{"data":"Armaments","floor":6,"key":"SMITH"},{"data":"Bash","floor":8,"key":"SMITH"},{"data":"Shrug It Off","floor":11,"key":"SMITH"},{"data":"Carnage","floor":13,"key":"SMITH"},{"data":"True Grit","floor":15,"key":"SMITH"},{"data":"Reaper","floor":23,"key":"SMITH"},{"data":"Strike_R","floor":25,"key":"SMITH"}],"neow_cost":"NONE","seed_source_timestamp":333816095660182,"circlet_count":0,"master_deck":["Strike_R","Strike_R","Strike_R","Strike_R+1","Defend_R","Defend_R","Defend_R","Defend_R","Bash+1","Armaments+1","Carnage+1","Carnage+1","Shrug It Off+1","True Grit+1","Reaper+1","RitualDagger"],"relics":["Burning Blood","Orichalcum","Bottled Flame","Busted Crown","Kunai","Prayer Wheel","Mummified Hand","Darkstone Periapt"],"potions_floor_usage":[16,16,24,24,29],"damage_taken":[{"damage":5,"enemies":"Small Slimes","floor":1,"turns":3},{"damage":9,"enemies":"Jaw Worm","floor":2,"turns":4},{"damage":1,"enemies":"Cultist","floor":5,"turns":3},{"damage":25,"enemies":"Gremlin Gang","floor":7,"turns":4},{"damage":10,"enemies":"3 Sentries","floor":10,"turns":8},{"damage":7,"enemies":"Blue Slaver","floor":14,"turns":2},{"damage":35,"enemies":"The Guardian","floor":16,"turns":9},{"damage":3,"enemies":"Shell Parasite","floor":18,"turns":5},{"damage":0,"enemies":"Chosen","floor":20,"turns":3},{"damage":1,"enemies":"Centurion and Healer","floor":21,"turns":6},{"damage":0,"enemies":"Chosen and Byrds","floor":22,"turns":5},{"damage":3,"enemies":"Colosseum Slavers","floor":24,"turns":4},{"damage":15,"enemies":"Colosseum Nobs","floor":24,"turns":5},{"damage":0,"enemies":"Snake Plant","floor":27,"turns":2},{"damage":90,"enemies":"Gremlin Leader","floor":29,"turns":6}],"seed_played":"6474651133828644108","potions_obtained":[{"floor":7,"key":"Strength Potion"},{"floor":10,"key":"FearPotion"},{"floor":16,"key":"Fire Potion"},{"floor":21,"key":"Explosive Potion"},{"floor":24,"key":"Ancient Potion"}],"is_trial":false,"path_per_floor":["M","M","$","?","M","R","M","R","T","E","R","?","R","M","R","B",null,"M","$","M","M","M","R","?","R","T","M","?","E"],"character_chosen":"IRONCLAD","items_purchased":["Kunai"],"campfire_rested":0,"item_purchase_floors":[19],"current_hp_per_floor":[80,77,77,66,71,71,52,52,52,48,48,48,48,47,47,18,80,80,80,80,80,80,80,71,71,71,77,71,0],"gold":321,"neow_bonus":"THREE_CARDS","is_prod":false,"is_daily":false,"chose_seed":false,"campfire_upgraded":7,"win_rate":0,"timestamp":1556829725,"path_taken":["M","M","$","?","M","R","M","R","T","E","R","?","R","?","R","BOSS","M","$","?","M","M","R","?","R","T","M","?","E"],"build_version":"2019-01-23","purchased_purges":1,"victory":false,"max_hp_per_floor":[80,80,80,80,80,80,80,80,80,80,80,80,80,80,80,80,80,80,80,80,80,80,80,80,80,80,80,80,80],"card_choices":[{"not_picked":["Twin Strike","Pommel Strike"],"picked":"Armaments","floor":0},{"not_picked":["Clothesline","Warcry","Infernal Blade"],"picked":"SKIP","floor":1},{"not_picked":["Pommel Strike","Burning Pact"],"picked":"Carnage","floor":2},{"not_picked":["Battle Trance","Combust"],"picked":"Carnage","floor":5},{"not_picked":["Clash","Heavy Blade"],"picked":"Shrug It Off","floor":7},{"not_picked":["Sever Soul","Dark Embrace","Sword Boomerang"],"picked":"SKIP","floor":10},{"not_picked":["Shrug It Off","Rage"],"picked":"True Grit","floor":14},{"not_picked":["Impervious","Brutality"],"picked":"Reaper","floor":16},{"not_picked":["Twin Strike"],"picked":"SKIP","floor":18},{"not_picked":["Intimidate"],"picked":"SKIP","floor":20},{"not_picked":["Dual Wield"],"picked":"SKIP","floor":21},{"not_picked":["Intimidate"],"picked":"SKIP","floor":22},{"not_picked":["Pommel Strike"],"picked":"SKIP","floor":27},{"not_picked":["Clothesline"],"picked":"SKIP","floor":27}],"player_experience":646471,"relics_obtained":[{"floor":9,"key":"Orichalcum"},{"floor":10,"key":"Bottled Flame"},{"floor":24,"key":"Prayer Wheel"},{"floor":24,"key":"Mummified Hand"},{"floor":26,"key":"Darkstone Periapt"}],"event_choices":[{"damage_healed":0,"gold_gain":75,"player_choice":"Gather Gold","damage_taken":11,"max_hp_gain":0,"max_hp_loss":0,"event_name":"World of Goop","floor":4,"gold_loss":0},{"damage_healed":0,"gold_gain":0,"player_choice":"Forge","damage_taken":0,"max_hp_gain":0,"max_hp_loss":0,"event_name":"Accursed Blacksmith","floor":12,"gold_loss":0,"cards_upgraded":["Carnage"]},{"damage_healed":0,"gold_gain":0,"player_choice":"Fight","damage_taken":0,"max_hp_gain":0,"max_hp_loss":0,"event_name":"Colosseum","floor":24,"gold_loss":0},{"damage_healed":0,"gold_gain":0,"player_choice":"Fought Nobs","damage_taken":0,"max_hp_gain":0,"max_hp_loss":0,"event_name":"Colosseum","floor":24,"gold_loss":0},{"damage_healed":0,"gold_gain":0,"player_choice":"Joined the Cult","damage_taken":6,"max_hp_gain":0,"max_hp_loss":0,"event_name":"Nest","floor":28,"gold_loss":0,"cards_obtained":["RitualDagger"]}],"is_beta":false,"boss_relics":[{"not_picked":["Empty Cage","Runic Dome"],"picked":"Busted Crown"}],"items_purged_floors":[3],"is_endless":false,"potions_floor_spawned":[7,10,16,21,24,24],"killed_by":"Gremlin Leader","ascension_level":0}