{"gold_per_floor":[111,111,125,125,144,185,203,128,128,86,86,105,105,105],"floor_reached":14,"playtime":351,"items_purged":["Strike_R"],"score":180,"play_id":"64a0a869-f916-4f0b-ae46-cfb982425088","local_time":"20190517224047","is_ascension_mode":true,"campfire_choices":[{"data":"Armaments","floor":11,"key":"SMITH"},{"data":"Whirlwind","floor":13,"key":"SMITH"}],"neow_cost":"PERCENT_DAMAGE","seed_source_timestamp":19853707789736,"circlet_count":0,"master_deck":["AscendersBane","Strike_R","Strike_R","Strike_R","Strike_R","Defend_R","Defend_R","Defend_R","Defend_R","Bash+1","Whirlwind+1","Shrug It Off","Armaments+1","Double Tap","Flame Barrier"],"relics":["Burning Blood","Golden Idol","Strawberry","Meat on the Bone"],"potions_floor_usage":[7,14],"damage_taken":[{"damage":12,"enemies":"Cultist","floor":1,"turns":4},{"damage":5,"enemies":"2 Louse","floor":3,"turns":2},{"damage":4,"enemies":"Small Slimes","floor":5,"turns":5},{"damage":52,"enemies":"3 Sentries","floor":6,"turns":10},{"damage":11,"enemies":"3 Louse","floor":7,"turns":2},{"damage":13,"enemies":"Blue Slaver","floor":12,"turns":5},{"damage":39,"enemies":"Lagavulin","floor":14,"turns":7}],"seed_played":"1408493839546727574","potions_obtained":[{"floor":1,"key":"LiquidBronze"},{"floor":12,"key":"SpeedPotion"}],"is_trial":false,"path_per_floor":["M","?","M","?","M","E","M","$","T","$","R","M","R","E"],"character_chosen":"IRONCLAD","items_purchased":["Flame Barrier"],"campfire_rested":0,"item_purchase_floors":[10],"current_hp_per_floor":[58,58,59,59,61,22,17,17,17,17,17,22,22,0],"gold":105,"neow_bonus":"TWENTY_PERCENT_HP_BONUS","is_prod":false,"is_daily":false,"chose_seed":false,"campfire_upgraded":2,"win_rate":0,"timestamp":1558147247,"path_taken":["M","?","M","?","M","E","M","$","T","$","R","M","R","E"],"build_version":"2019-01-23","purchased_purges":1,"victory":false,"max_hp_per_floor":[89,81,81,81,81,88,88,88,88,88,88,88,88,88],"card_choices":[{"not_picked":["Second Wind","Clothesline"],"picked":"Whirlwind","floor":1},{"not_picked":["Cleave","Sever Soul"],"picked":"Shrug It Off","floor":3},{"not_picked":["Wild Strike","Body Slam","Anger"],"picked":"SKIP","floor":5},{"not_picked":["Sword Boomerang","True Grit"],"picked":"Armaments","floor":6},{"not_picked":["Clash","Sword Boomerang"],"picked":"Double Tap","floor":7},{"not_picked":["Warcry","Thunderclap","Twin Strike"],"picked":"SKIP","floor":12}],"player_experience":725391,"relics_obtained":[{"floor":6,"key":"Strawberry"},{"floor":9,"key":"Meat on the Bone"}],"event_choices":[{"damage_healed":0,"gold_gain":0,"player_choice":"Lose Max HP","damage_taken":0,"relics_obtained":["Golden Idol"],"max_hp_gain":0,"max_hp_loss":8,"event_name":"Golden Idol","floor":2,"gold_loss":0},{"damage_healed":0,"gold_gain":0,"player_choice":"Upgraded","damage_taken":0,"max_hp_gain":0,"max_hp_loss":0,"event_name":"Upgrade Shrine","floor":4,"gold_loss":0,"cards_upgraded":["Bash"]}],"is_beta":false,"boss_relics":[],"items_purged_floors":[8],"is_endless":false,"potions_floor_spawned":[1,12],"killed_by":"Lagavulin","ascension_level":20}