{"gold_per_floor":[114,114,130,130,149,149,105,105,105,140,140,159,179,179,179,179],"floor_reached":16,"playtime":368,"items_purged":[],"score":185,"play_id":"d5f3e672-8dca-44c9-a76e-34bc3c3fd1a1","local_time":"20190606192533","is_ascension_mode":true,"campfire_choices":[{"data":"Metallicize","floor":6,"key":"SMITH"},{"data":"Corruption","floor":8,"key":"SMITH"},{"floor":11,"key":"REST"},{"data":"Headbutt","floor":15,"key":"SMITH"}],"neow_cost":"NONE","seed_source_timestamp":446817835167670,"circlet_count":0,"master_deck":["AscendersBane","Strike_R","Strike_R","Strike_R","Strike_R","Defend_R","Defend_R","Defend_R","Defend_R","Bash","Metallicize+1","Hemokinesis","Corruption+1","Thunderclap","Battle Trance","Headbutt+1"],"relics":["Burning Blood","NeowsBlessing","Matryoshka","Kunai"],"potions_floor_usage":[],"damage_taken":[{"damage":0,"enemies":"Jaw Worm","floor":1,"turns":1},{"damage":0,"enemies":"Cultist","floor":3,"turns":1},{"damage":0,"enemies":"Small Slimes","floor":5,"turns":1},{"damage":47,"enemies":"Gremlin Nob","floor":10,"turns":5},{"damage":4,"enemies":"2 Fungi Beasts","floor":12,"turns":4},{"damage":12,"enemies":"Red Slaver","floor":13,"turns":4},{"damage":52,"enemies":"Hexaghost","floor":16,"turns":8}],"seed_played":"-2782126459577004424","potions_obtained":[{"floor":1,"key":"SpeedPotion"},{"floor":12,"key":"GamblersBrew"}],"is_trial":false,"path_per_floor":["M","?","M","?","M","R","$","R","T","E","R","M","M","?","R","B"],"character_chosen":"IRONCLAD","items_purchased":["Corruption"],"campfire_rested":1,"item_purchase_floors":[7],"current_hp_per_floor":[74,70,75,68,74,74,74,74,74,33,55,57,51,51,51,0],"gold":179,"neow_bonus":"THREE_ENEMY_KILL","is_prod":false,"is_daily":false,"chose_seed":false,"campfire_upgraded":3,"win_rate":0,"timestamp":1559874333,"path_taken":["M","?","?","?","M","R","$","R","T","E","R","M","M","?","R","BOSS"],"build_version":"2019-01-23","purchased_purges":0,"victory":false,"max_hp_per_floor":[75,75,75,75,75,75,75,75,75,75,75,75,75,75,75,75],"card_choices":[{"not_picked":["Armaments","Headbutt"],"picked":"Metallicize","floor":1},{"not_picked":["Rupture","Sentinel","Searing Blow"],"picked":"SKIP","floor":3},{"not_picked":["Entrench","Second Wind"],"picked":"Hemokinesis","floor":5},{"not_picked":["Armaments","Corruption"],"picked":"Thunderclap","floor":10},{"not_picked":["Infernal Blade","Anger"],"picked":"Battle Trance","floor":12},{"not_picked":["Thunderclap","Body Slam"],"picked":"Headbutt","floor":13}],"player_experience":957090,"relics_obtained":[{"floor":9,"key":"Matryoshka"},{"floor":10,"key":"Kunai"}],"event_choices":[{"damage_healed":0,"gold_gain":0,"player_choice":"Bought 0 Potions","damage_taken":0,"max_hp_gain":0,"max_hp_loss":0,"event_name":"The Woman in Blue","floor":2,"gold_loss":0},{"cards_removed":["Strike_R"],"damage_healed":0,"gold_gain":0,"player_choice":"Card Removal","damage_taken":7,"max_hp_gain":0,"max_hp_loss":0,"event_name":"Golden Wing","floor":4,"gold_loss":0},{"damage_healed":0,"gold_gain":0,"player_choice":"Ignored","damage_taken":0,"max_hp_gain":0,"max_hp_loss":0,"event_name":"Liars Game","floor":14,"gold_loss":0}],"is_beta":false,"boss_relics":[],"items_purged_floors":[],"is_endless":false,"potions_floor_spawned":[1,12],"killed_by":"Hexaghost","ascension_level":17}