{"gold_per_floor":[116,266,284,300,53,85,95,95,121,121,139,139,153,153,153,153],"floor_reached":16,"playtime":601,"items_purged":["Doubt"],"score":296,"play_id":"47d18537-31fe-4cea-b062-840a27425481","local_time":"20190624215518","is_ascension_mode":true,"campfire_choices":[{"data":"Whirlwind","floor":8,"key":"SMITH"},{"floor":12,"key":"REST"},{"data":"Bludgeon","floor":15,"key":"SMITH"}],"neow_cost":"TEN_PERCENT_HP_LOSS","seed_source_timestamp":0,"circlet_count":0,"master_deck":["AscendersBane","Strike_R","Strike_R","Strike_R","Strike_R","Strike_R","Defend_R","Defend_R","Defend_R","Defend_R","Bash","Whirlwind+1","Thunderclap","Flame Barrier","Carnage","Thunderclap","Rage","Bludgeon+1","True Grit"],"special_seed":0,"relics":["Burning Blood","Prayer Wheel","Lantern","PreservedInsect","Smiling Mask"],"potions_floor_usage":[7,7,7,16],"damage_taken":[{"damage":6,"enemies":"Cultist","floor":1,"turns":3},{"damage":0,"enemies":"2 Louse","floor":3,"turns":1},{"damage":12,"enemies":"Small Slimes","floor":4,"turns":2},{"damage":35,"enemies":"3 Sentries","floor":6,"turns":9},{"damage":5,"enemies":"Gremlin Gang","floor":7,"turns":7},{"damage":12,"enemies":"Large Slime","floor":11,"turns":3},{"damage":8,"enemies":"Blue Slaver","floor":13,"turns":4},{"damage":50,"enemies":"Hexaghost","floor":16,"turns":9}],"seed_played":"3536820831341461244","potions_obtained":[{"floor":6,"key":"EntropicBrew"},{"floor":7,"key":"Ancient Potion"},{"floor":11,"key":"FearPotion"}],"is_trial":false,"path_per_floor":["M","?","M","M","$","E","M","R","T","?","M","R","M","$","R","B"],"character_chosen":"IRONCLAD","items_purchased":["Lantern"],"campfire_rested":1,"item_purchase_floors":[5],"current_hp_per_floor":[68,68,68,62,62,33,34,34,34,34,28,48,46,46,46,0],"gold":153,"neow_bonus":"ONE_RARE_RELIC","is_prod":false,"is_daily":false,"chose_seed":false,"campfire_upgraded":2,"win_rate":0,"timestamp":1561438518,"path_taken":["M","?","M","M","$","E","M","R","T","?","M","R","M","$","R","BOSS"],"build_version":"2019-01-23","purchased_purges":1,"victory":false,"max_hp_per_floor":[68,68,68,68,68,68,68,68,68,68,68,68,68,68,68,68],"card_choices":[{"not_picked":["Pommel Strike","Sword Boomerang"],"picked":"Whirlwind","floor":1},{"not_picked":["Twin Strike","Clash"],"picked":"Thunderclap","floor":1},{"not_picked":["Searing Blow","Havoc"],"picked":"Flame Barrier","floor":3},{"not_picked":["Battle Trance","Uppercut"],"picked":"Carnage","floor":3},{"not_picked":["Twin Strike","Intimidate"],"picked":"Thunderclap","floor":4},{"not_picked":["Thunderclap","Cleave","Clash"],"picked":"SKIP","floor":4},{"not_picked":["Hemokinesis","Rupture","Searing Blow"],"picked":"SKIP","floor":6},{"not_picked":["Thunderclap","Perfected Strike"],"picked":"Rage","floor":7},{"not_picked":["Clothesline","Heavy Blade"],"picked":"Bludgeon","floor":7},{"not_picked":["Havoc","Warcry","Iron Wave"],"picked":"SKIP","floor":11},{"not_picked":["Iron Wave","Clash","Warcry"],"picked":"SKIP","floor":11},{"not_picked":["Wild Strike","Warcry"],"picked":"True Grit","floor":13},{"not_picked":["Headbutt","Twin Strike","Perfected Strike"],"picked":"SKIP","floor":13}],"player_experience":1069465,"relics_obtained":[{"floor":6,"key":"PreservedInsect"},{"floor":9,"key":"Smiling Mask"}],"event_choices":[{"damage_healed":0,"gold_gain":150,"player_choice":"AGREE","damage_taken":0,"max_hp_gain":0,"max_hp_loss":0,"event_name":"Liars Game","floor":2,"gold_loss":0,"cards_obtained":["Doubt"]},{"damage_healed":0,"gold_gain":0,"player_choice":"Ignored","damage_taken":0,"max_hp_gain":0,"max_hp_loss":0,"event_name":"Shining Light","floor":10,"gold_loss":0}],"is_beta":false,"boss_relics":[],"items_purged_floors":[5],"is_endless":false,"potions_floor_spawned":[6,7,11],"killed_by":"Hexaghost","ascension_level":19}