{"gold_per_floor":[119,194,194,144,169,169,197,197,197,197,214,227,247,273,273,369,369,388,388,398,286,286,311,42,61,134,134,161,161,161,86,86,189,189,207,226,82,82,92,92,127,142,168,97,97,0,18,18,18,18],"floor_reached":50,"playtime":1948,"items_purged":[],"score":887,"play_id":"37725d0e-cc9c-4118-b5a3-1cd8ad6cf598","local_time":"20190313181906","is_ascension_mode":true,"campfire_choices":[{"data":"Madness","floor":6,"key":"SMITH"},{"floor":8,"key":"REST"},{"data":"Bash","floor":10,"key":"SMITH"},{"data":"Inflame","floor":15,"key":"SMITH"},{"floor":27,"key":"REST"},{"floor":32,"key":"REST"},{"data":"Whirlwind","floor":40,"key":"SMITH"},{"data":"Body Slam","floor":49,"key":"SMITH"}],"neow_cost":"NONE","seed_source_timestamp":2238108472698176,"circlet_count":0,"master_deck":["AscendersBane","Strike_R+1","Strike_R+1","Strike_R+1","Strike_R+1","Defend_R+1","Defend_R+1","Defend_R+1","Defend_R+1","Bash+1","Madness+1","Dropkick","Armaments+1","Clothesline","Limit Break+1","Inflame+1","Armaments+1","Limit Break+1","Heavy Blade","Thunderclap","Shrug It Off+1","Bandage Up+1","Flame Barrier+1","Cleave","Power Through+1","Spot Weakness+1","Exhume+1","Whirlwind+1","Dramatic Entrance","Anger","Panacea+1","Impervious+1","Body Slam+1","Madness+1","Madness+1"],"relics":["Burning Blood","Toxic Egg 2","Boot","Orichalcum","Pantograph","Regal Pillow","Sozu","PreservedInsect","Bottled Flame","Vajra","Shuriken","Meat on the Bone","Enchiridion","Eternal Feather","Bag of Marbles","War Paint","Red Mask"],"potions_floor_usage":[13,18,25],"damage_taken":[{"damage":3,"enemies":"2 Louse","floor":1,"turns":3},{"damage":55,"enemies":"3 Sentries","floor":7,"turns":12},{"damage":7,"enemies":"Jaw Worm","floor":11,"turns":4},{"damage":0,"enemies":"Small Slimes","floor":12,"turns":3},{"damage":10,"enemies":"3 Louse","floor":13,"turns":3},{"damage":26,"enemies":"Gremlin Nob","floor":14,"turns":5},{"damage":35,"enemies":"Slime Boss","floor":16,"turns":9},{"damage":22,"enemies":"3 Byrds","floor":18,"turns":7},{"damage":0,"enemies":"Chosen","floor":20,"turns":4},{"damage":45,"enemies":"Slavers","floor":23,"turns":5},{"damage":12,"enemies":"Centurion and Healer","floor":25,"turns":6},{"damage":12,"enemies":"Book of Stabbing","floor":28,"turns":4},{"damage":26,"enemies":"Champ","floor":33,"turns":7},{"damage":22,"enemies":"3 Darklings","floor":35,"turns":6},{"damage":1,"enemies":"3 Shapes","floor":36,"turns":5},{"damage":47,"enemies":"Transient","floor":39,"turns":5},{"damage":33,"enemies":"Reptomancer","floor":41,"turns":5},{"damage":14,"enemies":"Jaw Worm Horde","floor":42,"turns":3},{"damage":0,"enemies":"Sphere and 2 Shapes","floor":47,"turns":4},{"damage":95,"enemies":"Donu and Deca","floor":50,"turns":7}],"seed_played":"-7672806513504116266","potions_obtained":[{"floor":7,"key":"Poison Potion"},{"floor":13,"key":"Energy Potion"},{"floor":16,"key":"Swift Potion"}],"is_trial":false,"path_per_floor":["M","?","?","?","T","R","E","R","T","R","M","M","M","E","R","B",null,"M","?","M","$","?","E","$","M","T","R","E","?","?","?","R","B",null,"M","M","$","?","M","R","E","M","T","$","?","?","M","?","R","B"],"character_chosen":"IRONCLAD","items_purchased":["Shrug It Off+1","Bandage Up+1","Vajra","Flame Barrier+1","Cleave","Dramatic Entrance","Anger","Impervious+1"],"campfire_rested":3,"item_purchase_floors":[21,21,24,24,24,37,37,44],"current_hp_per_floor":[75,64,64,64,64,64,15,39,39,39,38,44,40,20,20,16,64,48,48,54,54,54,21,21,21,21,60,60,44,29,29,69,65,80,70,85,85,85,56,74,53,57,57,57,57,57,63,52,73,0],"gold":18,"neow_bonus":"RANDOM_COLORLESS","is_prod":false,"is_daily":false,"chose_seed":false,"campfire_upgraded":5,"win_rate":0,"timestamp":1552515546,"path_taken":["M","?","?","?","?","R","E","R","T","R","M","M","M","E","R","BOSS","M","?","M","$","?","E","$","M","T","R","E","?","?","?","R","BOSS","M","M","$","?","M","R","E","M","T","$","?","?","M","?","R","BOSS"],"build_version":"2019-01-23","purchased_purges":0,"victory":false,"max_hp_per_floor":[80,80,80,80,80,80,80,80,80,80,80,80,80,80,80,80,80,80,80,80,80,80,80,80,80,80,80,80,80,85,85,85,85,85,85,85,85,85,85,85,85,85,85,85,85,85,85,85,85,85],"card_choices":[{"not_picked":["Havoc","Heavy Blade"],"picked":"Dropkick","floor":1},{"not_picked":["Thunderclap","Pommel Strike"],"picked":"Armaments+1","floor":7},{"not_picked":["Sword Boomerang","Twin Strike"],"picked":"Clothesline","floor":11},{"not_picked":["Cleave","Dual Wield+1"],"picked":"Limit Break+1","floor":12},{"not_picked":["Metallicize","Warcry+1"],"picked":"Inflame","floor":13},{"not_picked":["Body Slam","Clash"],"picked":"Armaments+1","floor":14},{"not_picked":["Offering+1","Exhume+1"],"picked":"Limit Break+1","floor":16},{"not_picked":["Warcry+1","Sever Soul"],"picked":"Heavy Blade","floor":18},{"not_picked":["Twin Strike","Warcry+1"],"picked":"Thunderclap","floor":20},{"not_picked":["Sentinel+1","Perfected Strike"],"picked":"Inflame","floor":23},{"not_picked":["Evolve","Carnage"],"picked":"Power Through+1","floor":25},{"not_picked":["Warcry+1","Burning Pact+1"],"picked":"Spot Weakness+1","floor":28},{"not_picked":["Berserk","Fiend Fire"],"picked":"Exhume+1","floor":33},{"not_picked":["True Grit+1","Warcry+1","Corruption"],"picked":"SKIP","floor":35},{"not_picked":["Perfected Strike","Dropkick"],"picked":"Whirlwind","floor":36},{"not_picked":["The Bomb+1","Transmutation+1"],"picked":"Panacea+1","floor":38},{"not_picked":["Perfected Strike+1","Clothesline","Warcry+1"],"picked":"SKIP","floor":39},{"not_picked":["Burning Pact+1","Perfected Strike+1","Twin Strike+1"],"picked":"SKIP","floor":41},{"not_picked":["True Grit+1","Burning Pact+1","Wild Strike"],"picked":"SKIP","floor":42},{"not_picked":["Battle Trance+1","Inflame"],"picked":"Body Slam","floor":47}],"player_experience":382075,"relics_obtained":[{"floor":5,"key":"Boot"},{"floor":7,"key":"Orichalcum"},{"floor":9,"key":"Pantograph"},{"floor":14,"key":"Regal Pillow"},{"floor":23,"key":"Bottled Flame"},{"floor":26,"key":"Shuriken"},{"floor":28,"key":"Meat on the Bone"},{"floor":29,"key":"Enchiridion"},{"floor":41,"key":"Bag of Marbles"},{"floor":43,"key":"War Paint"}],"event_choices":[{"damage_healed":0,"gold_gain":75,"player_choice":"Gather Gold","damage_taken":11,"max_hp_gain":0,"max_hp_loss":0,"event_name":"World of Goop","floor":2,"gold_loss":0},{"damage_healed":0,"gold_gain":0,"player_choice":"Box","damage_taken":0,"relics_obtained":["Toxic Egg 2"],"max_hp_gain":0,"max_hp_loss":0,"event_name":"Big Fish","floor":3,"gold_loss":0,"cards_obtained":["Regret"]},{"cards_removed":["Regret"],"damage_healed":0,"gold_gain":0,"player_choice":"Card Removal","damage_taken":0,"max_hp_gain":0,"max_hp_loss":0,"event_name":"The Cleric","floor":4,"gold_loss":50},{"damage_healed":0,"gold_gain":0,"player_choice":"Opened","damage_taken":0,"relics_obtained":["PreservedInsect"],"max_hp_gain":0,"max_hp_loss":0,"event_name":"The Mausoleum","floor":19,"gold_loss":0},{"damage_healed":0,"gold_gain":0,"player_choice":"Simplicity","damage_taken":0,"max_hp_gain":0,"max_hp_loss":0,"event_name":"Back to Basics","floor":22,"gold_loss":0,"cards_upgraded":["Strike_R","Strike_R","Strike_R","Strike_R","Strike_R","Defend_R","Defend_R","Defend_R","Defend_R"]},{"damage_healed":0,"gold_gain":0,"player_choice":"Obtained Book","damage_taken":16,"max_hp_gain":0,"max_hp_loss":0,"event_name":"Cursed Tome","floor":29,"gold_loss":0},{"damage_healed":0,"gold_gain":0,"player_choice":"Shed Blood","damage_taken":20,"max_hp_gain":5,"max_hp_loss":0,"event_name":"Forgotten Altar","floor":30,"gold_loss":0},{"cards_removed":["Strike_R"],"damage_healed":0,"gold_gain":0,"player_choice":"Gave Gold","damage_taken":0,"max_hp_gain":0,"max_hp_loss":0,"event_name":"Beggar","floor":31,"gold_loss":75},{"damage_healed":0,"gold_gain":0,"player_choice":"Memory 1","damage_taken":0,"max_hp_gain":0,"max_hp_loss":0,"event_name":"SensoryStone","floor":38,"gold_loss":0},{"cards_removed":["Inflame"],"damage_healed":0,"gold_gain":0,"player_choice":"Removed Power","damage_taken":0,"max_hp_gain":0,"max_hp_loss":0,"event_name":"Falling","floor":45,"gold_loss":0},{"damage_healed":0,"gold_gain":0,"player_choice":"Paid","damage_taken":0,"relics_obtained":["Red Mask"],"max_hp_gain":0,"max_hp_loss":0,"event_name":"Tomb of Lord Red Mask","floor":46,"gold_loss":97},{"damage_healed":0,"gold_gain":0,"player_choice":"Embrace Madness","damage_taken":11,"max_hp_gain":0,"max_hp_loss":0,"event_name":"Winding Halls","floor":48,"gold_loss":0,"cards_obtained":["Madness","Madness"]}],"is_beta":false,"boss_relics":[{"not_picked":["Pandora\u0027s Box","Velvet Choker"],"picked":"Sozu"},{"not_picked":["White Beast Statue","Runic Dome"],"picked":"Eternal Feather"}],"items_purged_floors":[],"is_endless":false,"potions_floor_spawned":[7,13,16,23,25,36,39],"killed_by":"Donu and Deca","ascension_level":12}