{"gold_per_floor":[18,18,18,33,33,68,68,103,103,117,137,153,153,183,183,280,280,300,318,332,77,94,94],"floor_reached":23,"playtime":1372,"items_purged":[],"score":213,"play_id":"8e0dd32f-17e4-4743-b192-0fc5641eba04","local_time":"20190612231725","is_ascension_mode":false,"campfire_choices":[{"floor":7,"key":"REST"},{"floor":13,"key":"REST"},{"floor":15,"key":"REST"}],"neow_cost":"NO_GOLD","seed_source_timestamp":430058319142882,"circlet_count":0,"master_deck":["Defend_G","Defend_G","Defend_G","Defend_G","Strike_G","Strike_G","Strike_G","Strike_G","Survivor","Neutralize","Sucker Punch","Normality","Sucker Punch","Dagger Throw","Dash","Corpse Explosion","Prepared","Dagger Throw","Finisher","Dagger Throw","Cloak And Dagger","Endless Agony","Cloak And Dagger+1"],"relics":["Ring of the Snake","Pantograph","Paper Crane","Mercury Hourglass","Happy Flower","Orrery"],"potions_floor_usage":[6,10,14,16,19,20,22,22,22],"damage_taken":[{"damage":0,"enemies":"Small Slimes","floor":1,"turns":4},{"damage":8,"enemies":"Cultist","floor":4,"turns":4},{"damage":38,"enemies":"3 Sentries","floor":6,"turns":9},{"damage":24,"enemies":"Gremlin Nob","floor":8,"turns":6},{"damage":0,"enemies":"Jaw Worm","floor":10,"turns":3},{"damage":1,"enemies":"Looter","floor":11,"turns":3},{"damage":0,"enemies":"Exordium Wildlife","floor":12,"turns":2},{"damage":11,"enemies":"Lagavulin","floor":14,"turns":6},{"damage":19,"enemies":"The Guardian","floor":16,"turns":17},{"damage":0,"enemies":"Shell Parasite","floor":18,"turns":6},{"damage":29,"enemies":"2 Thieves","floor":19,"turns":3},{"damage":0,"enemies":"Snecko","floor":20,"turns":4},{"damage":26,"enemies":"Centurion and Healer","floor":22,"turns":5},{"damage":21,"enemies":"Slavers","floor":23,"turns":1}],"seed_played":"-6514242995728396318","potions_obtained":[{"floor":4,"key":"Strength Potion"},{"floor":8,"key":"Dexterity Potion"},{"floor":10,"key":"FearPotion"},{"floor":14,"key":"Block Potion"},{"floor":18,"key":"SkillPotion"},{"floor":19,"key":"SpeedPotion"}],"is_trial":false,"path_per_floor":["M","?","$","M","?","E","R","E","T","M","M","M","R","E","R","B",null,"M","M","M","$","M","E"],"character_chosen":"THE_SILENT","items_purchased":["EssenceOfSteel","PowerPotion","FearPotion","Endless Agony"],"campfire_rested":3,"item_purchase_floors":[21,21,21,21],"current_hp_per_floor":[70,70,70,62,62,24,45,21,21,21,20,20,41,30,51,51,70,70,41,41,41,15,0],"gold":94,"neow_bonus":"REMOVE_TWO","is_prod":false,"is_daily":false,"chose_seed":false,"campfire_upgraded":0,"win_rate":0,"timestamp":1560406645,"path_taken":["M","?","$","?","?","E","R","E","T","?","M","M","R","E","R","BOSS","M","?","M","?","M","E"],"build_version":"2019-01-23","purchased_purges":0,"victory":false,"max_hp_per_floor":[70,70,70,70,70,70,70,70,70,70,70,70,70,70,70,70,70,70,70,70,70,70,70],"card_choices":[{"not_picked":["Dagger Throw","Poisoned Stab"],"picked":"Sucker Punch","floor":1},{"not_picked":["PiercingWail","Finisher","Underhanded Strike"],"picked":"SKIP","floor":4},{"not_picked":["Slice","Endless Agony"],"picked":"Sucker Punch","floor":6},{"not_picked":["Doppelganger","Endless Agony"],"picked":"Dagger Throw","floor":8},{"not_picked":["Endless Agony","Backflip","Cloak And Dagger"],"picked":"SKIP","floor":10},{"not_picked":["Catalyst","Skewer"],"picked":"Dash","floor":11},{"not_picked":["Accuracy","Quick Slash","Bane"],"picked":"SKIP","floor":12},{"not_picked":["Slice","Cloak And Dagger","Dodge and Roll"],"picked":"SKIP","floor":14},{"not_picked":["Bullet Time","Die Die Die"],"picked":"Corpse Explosion","floor":16},{"not_picked":["Quick Slash","Heel Hook"],"picked":"Prepared","floor":17},{"not_picked":["Deflect","Footwork"],"picked":"Dagger Throw","floor":17},{"not_picked":["PiercingWail","Dash"],"picked":"Finisher","floor":17},{"not_picked":["Backflip","Prepared"],"picked":"Dagger Throw","floor":17},{"not_picked":["Quick Slash","Heel Hook"],"picked":"Cloak And Dagger","floor":17},{"not_picked":["Acrobatics","Quick Slash+1","Backstab"],"picked":"SKIP","floor":18},{"not_picked":["Dodge and Roll","Deflect","Malaise"],"picked":"SKIP","floor":19},{"not_picked":["Bouncing Flask","Sucker Punch","Deflect"],"picked":"SKIP","floor":20},{"not_picked":["Blade Dance","Terror"],"picked":"Cloak And Dagger+1","floor":22}],"player_experience":361022,"relics_obtained":[{"floor":6,"key":"Pantograph"},{"floor":8,"key":"Paper Crane"},{"floor":9,"key":"Mercury Hourglass"},{"floor":14,"key":"Happy Flower"}],"event_choices":[{"damage_healed":0,"gold_gain":0,"player_choice":"Cursed","damage_taken":0,"max_hp_gain":0,"max_hp_loss":0,"event_name":"Wheel of Change","floor":2,"gold_loss":0,"cards_obtained":["Decay"]},{"damage_healed":0,"gold_gain":0,"cards_transformed":["Decay"],"player_choice":"Transformed","damage_taken":0,"max_hp_gain":0,"max_hp_loss":0,"event_name":"Transmorgrifier","floor":5,"gold_loss":0,"cards_obtained":["Normality"]}],"is_beta":false,"boss_relics":[{"not_picked":["Runic Pyramid","Fusion Hammer"],"picked":"Orrery"}],"items_purged_floors":[],"is_endless":false,"potions_floor_spawned":[4,8,10,14,18,19],"killed_by":"Slavers","ascension_level":0}