{"gold_per_floor":[119,194,469,486,486,512,562,596,596,4,35,35,51,51,51,123,123,134,49,69,169,7,7,17,17,17,30,42,54,127,139,139,213,213,226,226,307,317,328,328,340,102,102,102,117,128,128,142,142,142],"floor_reached":50,"playtime":1578,"items_purged":["Regret","Strike_R"],"score":856,"play_id":"a034106a-06cf-4b89-ace6-8449ab1c753e","local_time":"20190320140348","is_ascension_mode":true,"campfire_choices":[{"data":"1","floor":12,"key":"LIFT"},{"data":"2","floor":15,"key":"LIFT"},{"data":"Double Tap","floor":23,"key":"SMITH"},{"data":"3","floor":25,"key":"LIFT"},{"data":"Spot Weakness","floor":32,"key":"PURGE"},{"data":"Perfected Strike","floor":40,"key":"PURGE"},{"data":"Heavy Blade","floor":44,"key":"SMITH"},{"floor":49,"key":"REST"}],"neow_cost":"NONE","seed_source_timestamp":5501802585147,"circlet_count":0,"master_deck":["AscendersBane","Strike_R","Strike_R+1","Strike_R","Strike_R","Defend_R","Defend_R","Defend_R+1","Defend_R","Bash","Heavy Blade+1","Pummel","Iron Wave","Whirlwind","Ghostly Armor","Double Tap+1","Shrug It Off","Sword Boomerang","Heavy Blade+1","Clothesline","Armaments+1","Metallicize","Seeing Red","Reaper","Thunderclap","Headbutt","Armaments+1","Battle Trance+1"],"relics":["Burning Blood","NeowsBlessing","Paper Frog","Ancient Tea Set","Orichalcum","Meat on the Bone","Girya","Blood Vial","Mummified Hand","Philosopher\u0027s Stone","The Courier","Peace Pipe","Sundial","Brimstone","Gremlin Horn","Self Forming Clay","Busted Crown","Blue Candle","Chemical X","Incense Burner"],"potions_floor_usage":[18,21,21,29,50,50],"damage_taken":[{"damage":0,"enemies":"2 Louse","floor":1,"turns":1},{"damage":0,"enemies":"Small Slimes","floor":4,"turns":1},{"damage":0,"enemies":"3 Sentries","floor":6,"turns":1},{"damage":38,"enemies":"Lagavulin","floor":8,"turns":6},{"damage":15,"enemies":"Gremlin Nob","floor":11,"turns":5},{"damage":0,"enemies":"Cultist","floor":13,"turns":2},{"damage":26,"enemies":"Slime Boss","floor":16,"turns":10},{"damage":0,"enemies":"3 Byrds","floor":18,"turns":4},{"damage":12,"enemies":"2 Thieves","floor":20,"turns":3},{"damage":23,"enemies":"Colosseum Slavers","floor":21,"turns":2},{"damage":23,"enemies":"Colosseum Nobs","floor":21,"turns":5},{"damage":0,"enemies":"Snake Plant","floor":24,"turns":2},{"damage":6,"enemies":"Chosen and Byrds","floor":27,"turns":2},{"damage":0,"enemies":"Sentry and Sphere","floor":28,"turns":2},{"damage":0,"enemies":"Shelled Parasite and Fungi","floor":29,"turns":2},{"damage":3,"enemies":"Centurion and Healer","floor":31,"turns":3},{"damage":25,"enemies":"Automaton","floor":33,"turns":6},{"damage":5,"enemies":"Orb Walker","floor":35,"turns":2},{"damage":29,"enemies":"3 Darklings","floor":38,"turns":5},{"damage":40,"enemies":"Writhing Mass","floor":39,"turns":4},{"damage":7,"enemies":"Jaw Worm Horde","floor":41,"turns":2},{"damage":17,"enemies":"3 Darklings","floor":45,"turns":2},{"damage":15,"enemies":"Writhing Mass","floor":46,"turns":2},{"damage":0,"enemies":"Jaw Worm Horde","floor":48,"turns":1},{"damage":81,"enemies":"Donu and Deca","floor":50,"turns":6}],"seed_played":"722072173580279723","potions_obtained":[{"floor":4,"key":"GamblersBrew"},{"floor":6,"key":"Swift Potion"},{"floor":18,"key":"LiquidBronze"},{"floor":20,"key":"FearPotion"},{"floor":28,"key":"SteroidPotion"},{"floor":31,"key":"SteroidPotion"},{"floor":35,"key":"Explosive Potion"},{"floor":48,"key":"FearPotion"}],"is_trial":false,"path_per_floor":["M","?","?","M","?","E","T","E","T","$","E","R","M","?","R","B",null,"M","?","M","?","$","R","M","R","T","M","M","M","T","M","R","B",null,"M","?","T","M","M","R","M","$","T","R","M","M","?","M","R","B"],"character_chosen":"IRONCLAD","items_purchased":["Girya","Blood Vial","Whirlwind","Brimstone","Chemical X"],"campfire_rested":1,"item_purchase_floors":[10,10,10,22,42],"current_hp_per_floor":[74,63,63,69,54,60,60,28,28,28,33,33,53,58,58,52,73,80,80,74,56,56,56,64,64,64,66,74,80,80,80,80,61,75,80,80,80,79,58,58,59,59,59,59,50,55,55,63,80,0],"gold":142,"neow_bonus":"THREE_ENEMY_KILL","is_prod":false,"is_daily":false,"chose_seed":false,"campfire_upgraded":2,"win_rate":0,"timestamp":1553105028,"path_taken":["M","?","?","?","?","E","?","E","T","$","E","R","M","?","R","BOSS","M","?","M","?","$","R","M","R","T","M","M","M","?","M","R","BOSS","M","?","?","M","M","R","M","$","T","R","M","M","?","M","R","BOSS"],"build_version":"2019-01-23","purchased_purges":2,"victory":false,"max_hp_per_floor":[75,75,75,75,75,75,75,75,75,75,75,75,75,80,80,80,80,80,80,80,80,80,80,80,80,80,80,80,80,80,80,80,80,80,80,80,80,80,80,80,80,80,80,80,80,80,80,80,80,80],"card_choices":[{"not_picked":["Havoc","Disarm"],"picked":"Heavy Blade","floor":1},{"not_picked":["Anger","Bloodletting"],"picked":"Perfected Strike","floor":4},{"not_picked":["Brutality","Fire Breathing"],"picked":"Pummel","floor":6},{"not_picked":["Dual Wield","Headbutt"],"picked":"Iron Wave","floor":8},{"not_picked":["Reckless Charge","Warcry","Havoc"],"picked":"SKIP","floor":11},{"not_picked":["Pommel Strike","Iron Wave"],"picked":"Ghostly Armor","floor":13},{"not_picked":["Impervious","Bludgeon"],"picked":"Double Tap","floor":16},{"not_picked":["Clash","Anger"],"picked":"Shrug It Off","floor":18},{"not_picked":["Perfected Strike+1","Pommel Strike"],"picked":"Spot Weakness","floor":20},{"not_picked":["Body Slam","Carnage"],"picked":"Sword Boomerang","floor":21},{"not_picked":["Anger","Whirlwind"],"picked":"Heavy Blade+1","floor":24},{"not_picked":["Feel No Pain+1","Fire Breathing"],"picked":"Clothesline","floor":27},{"not_picked":["Perfected Strike","Burning Pact"],"picked":"Armaments+1","floor":28},{"not_picked":["Evolve+1","Barricade"],"picked":"Metallicize","floor":29},{"not_picked":["Body Slam","Clothesline"],"picked":"Seeing Red","floor":31},{"not_picked":["Impervious","Brutality"],"picked":"Reaper","floor":33},{"not_picked":["Warcry"],"picked":"SKIP","floor":35},{"not_picked":[],"picked":"Thunderclap","floor":38},{"not_picked":[],"picked":"Headbutt","floor":39},{"not_picked":["Cleave+1"],"picked":"SKIP","floor":41},{"not_picked":["Clothesline"],"picked":"SKIP","floor":45},{"not_picked":[],"picked":"Armaments","floor":46},{"not_picked":[],"picked":"Battle Trance+1","floor":48}],"player_experience":418167,"relics_obtained":[{"floor":6,"key":"Paper Frog"},{"floor":7,"key":"Ancient Tea Set"},{"floor":8,"key":"Orichalcum"},{"floor":9,"key":"Meat on the Bone"},{"floor":11,"key":"Mummified Hand"},{"floor":21,"key":"Peace Pipe"},{"floor":21,"key":"Sundial"},{"floor":26,"key":"Gremlin Horn"},{"floor":30,"key":"Self Forming Clay"},{"floor":37,"key":"Blue Candle"},{"floor":43,"key":"Incense Burner"}],"event_choices":[{"damage_healed":0,"gold_gain":75,"player_choice":"Gather Gold","damage_taken":11,"max_hp_gain":0,"max_hp_loss":0,"event_name":"World of Goop","floor":2,"gold_loss":0},{"damage_healed":0,"gold_gain":275,"player_choice":"Desecrate","damage_taken":0,"max_hp_gain":0,"max_hp_loss":0,"event_name":"Golden Shrine","floor":3,"gold_loss":0,"cards_obtained":["Regret"]},{"damage_healed":0,"gold_gain":0,"player_choice":"Entered Light","damage_taken":15,"max_hp_gain":0,"max_hp_loss":0,"event_name":"Shining Light","floor":5,"gold_loss":0,"cards_upgraded":["Strike_R","Defend_R"]},{"damage_healed":0,"gold_gain":0,"player_choice":"Donut","damage_taken":0,"max_hp_gain":5,"max_hp_loss":0,"event_name":"Big Fish","floor":14,"gold_loss":0},{"damage_healed":0,"gold_gain":0,"player_choice":"Obtained Relic","damage_taken":0,"relics_obtained":["The Courier"],"max_hp_gain":0,"max_hp_loss":0,"event_name":"Addict","floor":19,"gold_loss":85},{"damage_healed":0,"gold_gain":0,"player_choice":"Fight","damage_taken":0,"max_hp_gain":0,"max_hp_loss":0,"event_name":"Colosseum","floor":21,"gold_loss":0},{"damage_healed":0,"gold_gain":0,"player_choice":"Fought Nobs","damage_taken":0,"max_hp_gain":0,"max_hp_loss":0,"event_name":"Colosseum","floor":21,"gold_loss":0},{"damage_healed":0,"gold_gain":0,"player_choice":"Ignored","damage_taken":0,"max_hp_gain":0,"max_hp_loss":0,"event_name":"Tomb of Lord Red Mask","floor":36,"gold_loss":0},{"damage_healed":0,"gold_gain":0,"player_choice":"Upgraded","damage_taken":0,"max_hp_gain":0,"max_hp_loss":0,"event_name":"Upgrade Shrine","floor":47,"gold_loss":0,"cards_upgraded":["Armaments"]}],"is_beta":false,"boss_relics":[{"not_picked":["Empty Cage","Snecko Eye"],"picked":"Philosopher\u0027s Stone"},{"not_picked":["Sozu","Runic Pyramid"],"picked":"Busted Crown"}],"items_purged_floors":[10,42],"is_endless":false,"potions_floor_spawned":[4,6,11,16,18,20,28,31,35,45,46,48],"killed_by":"Donu and Deca","ascension_level":14}