{"gold_per_floor":[113,113,129,142,142,174,174,187,214,214,253,147,123,164,164,164],"floor_reached":16,"playtime":648,"items_purged":[],"score":195,"play_id":"ce6a84b3-3e33-45c6-9a61-a5a7f155b9c4","local_time":"20190320184512","is_ascension_mode":true,"campfire_choices":[{"floor":7,"key":"REST"},{"floor":15,"key":"REST"}],"neow_cost":"NONE","seed_source_timestamp":3867661782759,"circlet_count":0,"master_deck":["AscendersBane","Defend_G","Defend_G","Defend_G","Defend_G","Defend_G","Strike_G","Strike_G","Strike_G","Strike_G","Strike_G","Survivor","Neutralize","Dagger Throw","Escape Plan","Underhanded Strike","Footwork","Dash","Well Laid Plans","Swift Strike","Sucker Punch"],"relics":["Ring of the Snake","NeowsBlessing","Regal Pillow","Happy Flower","Potion Belt","Golden Idol","MawBank","Omamori"],"potions_floor_usage":[11,16,16],"damage_taken":[{"damage":0,"enemies":"Cultist","floor":1,"turns":1},{"damage":0,"enemies":"Jaw Worm","floor":3,"turns":1},{"damage":0,"enemies":"2 Louse","floor":4,"turns":1},{"damage":43,"enemies":"3 Sentries","floor":6,"turns":16},{"damage":17,"enemies":"Large Slime","floor":8,"turns":6},{"damage":31,"enemies":"Gremlin Nob","floor":11,"turns":5},{"damage":6,"enemies":"Lagavulin","floor":14,"turns":10},{"damage":39,"enemies":"Slime Boss","floor":16,"turns":9}],"seed_played":"-2273921772902382157","potions_obtained":[{"floor":6,"key":"GamblersBrew"},{"floor":8,"key":"SkillPotion"},{"floor":14,"key":"SneckoOil"}],"is_trial":false,"path_per_floor":["M","?","M","M","$","E","R","M","T","?","E","$","?","E","R","B"],"character_chosen":"THE_SILENT","items_purchased":["Well Laid Plans","Swift Strike"],"campfire_rested":2,"item_purchase_floors":[12,12],"current_hp_per_floor":[63,63,63,63,63,20,56,39,39,39,8,8,8,2,36,0],"gold":164,"neow_bonus":"THREE_ENEMY_KILL","is_prod":false,"is_daily":false,"chose_seed":false,"campfire_upgraded":0,"win_rate":0,"timestamp":1553121912,"path_taken":["M","?","M","?","$","E","R","M","T","?","E","$","?","E","R","BOSS"],"build_version":"2019-01-23","purchased_purges":0,"victory":false,"max_hp_per_floor":[70,70,70,70,70,70,70,70,70,65,65,65,65,65,65,65],"card_choices":[{"not_picked":["Bane","Acrobatics"],"picked":"Prepared","floor":1},{"not_picked":["Concentrate","Dodge and Roll"],"picked":"Dagger Throw","floor":3},{"not_picked":["Reflex","PiercingWail"],"picked":"Escape Plan","floor":4},{"not_picked":["Masterful Stab","Prepared"],"picked":"Underhanded Strike","floor":6},{"not_picked":["Deadly Poison","Tactician"],"picked":"Footwork","floor":8},{"not_picked":["Bane","Grand Finale"],"picked":"Dash","floor":11},{"not_picked":["Quick Slash","Accuracy"],"picked":"Sucker Punch","floor":14}],"player_experience":428877,"relics_obtained":[{"floor":6,"key":"Happy Flower"},{"floor":9,"key":"Potion Belt"},{"floor":11,"key":"MawBank"},{"floor":14,"key":"Omamori"}],"event_choices":[{"cards_removed":["Prepared"],"damage_healed":0,"gold_gain":0,"player_choice":"Gave Card","damage_taken":0,"relics_obtained":["Regal Pillow"],"max_hp_gain":0,"max_hp_loss":0,"event_name":"WeMeetAgain","floor":2,"gold_loss":0},{"damage_healed":0,"gold_gain":0,"player_choice":"Lose Max HP","damage_taken":0,"relics_obtained":["Golden Idol"],"max_hp_gain":0,"max_hp_loss":5,"event_name":"Golden Idol","floor":10,"gold_loss":0},{"damage_healed":0,"gold_gain":0,"player_choice":"Left Gold","damage_taken":0,"max_hp_gain":0,"max_hp_loss":0,"event_name":"World of Goop","floor":13,"gold_loss":24}],"is_beta":false,"boss_relics":[],"items_purged_floors":[],"is_endless":false,"potions_floor_spawned":[6,8,14],"killed_by":"Slime Boss","ascension_level":13}