{"gold_per_floor":[212,228,244,259,43,43,1,1,53,53,53,81,91,106,106,202,202,221,221,20,32,32,48,59,59,130,145,163,188,188,201,201,201],"floor_reached":33,"playtime":1590,"items_purged":[],"score":325,"play_id":"103cb612-7269-46c0-bc47-a5b7bc8251d9","local_time":"20190622230211","is_ascension_mode":true,"campfire_choices":[{"data":"Berserk","floor":6,"key":"SMITH"},{"data":"Evolve","floor":8,"key":"SMITH"},{"data":"Bash","floor":10,"key":"SMITH"},{"floor":15,"key":"REST"},{"floor":25,"key":"REST"},{"floor":30,"key":"REST"},{"floor":32,"key":"REST"}],"neow_cost":"NONE","seed_source_timestamp":277119152183506,"circlet_count":0,"master_deck":["Strike_R","Strike_R","Strike_R","Strike_R","Defend_R","Defend_R","Defend_R","Defend_R","Bash+1","Iron Wave","Reckless Charge","Cleave","Berserk+1","Evolve+1","Blood for Blood","Wild Strike","Headbutt","Offering","Power Through+1","Shrug It Off","Wild Strike+1","Flame Barrier","Thunderclap+1","Rage","Power Through","Entrench"],"relics":["Burning Blood","Oddly Smooth Stone","Juzu Bracelet","Centennial Puzzle","Philosopher\u0027s Stone","Brimstone","MutagenicStrength","Kunai","Art of War"],"potions_floor_usage":[4,12,14,18,21,27,29,33],"damage_taken":[{"damage":6,"enemies":"Cultist","floor":1,"turns":4},{"damage":5,"enemies":"Small Slimes","floor":2,"turns":5},{"damage":8,"enemies":"Jaw Worm","floor":3,"turns":4},{"damage":0,"enemies":"3 Louse","floor":4,"turns":2},{"damage":16,"enemies":"3 Sentries","floor":12,"turns":6},{"damage":10,"enemies":"Lots of Slimes","floor":13,"turns":3},{"damage":22,"enemies":"Large Slime","floor":14,"turns":5},{"damage":41,"enemies":"Hexaghost","floor":16,"turns":7},{"damage":33,"enemies":"Shell Parasite","floor":18,"turns":3},{"damage":12,"enemies":"3 Byrds","floor":21,"turns":3},{"damage":24,"enemies":"Snake Plant","floor":23,"turns":3},{"damage":4,"enemies":"Snecko","floor":24,"turns":3},{"damage":6,"enemies":"3 Cultists","floor":27,"turns":3},{"damage":24,"enemies":"Sentry and Sphere","floor":28,"turns":4},{"damage":25,"enemies":"Gremlin Leader","floor":29,"turns":6},{"damage":2,"enemies":"Snake Plant","floor":31,"turns":3},{"damage":79,"enemies":"Collector","floor":33,"turns":6}],"seed_played":"7864603660581796280","potions_obtained":[{"floor":3,"key":"Explosive Potion"},{"floor":4,"key":"Fire Potion"},{"floor":13,"key":"FearPotion"},{"floor":16,"key":"Poison Potion"},{"floor":18,"key":"Weak Potion"},{"floor":21,"key":"Explosive Potion"},{"floor":27,"key":"BloodPotion"},{"floor":29,"key":"Weak Potion"}],"is_trial":false,"path_per_floor":["M","M","M","M","$","R","?","R","T","R","?","E","M","M","R","B",null,"M","?","$","M","?","M","M","R","T","M","M","E","R","M","R","B"],"character_chosen":"IRONCLAD","items_purchased":["Evolve","Oddly Smooth Stone","Brimstone"],"campfire_rested":4,"item_purchase_floors":[5,5,20],"current_hp_per_floor":[80,80,78,80,80,80,80,80,80,80,73,63,59,43,67,32,80,53,53,53,47,47,29,31,55,55,55,37,26,50,54,78,0],"gold":201,"neow_bonus":"HUNDRED_GOLD","is_prod":false,"is_daily":false,"chose_seed":false,"campfire_upgraded":3,"win_rate":0,"timestamp":1561269731,"path_taken":["M","M","?","M","$","R","?","R","T","R","?","E","M","M","R","BOSS","M","?","$","M","?","M","M","R","T","M","M","E","R","M","R","BOSS"],"build_version":"2019-01-23","purchased_purges":0,"victory":false,"max_hp_per_floor":[80,80,80,80,80,80,80,80,80,80,80,80,80,80,80,80,80,80,80,80,80,80,80,80,80,80,80,80,80,80,80,80,80],"card_choices":[{"not_picked":["True Grit","Warcry"],"picked":"Iron Wave","floor":1},{"not_picked":["Dual Wield","Havoc"],"picked":"Reckless Charge","floor":2},{"not_picked":["Wild Strike","Seeing Red"],"picked":"Cleave","floor":3},{"not_picked":["Fire Breathing","Second Wind"],"picked":"Berserk","floor":4},{"not_picked":["Heavy Blade","Pummel"],"picked":"Blood for Blood","floor":12},{"not_picked":["Rupture","Havoc"],"picked":"Wild Strike","floor":13},{"not_picked":["Spot Weakness","Iron Wave"],"picked":"Headbutt","floor":14},{"not_picked":["Exhume","Juggernaut"],"picked":"Offering","floor":16},{"not_picked":["Sever Soul","Thunderclap"],"picked":"Power Through+1","floor":18},{"not_picked":["Perfected Strike","Body Slam"],"picked":"Wild Strike+1","floor":21},{"not_picked":["Pommel Strike","Fire Breathing"],"picked":"Flame Barrier","floor":23},{"not_picked":["Sentinel+1","Anger"],"picked":"Thunderclap+1","floor":24},{"not_picked":["Burning Pact","Infernal Blade"],"picked":"Rage","floor":27},{"not_picked":["Shrug It Off","Sword Boomerang","Fire Breathing"],"picked":"SKIP","floor":28},{"not_picked":["Anger+1","Burning Pact"],"picked":"Power Through","floor":29},{"not_picked":["Hemokinesis+1","Anger+1"],"picked":"Entrench","floor":31}],"player_experience":469986,"relics_obtained":[{"floor":9,"key":"Juzu Bracelet"},{"floor":12,"key":"Centennial Puzzle"},{"floor":26,"key":"Kunai"},{"floor":29,"key":"Art of War"}],"event_choices":[{"damage_healed":0,"gold_gain":0,"player_choice":"Left Gold","damage_taken":0,"max_hp_gain":0,"max_hp_loss":0,"event_name":"World of Goop","floor":7,"gold_loss":42},{"damage_healed":0,"gold_gain":0,"player_choice":"Fled","damage_taken":7,"max_hp_gain":0,"max_hp_loss":0,"event_name":"Scrap Ooze","floor":11,"gold_loss":0},{"damage_healed":0,"gold_gain":0,"cards_transformed":["Strike_R"],"player_choice":"Transformed","damage_taken":0,"max_hp_gain":0,"max_hp_loss":0,"event_name":"Transmorgrifier","floor":19,"gold_loss":0,"cards_obtained":["Shrug It Off"]},{"damage_healed":0,"gold_gain":0,"player_choice":"Inject Mutagens","damage_taken":0,"relics_obtained":["MutagenicStrength"],"max_hp_gain":0,"max_hp_loss":0,"event_name":"Drug Dealer","floor":22,"gold_loss":0}],"is_beta":false,"boss_relics":[{"not_picked":["Calling Bell","Orrery"],"picked":"Philosopher\u0027s Stone"}],"items_purged_floors":[],"is_endless":false,"potions_floor_spawned":[3,4,13,16,18,21,27,29],"killed_by":"Collector","ascension_level":4}