{"gold_per_floor":[18,33,8,27,0,0,23,42,68,102,102,115,150,162,162,262,262,274,374,23,23,23,23,55,55,79,97,97,72,82,92,92,92],"floor_reached":33,"playtime":2233,"items_purged":["Strike_R"],"score":330,"play_id":"97ce077a-5831-4cf6-b28e-12e9a3dd68a6","local_time":"20190620232251","is_ascension_mode":true,"campfire_choices":[{"data":"Flame Barrier","floor":6,"key":"SMITH"},{"data":"Rampage","floor":15,"key":"SMITH"},{"data":"Immolate","floor":23,"key":"SMITH"},{"data":"Immolate","floor":25,"key":"SMITH"},{"data":"Power Through","floor":28,"key":"SMITH"},{"floor":32,"key":"REST"}],"neow_cost":"NO_GOLD","seed_source_timestamp":104904284667271,"circlet_count":0,"master_deck":["Strike_R","Strike_R","Strike_R","Strike_R","Defend_R","Defend_R","Defend_R","Defend_R","Bash","Flame Barrier+1","Power Through+1","Wild Strike","Battle Trance","Cleave","Armaments","Rampage+1","Immolate+1","Immolate+1","Headbutt+1","Evolve","Havoc","Perfected Strike+1"],"relics":["Burning Blood","Pocketwatch","Odd Mushroom","Blood Vial","Happy Flower","Blue Candle","Eternal Feather","Du-Vu Doll","Molten Egg 2","ClockworkSouvenir","Nilry\u0027s Codex","Letter Opener","Art of War"],"potions_floor_usage":[7,7,10,10,16,19,27],"damage_taken":[{"damage":7,"enemies":"Jaw Worm","floor":1,"turns":3},{"damage":0,"enemies":"2 Louse","floor":2,"turns":4},{"damage":1,"enemies":"Small Slimes","floor":4,"turns":3},{"damage":0,"enemies":"The Mushroom Lair","floor":7,"turns":4},{"damage":0,"enemies":"Red Slaver","floor":8,"turns":3},{"damage":20,"enemies":"3 Sentries","floor":10,"turns":7},{"damage":13,"enemies":"Large Slime","floor":12,"turns":4},{"damage":20,"enemies":"Lagavulin","floor":13,"turns":7},{"damage":1,"enemies":"2 Fungi Beasts","floor":14,"turns":2},{"damage":28,"enemies":"The Guardian","floor":16,"turns":11},{"damage":16,"enemies":"Chosen","floor":18,"turns":5},{"damage":11,"enemies":"Colosseum Slavers","floor":19,"turns":4},{"damage":31,"enemies":"Colosseum Nobs","floor":19,"turns":3},{"damage":18,"enemies":"Gremlin Leader","floor":24,"turns":5},{"damage":0,"enemies":"Shell Parasite","floor":27,"turns":4},{"damage":7,"enemies":"Cultist and Chosen","floor":30,"turns":3},{"damage":48,"enemies":"Centurion and Healer","floor":31,"turns":5},{"damage":96,"enemies":"Champ","floor":33,"turns":12}],"seed_played":"8907370300526911264","potions_obtained":[{"floor":1,"key":"PowerPotion"},{"floor":2,"key":"PowerPotion"},{"floor":4,"key":"SteroidPotion"},{"floor":7,"key":"SkillPotion"},{"floor":14,"key":"Regen Potion"},{"floor":18,"key":"Strength Potion"},{"floor":24,"key":"Explosive Potion"}],"is_trial":false,"path_per_floor":["M","M","$","M","?","R","?","M","T","E","?","M","E","M","R","B",null,"M","?","$","?","?","R","E","R","T","M","R","$","M","M","R","B"],"character_chosen":"IRONCLAD","items_purchased":["Wild Strike","Evolve","ClockworkSouvenir","Havoc"],"campfire_rested":1,"item_purchase_floors":[3,20,20,29],"current_hp_per_floor":[79,80,80,80,80,80,80,80,80,66,66,61,49,56,56,51,80,70,44,44,70,54,66,56,68,68,76,80,80,79,38,74,0],"gold":92,"neow_bonus":"ONE_RARE_RELIC","is_prod":false,"is_daily":false,"chose_seed":false,"campfire_upgraded":5,"win_rate":0,"timestamp":1561098171,"path_taken":["M","M","$","M","?","R","?","M","T","E","?","M","E","?","R","BOSS","M","?","$","?","?","R","E","R","T","M","R","?","M","M","R","BOSS"],"build_version":"2019-01-23","purchased_purges":1,"victory":false,"max_hp_per_floor":[80,80,80,80,80,80,80,80,80,80,80,80,80,80,80,80,80,80,80,80,80,80,80,80,80,80,80,80,80,80,80,80,80],"card_choices":[{"not_picked":["Spot Weakness","Disarm"],"picked":"Flame Barrier","floor":1},{"not_picked":["Dual Wield","Feel No Pain"],"picked":"Power Through","floor":2},{"not_picked":["Sword Boomerang","Havoc","Combust"],"picked":"SKIP","floor":4},{"not_picked":["Clash","Bloodletting"],"picked":"Battle Trance","floor":7},{"not_picked":["Heavy Blade","Warcry"],"picked":"Cleave","floor":8},{"not_picked":["Berserk","Blood for Blood"],"picked":"Armaments","floor":10},{"not_picked":["Sever Soul","Spot Weakness"],"picked":"Rampage","floor":12},{"not_picked":["Flex","Dual Wield"],"picked":"Immolate","floor":13},{"not_picked":["Clash","Sever Soul","Shockwave"],"picked":"SKIP","floor":14},{"not_picked":["Reaper","Limit Break"],"picked":"Immolate","floor":16},{"not_picked":["Pommel Strike","Shockwave","Reckless Charge"],"picked":"SKIP","floor":18},{"not_picked":["Wild Strike","True Grit"],"picked":"Headbutt","floor":19},{"not_picked":["Twin Strike+1","Reckless Charge+1","Pommel Strike+1"],"picked":"SKIP","floor":24},{"not_picked":["Twin Strike+1","Juggernaut","Cleave+1"],"picked":"SKIP","floor":27},{"not_picked":["Entrench","Warcry+1"],"picked":"Perfected Strike+1","floor":30},{"not_picked":["Heavy Blade+1","Dropkick+1","Headbutt+1"],"picked":"SKIP","floor":31}],"player_experience":453216,"relics_obtained":[{"floor":7,"key":"Odd Mushroom"},{"floor":9,"key":"Blood Vial"},{"floor":10,"key":"Happy Flower"},{"floor":13,"key":"Blue Candle"},{"floor":19,"key":"Du-Vu Doll"},{"floor":19,"key":"Molten Egg 2"},{"floor":22,"key":"Nilry\u0027s Codex"},{"floor":24,"key":"Letter Opener"},{"floor":26,"key":"Art of War"}],"event_choices":[{"damage_healed":0,"gold_gain":0,"player_choice":"Left Gold","damage_taken":0,"max_hp_gain":0,"max_hp_loss":0,"event_name":"World of Goop","floor":5,"gold_loss":27},{"damage_healed":0,"gold_gain":0,"player_choice":"Fought Mushrooms","damage_taken":0,"max_hp_gain":0,"max_hp_loss":0,"event_name":"Mushrooms","floor":7,"gold_loss":0},{"damage_healed":0,"gold_gain":0,"player_choice":"Ignored","damage_taken":0,"max_hp_gain":0,"max_hp_loss":0,"event_name":"Shining Light","floor":11,"gold_loss":0},{"damage_healed":0,"gold_gain":0,"player_choice":"Fight","damage_taken":0,"max_hp_gain":0,"max_hp_loss":0,"event_name":"Colosseum","floor":19,"gold_loss":0},{"damage_healed":0,"gold_gain":0,"player_choice":"Fought Nobs","damage_taken":0,"max_hp_gain":0,"max_hp_loss":0,"event_name":"Colosseum","floor":19,"gold_loss":0},{"damage_healed":26,"gold_gain":0,"player_choice":"Heal","damage_taken":0,"max_hp_gain":0,"max_hp_loss":0,"event_name":"The Library","floor":21,"gold_loss":0},{"damage_healed":0,"gold_gain":0,"player_choice":"Obtained Book","damage_taken":16,"max_hp_gain":0,"max_hp_loss":0,"event_name":"Cursed Tome","floor":22,"gold_loss":0}],"is_beta":false,"boss_relics":[{"not_picked":["Tiny House","Lizard Tail"],"picked":"Eternal Feather"}],"items_purged_floors":[20],"is_endless":false,"potions_floor_spawned":[1,2,4,7,14,18,24],"killed_by":"Champ","ascension_level":4}