{"gold_per_floor":[10,26,46,46,57,86,86,116,139,37,50,60,114,149,149,223,223,233,145,121,141,31,31,51,51,104,104,29,29,29,29,29,29],"floor_reached":33,"playtime":1092,"items_purged":[],"score":537,"play_id":"34dc8626-41f8-4106-80ed-47e2cef64ed0","local_time":"20190403210525","is_ascension_mode":true,"campfire_choices":[{"floor":7,"key":"REST"},{"data":"Darkness","floor":15,"key":"SMITH"},{"floor":23,"key":"REST"},{"floor":25,"key":"REST"},{"data":"Defragment","floor":27,"key":"SMITH"},{"data":"Defragment","floor":29,"key":"SMITH"},{"data":"Rainbow","floor":32,"key":"SMITH"}],"neow_cost":"NO_GOLD","seed_source_timestamp":1221451997216998,"circlet_count":0,"master_deck":["AscendersBane","Strike_B","Strike_B","Strike_B","Defend_B","Defend_B","Defend_B","Defend_B","Zap","Dualcast","Rainbow+1","Doom and Gloom","Redo+1","Ball Lightning","Conserve Battery","Self Repair","Capacitor","Ball Lightning","Cold Snap","Conserve Battery","Darkness+1","Core Surge","Defragment+1","Defragment+1","Conserve Battery","Glacier"],"relics":["Cracked Core","Symbiotic Virus","PreservedInsect","Happy Flower","Anchor","Pear","Inserter","Regal Pillow","Bag of Marbles"],"potions_floor_usage":[5,14,16,20,21],"damage_taken":[{"damage":0,"enemies":"Cultist","floor":1,"turns":3},{"damage":8,"enemies":"Small Slimes","floor":2,"turns":3},{"damage":7,"enemies":"Jaw Worm","floor":3,"turns":2},{"damage":36,"enemies":"Exordium Thugs","floor":5,"turns":5},{"damage":19,"enemies":"3 Sentries","floor":6,"turns":6},{"damage":18,"enemies":"Lagavulin","floor":8,"turns":6},{"damage":1,"enemies":"2 Fungi Beasts","floor":11,"turns":3},{"damage":0,"enemies":"Lots of Slimes","floor":12,"turns":3},{"damage":0,"enemies":"Gremlin Nob","floor":14,"turns":3},{"damage":21,"enemies":"The Guardian","floor":16,"turns":8},{"damage":11,"enemies":"Chosen","floor":18,"turns":5},{"damage":18,"enemies":"2 Thieves","floor":20,"turns":4},{"damage":25,"enemies":"Cultist and Chosen","floor":21,"turns":6},{"damage":26,"enemies":"Sentry and Sphere","floor":24,"turns":6},{"damage":73,"enemies":"Collector","floor":33,"turns":8}],"seed_played":"-8104064253136013980","potions_obtained":[{"floor":1,"key":"Regen Potion"},{"floor":3,"key":"Block Potion"},{"floor":8,"key":"Poison Potion"},{"floor":11,"key":"FocusPotion"},{"floor":18,"key":"GamblersBrew"},{"floor":20,"key":"GamblersBrew"}],"is_trial":false,"path_per_floor":["M","M","M","?","M","E","R","E","T","$","M","M","?","E","R","B",null,"M","$","M","M","?","R","M","R","T","R","$","R","$","T","R","B"],"character_chosen":"DEFECT","items_purchased":["Capacitor","Ball Lightning","Defragment","Glacier"],"campfire_rested":3,"item_purchase_floors":[10,10,19,28],"current_hp_per_floor":[64,56,49,49,22,3,24,6,6,6,12,19,19,36,36,22,66,62,62,51,33,33,57,38,62,62,62,62,62,62,62,62,0],"gold":29,"neow_bonus":"THREE_RARE_CARDS","is_prod":false,"is_daily":false,"chose_seed":false,"campfire_upgraded":4,"win_rate":0,"timestamp":1554339925,"path_taken":["M","M","M","?","M","E","R","E","T","$","M","?","?","E","R","BOSS","M","$","M","M","?","R","M","R","T","R","?","R","$","?","R","BOSS"],"build_version":"2019-01-23","purchased_purges":0,"victory":false,"max_hp_per_floor":[71,71,71,71,71,71,71,71,71,71,71,71,71,81,81,81,81,81,81,81,81,81,81,81,81,81,81,81,81,81,81,81,81],"card_choices":[{"not_picked":["Seek","Multi-Cast"],"picked":"Rainbow","floor":0},{"not_picked":["Loop","Aggregate","Gash"],"picked":"SKIP","floor":1},{"not_picked":["Beam Cell","Auto Shields"],"picked":"Doom and Gloom","floor":2},{"not_picked":["Lockon","Beam Cell"],"picked":"Redo","floor":3},{"not_picked":["Skim","Coolheaded"],"picked":"Ball Lightning","floor":5},{"not_picked":["Hello World","Undo"],"picked":"Conserve Battery","floor":6},{"not_picked":["Recycle","Storm"],"picked":"Self Repair","floor":8},{"not_picked":["Barrage","Redo"],"picked":"Cold Snap","floor":11},{"not_picked":["Hyperbeam","Capacitor"],"picked":"Conserve Battery","floor":12},{"not_picked":["Reprogram","Reinforced Body"],"picked":"Darkness","floor":14},{"not_picked":["Hyperbeam","Creative AI"],"picked":"Core Surge","floor":16},{"not_picked":["Conserve Battery","Scrape"],"picked":"Defragment","floor":18},{"not_picked":["Ball Lightning","Gash","Melter"],"picked":"SKIP","floor":20},{"not_picked":["Redo","Go for the Eyes"],"picked":"Conserve Battery","floor":21},{"not_picked":["Lockon","Redo","Genetic Algorithm"],"picked":"SKIP","floor":24}],"player_experience":506125,"relics_obtained":[{"floor":6,"key":"PreservedInsect"},{"floor":8,"key":"Happy Flower"},{"floor":9,"key":"Anchor"},{"floor":14,"key":"Pear"},{"floor":26,"key":"Regal Pillow"},{"floor":31,"key":"Bag of Marbles"}],"event_choices":[{"damage_healed":0,"gold_gain":0,"player_choice":"Gave Potion","damage_taken":0,"relics_obtained":["Symbiotic Virus"],"max_hp_gain":0,"max_hp_loss":0,"event_name":"WeMeetAgain","floor":4,"gold_loss":0},{"damage_healed":0,"gold_gain":54,"player_choice":"Gained Gold","damage_taken":0,"max_hp_gain":0,"max_hp_loss":0,"event_name":"Golden Wing","floor":13,"gold_loss":0},{"cards_removed":["Strike_B"],"damage_healed":0,"gold_gain":0,"player_choice":"Upgrade and Remove","damage_taken":0,"max_hp_gain":0,"max_hp_loss":0,"event_name":"Designer","floor":22,"gold_loss":110,"cards_upgraded":["Redo"]}],"is_beta":false,"boss_relics":[{"not_picked":["Runic Dome","Nuclear Battery"],"picked":"Inserter"}],"items_purged_floors":[],"is_endless":false,"potions_floor_spawned":[1,3,8,11,12,18,20],"killed_by":"Collector","ascension_level":17}