{"gold_per_floor":[109,122,122,63,63,63,98,112,138,138,157,189,207,235,247,259],"floor_reached":16,"playtime":470,"items_purged":[],"score":261,"play_id":"2301a933-d77e-49ea-b555-d5939cddcc6a","local_time":"20190511191533","is_ascension_mode":true,"campfire_choices":[{"data":"Shrug It Off","floor":6,"key":"SMITH"},{"floor":15,"key":"REST"}],"neow_cost":"NONE","seed_source_timestamp":487324907468605,"circlet_count":0,"master_deck":["AscendersBane","Strike_R","Strike_R","Strike_R","Strike_R","Strike_R","Defend_R","Defend_R","Defend_R","Bash","Perfected Strike","Power Through","Shrug It Off+1","Juggernaut+1","Flame Barrier+1","Warcry","Pommel Strike","Armaments"],"relics":["Burning Blood","NeowsBlessing","Pantograph","Strawberry","Juzu Bracelet","Bag of Marbles","MawBank"],"potions_floor_usage":[12,12,14,16],"damage_taken":[{"damage":0,"enemies":"Cultist","floor":1,"turns":1},{"damage":0,"enemies":"Jaw Worm","floor":2,"turns":1},{"damage":0,"enemies":"3 Sentries","floor":7,"turns":2},{"damage":0,"enemies":"Small Slimes","floor":8,"turns":4},{"damage":0,"enemies":"3 Louse","floor":11,"turns":5},{"damage":42,"enemies":"Gremlin Nob","floor":12,"turns":6},{"damage":0,"enemies":"2 Fungi Beasts","floor":13,"turns":3},{"damage":30,"enemies":"3 Sentries","floor":14,"turns":8},{"damage":59,"enemies":"Slime Boss","floor":16,"turns":6}],"seed_played":"1751650645194332020","potions_obtained":[{"floor":2,"key":"Dexterity Potion"},{"floor":7,"key":"Block Potion"},{"floor":12,"key":"Swift Potion"},{"floor":14,"key":"Swift Potion"}],"is_trial":false,"path_per_floor":["M","M","?","$","T","R","E","M","T","?","M","E","M","E","R","B"],"character_chosen":"IRONCLAD","items_purchased":["Shrug It Off"],"campfire_rested":1,"item_purchase_floors":[4],"current_hp_per_floor":[74,75,75,75,75,75,82,82,82,57,63,27,33,9,33,0],"gold":259,"neow_bonus":"THREE_ENEMY_KILL","is_prod":false,"is_daily":false,"chose_seed":false,"campfire_upgraded":1,"win_rate":0,"timestamp":1557627333,"path_taken":["M","M","?","$","?","R","E","M","T","?","M","E","M","E","R","BOSS"],"build_version":"2019-01-23","purchased_purges":0,"victory":false,"max_hp_per_floor":[75,75,75,75,75,75,82,82,82,82,82,82,82,82,82,82],"card_choices":[{"not_picked":["Thunderclap","Havoc"],"picked":"Perfected Strike","floor":1},{"not_picked":["Flex","Sever Soul"],"picked":"Power Through","floor":2},{"not_picked":["Anger","Thunderclap"],"picked":"Juggernaut","floor":7},{"not_picked":["Thunderclap","True Grit"],"picked":"Flame Barrier","floor":8},{"not_picked":["Infernal Blade","Flex"],"picked":"Warcry","floor":11},{"not_picked":["Reckless Charge","Spot Weakness"],"picked":"Pommel Strike","floor":12},{"not_picked":["Anger","Warcry"],"picked":"Armaments","floor":13},{"not_picked":["Whirlwind","Sword Boomerang","Intimidate"],"picked":"SKIP","floor":14}],"player_experience":912412,"relics_obtained":[{"floor":5,"key":"Pantograph"},{"floor":7,"key":"Strawberry"},{"floor":9,"key":"Juzu Bracelet"},{"floor":12,"key":"Bag of Marbles"},{"floor":14,"key":"MawBank"}],"event_choices":[{"cards_removed":["Defend_R"],"damage_healed":0,"gold_gain":0,"player_choice":"Offered Basic","damage_taken":0,"max_hp_gain":0,"max_hp_loss":0,"event_name":"Bonfire Elementals","floor":3,"gold_loss":0},{"damage_healed":0,"gold_gain":0,"player_choice":"Entered Light","damage_taken":25,"max_hp_gain":0,"max_hp_loss":0,"event_name":"Shining Light","floor":10,"gold_loss":0,"cards_upgraded":["Flame Barrier","Juggernaut"]}],"is_beta":false,"boss_relics":[],"items_purged_floors":[],"is_endless":false,"potions_floor_spawned":[2,7,12,14],"killed_by":"Slime Boss","ascension_level":16}