{"gold_per_floor":[210,210,46,46,60,90,90,102,126,126,158,158,218,230,230,306,306,319,319,350,350],"floor_reached":21,"playtime":672,"items_purged":[],"score":386,"play_id":"300a240b-f255-4b17-a982-955bd05cd409","local_time":"20190627204038","is_ascension_mode":true,"campfire_choices":[{"data":"Inflame","floor":7,"key":"SMITH"},{"floor":15,"key":"REST"}],"neow_cost":"NONE","seed_source_timestamp":1287892412745945,"circlet_count":0,"master_deck":["AscendersBane","Defend_R","Defend_R","Defend_R","Defend_R","Bash","Shockwave","Headbutt","Inflame+1","Shrug It Off","Flame Barrier","Parasite","Sword Boomerang","Spot Weakness","Dark Embrace","Sword Boomerang","Bite","Bite","Bite","Bite","Bite","Dropkick"],"relics":["Burning Blood","Anchor","Bronze Scales","Bag of Preparation","Du-Vu Doll","Blue Candle","Dead Branch","White Beast Statue","Red Mask"],"potions_floor_usage":[6,11,18,20,21],"damage_taken":[{"damage":16,"enemies":"Jaw Worm","floor":1,"turns":5},{"damage":1,"enemies":"2 Louse","floor":5,"turns":3},{"damage":25,"enemies":"Lagavulin","floor":6,"turns":7},{"damage":0,"enemies":"Cultist","floor":8,"turns":3},{"damage":24,"enemies":"Gremlin Nob","floor":11,"turns":3},{"damage":44,"enemies":"Lagavulin Event","floor":13,"turns":7},{"damage":0,"enemies":"Exordium Thugs","floor":14,"turns":4},{"damage":27,"enemies":"Hexaghost","floor":16,"turns":7},{"damage":16,"enemies":"2 Thieves","floor":18,"turns":5},{"damage":44,"enemies":"Masked Bandits","floor":20,"turns":4},{"damage":24,"enemies":"Spheric Guardian","floor":21,"turns":3}],"seed_played":"747137407110594768","potions_obtained":[{"floor":1,"key":"PowerPotion"},{"floor":8,"key":"GamblersBrew"},{"floor":16,"key":"EssenceOfSteel"},{"floor":18,"key":"Explosive Potion"},{"floor":20,"key":"GamblersBrew"}],"is_trial":false,"path_per_floor":["M","?","$","?","M","E","R","M","T","T","E","?","?","M","R","B",null,"M","?","?","M"],"character_chosen":"IRONCLAD","items_purchased":["Anchor"],"campfire_rested":1,"item_purchase_floors":[3],"current_hp_per_floor":[58,75,75,75,75,56,56,62,62,62,44,62,24,30,52,31,64,54,52,20,0],"gold":350,"neow_bonus":"HUNDRED_GOLD","is_prod":false,"is_daily":false,"chose_seed":false,"campfire_upgraded":1,"win_rate":0,"timestamp":1561693238,"path_taken":["M","?","$","?","M","E","R","?","T","?","E","?","?","M","R","BOSS","M","?","?","M"],"build_version":"2019-01-23","purchased_purges":0,"victory":false,"max_hp_per_floor":[75,75,75,75,75,75,75,75,75,75,75,75,75,75,75,75,75,75,52,52,52],"card_choices":[{"not_picked":["Sentinel","Rupture"],"picked":"Flex","floor":1},{"not_picked":["Cleave","Wild Strike"],"picked":"Headbutt","floor":5},{"not_picked":["Metallicize","Hemokinesis"],"picked":"Inflame","floor":6},{"not_picked":["Sentinel","Searing Blow"],"picked":"Shrug It Off","floor":8},{"not_picked":["Shrug It Off","Sword Boomerang"],"picked":"Flame Barrier","floor":11},{"not_picked":["Thunderclap","Evolve"],"picked":"Sword Boomerang","floor":13},{"not_picked":["Havoc","Thunderclap"],"picked":"Spot Weakness","floor":14},{"not_picked":["Bludgeon","Juggernaut"],"picked":"Dark Embrace","floor":16},{"not_picked":["Fire Breathing","Clothesline+1"],"picked":"Sword Boomerang","floor":18},{"not_picked":["Anger","True Grit"],"picked":"Dropkick","floor":20}],"player_experience":1086690,"relics_obtained":[{"floor":6,"key":"Bronze Scales"},{"floor":9,"key":"Bag of Preparation"},{"floor":10,"key":"Du-Vu Doll"},{"floor":11,"key":"Blue Candle"},{"floor":13,"key":"Dead Branch"},{"floor":20,"key":"Red Mask"}],"event_choices":[{"damage_healed":25,"gold_gain":0,"player_choice":"Banana","damage_taken":0,"max_hp_gain":0,"max_hp_loss":0,"event_name":"Big Fish","floor":2,"gold_loss":0},{"damage_healed":0,"gold_gain":0,"cards_transformed":["Flex"],"player_choice":"Transformed","damage_taken":0,"max_hp_gain":0,"max_hp_loss":0,"event_name":"Transmorgrifier","floor":4,"gold_loss":0,"cards_obtained":["Shockwave"]},{"damage_healed":18,"gold_gain":0,"player_choice":"Healed and dodged fight","damage_taken":0,"max_hp_gain":0,"max_hp_loss":0,"event_name":"Mushrooms","floor":12,"gold_loss":0,"cards_obtained":["Parasite"]},{"damage_healed":0,"gold_gain":0,"player_choice":"Searched \u00271\u0027 times","damage_taken":0,"max_hp_gain":0,"max_hp_loss":0,"event_name":"Dead Adventurer","floor":13,"gold_loss":0},{"damage_healed":0,"gold_gain":0,"player_choice":"Became a vampire","damage_taken":0,"max_hp_gain":0,"max_hp_loss":23,"event_name":"Vampires","floor":19,"gold_loss":0,"cards_obtained":["Bite","Bite","Bite","Bite","Bite"]},{"damage_healed":0,"gold_gain":0,"player_choice":"Fought Bandits","damage_taken":0,"max_hp_gain":0,"max_hp_loss":0,"event_name":"Masked Bandits","floor":20,"gold_loss":0}],"is_beta":false,"boss_relics":[{"not_picked":["Philosopher\u0027s Stone","Runic Cube"],"picked":"White Beast Statue"}],"items_purged_floors":[],"is_endless":false,"potions_floor_spawned":[1,8,16,18,20],"killed_by":"Spheric Guardian","ascension_level":19}