{"gold_per_floor":[19,19,33,50,63,92,92,126,126,137,155,155,184,204,204,204],"floor_reached":16,"playtime":627,"items_purged":[],"score":236,"play_id":"f0ad82bc-88e9-46c6-baa9-90886a36274a","local_time":"20190331173641","is_ascension_mode":true,"campfire_choices":[{"data":"Bludgeon","floor":12,"key":"SMITH"},{"data":"Seeing Red","floor":15,"key":"SMITH"}],"neow_cost":"NO_GOLD","seed_source_timestamp":950193821132383,"circlet_count":0,"master_deck":["AscendersBane","Strike_R","Strike_R","Strike_R","Strike_R","Defend_R","Defend_R","Defend_R","Bash","Bludgeon+1","Juggernaut","Clothesline","Spot Weakness","Whirlwind","Immolate+1","Seeing Red+1"],"relics":["Burning Blood","Meat on the Bone","Mummified Hand","Kunai","Matryoshka","Art of War","Ancient Tea Set","Molten Egg 2"],"potions_floor_usage":[6,8,11,16,16,16,16],"damage_taken":[{"damage":0,"enemies":"Small Slimes","floor":1,"turns":3},{"damage":12,"enemies":"Jaw Worm","floor":3,"turns":3},{"damage":11,"enemies":"Cultist","floor":4,"turns":4},{"damage":30,"enemies":"Large Slime","floor":5,"turns":6},{"damage":8,"enemies":"Gremlin Nob","floor":6,"turns":3},{"damage":18,"enemies":"3 Sentries","floor":8,"turns":5},{"damage":12,"enemies":"Looter","floor":10,"turns":3},{"damage":34,"enemies":"Exordium Thugs","floor":11,"turns":4},{"damage":20,"enemies":"Lagavulin","floor":13,"turns":7},{"damage":0,"enemies":"2 Fungi Beasts","floor":14,"turns":1},{"damage":60,"enemies":"The Guardian","floor":16,"turns":9}],"seed_played":"7096085915222485847","potions_obtained":[{"floor":1,"key":"Weak Potion"},{"floor":4,"key":"Ancient Potion"},{"floor":6,"key":"PowerPotion"},{"floor":10,"key":"BloodPotion"},{"floor":11,"key":"EntropicBrew"}],"is_trial":false,"path_per_floor":["M","?","M","M","M","E","T","E","T","M","M","R","E","M","R","B"],"character_chosen":"IRONCLAD","items_purchased":[],"campfire_rested":0,"item_purchase_floors":[],"current_hp_per_floor":[74,56,50,45,33,43,43,43,43,49,33,33,31,49,49,0],"gold":204,"neow_bonus":"TRANSFORM_TWO_CARDS","is_prod":false,"is_daily":false,"chose_seed":false,"campfire_upgraded":2,"win_rate":0,"timestamp":1554068201,"path_taken":["M","?","M","M","M","E","?","E","T","M","M","R","E","M","R","BOSS"],"build_version":"2019-01-23","purchased_purges":0,"victory":false,"max_hp_per_floor":[75,75,75,75,75,75,75,75,75,75,75,75,75,75,75,75],"card_choices":[{"not_picked":["Carnage","Warcry"],"picked":"Clothesline","floor":1},{"not_picked":["Havoc","Second Wind","Corruption"],"picked":"SKIP","floor":3},{"not_picked":["Clothesline","Evolve","Fire Breathing"],"picked":"SKIP","floor":4},{"not_picked":["Perfected Strike","Wild Strike"],"picked":"Spot Weakness","floor":5},{"not_picked":["Clothesline","Havoc","Flex"],"picked":"SKIP","floor":6},{"not_picked":["Wild Strike","Thunderclap","Body Slam"],"picked":"SKIP","floor":8},{"not_picked":["Headbutt","Body Slam","Searing Blow"],"picked":"SKIP","floor":10},{"not_picked":["Burning Pact","Dual Wield"],"picked":"Whirlwind","floor":11},{"not_picked":["Pommel Strike","Shrug It Off"],"picked":"Immolate","floor":13},{"not_picked":["Battle Trance","Wild Strike+1"],"picked":"Seeing Red","floor":14}],"player_experience":486328,"relics_obtained":[{"floor":6,"key":"Mummified Hand"},{"floor":7,"key":"Kunai"},{"floor":8,"key":"Matryoshka"},{"floor":9,"key":"Art of War"},{"floor":9,"key":"Ancient Tea Set"},{"floor":13,"key":"Molten Egg 2"}],"event_choices":[{"damage_healed":0,"gold_gain":0,"player_choice":"Success","damage_taken":18,"relics_obtained":["Meat on the Bone"],"max_hp_gain":0,"max_hp_loss":0,"event_name":"Scrap Ooze","floor":2,"gold_loss":0}],"is_beta":false,"boss_relics":[],"items_purged_floors":[],"is_endless":false,"potions_floor_spawned":[1,4,6,10,11],"killed_by":"The Guardian","ascension_level":18}