{"gold_per_floor":[110,121,131,131,141,141,169,169,169,180,180,31,57,22,22,22],"floor_reached":16,"playtime":1026,"items_purged":["Strike_G"],"score":110,"play_id":"c5ba7bdd-bd0f-40df-9608-bca379c983a3","local_time":"20190627225840","is_ascension_mode":false,"campfire_choices":[{"floor":6,"key":"REST"},{"data":"Tactician","floor":11,"key":"SMITH"},{"data":"Neutralize","floor":15,"key":"SMITH"}],"neow_cost":"NONE","seed_source_timestamp":424277283573749,"circlet_count":0,"master_deck":["Defend_G+1","Defend_G+1","Defend_G","Defend_G","Defend_G","Strike_G","Strike_G","Strike_G","Survivor","Neutralize+1","Quick Slash","Tactician+1","Dagger Spray","Choke","Deflect","Dash","Well Laid Plans+1"],"relics":["Ring of the Snake","War Paint","Ginger","Meat on the Bone","Frozen Egg 2"],"potions_floor_usage":[],"damage_taken":[{"damage":0,"enemies":"Jaw Worm","floor":1,"turns":4},{"damage":0,"enemies":"2 Louse","floor":2,"turns":3},{"damage":0,"enemies":"Cultist","floor":3,"turns":4},{"damage":15,"enemies":"Large Slime","floor":5,"turns":8},{"damage":41,"enemies":"Lagavulin","floor":7,"turns":9},{"damage":0,"enemies":"Blue Slaver","floor":10,"turns":4},{"damage":19,"enemies":"3 Sentries","floor":13,"turns":8},{"damage":50,"enemies":"Hexaghost","floor":16,"turns":16}],"seed_played":"3387421058905842510","potions_obtained":[{"floor":13,"key":"Strength Potion"}],"is_trial":false,"path_per_floor":["M","M","M","?","M","R","E","?","T","M","R","$","E","?","R","B"],"character_chosen":"THE_SILENT","items_purchased":["Dash"],"campfire_rested":1,"item_purchase_floors":[12],"current_hp_per_floor":[70,70,70,63,48,69,28,28,28,40,40,40,33,50,50,0],"gold":22,"neow_bonus":"RANDOM_COMMON_RELIC","is_prod":false,"is_daily":false,"chose_seed":false,"campfire_upgraded":2,"win_rate":0,"timestamp":1561701520,"path_taken":["M","M","M","?","M","R","E","?","T","?","R","$","E","?","R","BOSS"],"build_version":"2019-01-23","purchased_purges":1,"victory":false,"max_hp_per_floor":[70,70,70,70,70,70,70,70,70,70,70,70,70,70,70,70],"card_choices":[{"not_picked":["Outmaneuver","Deadly Poison"],"picked":"Quick Slash","floor":1},{"not_picked":["Acrobatics","Underhanded Strike"],"picked":"Tactician","floor":2},{"not_picked":["Reflex","Finisher"],"picked":"Dagger Spray","floor":3},{"not_picked":["Backflip","PiercingWail"],"picked":"Choke","floor":5},{"not_picked":["Outmaneuver","Accuracy","Bane"],"picked":"SKIP","floor":7},{"not_picked":["Backflip","Poisoned Stab"],"picked":"Deflect","floor":10},{"not_picked":["Reflex","Choke"],"picked":"Well Laid Plans","floor":13}],"player_experience":502561,"relics_obtained":[{"floor":7,"key":"Ginger"},{"floor":9,"key":"Meat on the Bone"},{"floor":13,"key":"Frozen Egg 2"}],"event_choices":[{"cards_removed":["Strike_G"],"damage_healed":0,"gold_gain":0,"player_choice":"Card Removal","damage_taken":7,"max_hp_gain":0,"max_hp_loss":0,"event_name":"Golden Wing","floor":4,"gold_loss":0},{"damage_healed":0,"gold_gain":0,"player_choice":"Leave","damage_taken":0,"max_hp_gain":0,"max_hp_loss":0,"event_name":"FaceTrader","floor":8,"gold_loss":0},{"damage_healed":17,"gold_gain":0,"player_choice":"Healed","damage_taken":0,"max_hp_gain":0,"max_hp_loss":0,"event_name":"The Cleric","floor":14,"gold_loss":35}],"is_beta":false,"boss_relics":[],"items_purged_floors":[12],"is_endless":false,"potions_floor_spawned":[13],"killed_by":"Hexaghost","ascension_level":0}