{"gold_per_floor":[115,390,409,409,424,424,454,454,507,518,518,157,185,199,199,273,273,285,285,301,37,48,48,81,81],"floor_reached":25,"playtime":974,"items_purged":["Regret"],"score":439,"play_id":"dc389fa7-9c52-4c33-8203-ff27cd9e5b70","local_time":"20190407200215","is_ascension_mode":true,"campfire_choices":[{"data":"Streamline","floor":6,"key":"SMITH"},{"floor":11,"key":"REST"},{"data":"Creative AI","floor":15,"key":"SMITH"},{"floor":23,"key":"REST"}],"neow_cost":"NONE","seed_source_timestamp":180127445911105,"circlet_count":0,"master_deck":["AscendersBane","Strike_B","Strike_B","Strike_B","Strike_B","Defend_B","Defend_B","Defend_B","Defend_B","Zap","Dualcast","Conserve Battery","Streamline+1","Defragment","FTL","Chill","Creative AI+1","Undo","Rainbow","Ball Lightning+1","Static Discharge"],"relics":["Cracked Core","Anchor","Centennial Puzzle","Strawberry","Singing Bowl","Boot","Cursed Key","Bottled Tornado","Regal Pillow"],"potions_floor_usage":[13,16,25],"damage_taken":[{"damage":7,"enemies":"Jaw Worm","floor":1,"turns":4},{"damage":2,"enemies":"Cultist","floor":3,"turns":3},{"damage":0,"enemies":"2 Louse","floor":5,"turns":2},{"damage":42,"enemies":"3 Sentries","floor":7,"turns":9},{"damage":8,"enemies":"Blue Slaver","floor":10,"turns":3},{"damage":5,"enemies":"Lagavulin","floor":13,"turns":6},{"damage":2,"enemies":"Red Slaver","floor":14,"turns":3},{"damage":17,"enemies":"Hexaghost","floor":16,"turns":10},{"damage":15,"enemies":"Spheric Guardian","floor":18,"turns":5},{"damage":10,"enemies":"3 Byrds","floor":20,"turns":5},{"damage":10,"enemies":"Snake Plant","floor":22,"turns":4},{"damage":33,"enemies":"Slavers","floor":24,"turns":6},{"damage":32,"enemies":"Chosen and Byrds","floor":25,"turns":5}],"seed_played":"3467786361511611192","potions_obtained":[{"floor":7,"key":"SpeedPotion"},{"floor":10,"key":"Weak Potion"},{"floor":13,"key":"Poison Potion"},{"floor":18,"key":"Ancient Potion"}],"is_trial":false,"path_per_floor":["M","?","M","?","M","R","E","?","T","M","R","$","E","M","R","B",null,"M","$","M","$","M","R","E","M"],"character_chosen":"DEFECT","items_purchased":["Singing Bowl","Bottled Tornado"],"campfire_rested":2,"item_purchase_floors":[12,21],"current_hp_per_floor":[57,57,55,60,60,60,18,18,25,17,41,41,36,34,34,17,67,54,54,44,44,36,62,29,0],"gold":81,"neow_bonus":"RANDOM_COMMON_RELIC","is_prod":false,"is_daily":false,"chose_seed":false,"campfire_upgraded":2,"win_rate":0,"timestamp":1554681735,"path_taken":["M","?","?","?","M","R","E","?","T","M","R","$","E","M","R","BOSS","M","$","M","$","M","R","E","M"],"build_version":"2019-01-23","purchased_purges":1,"victory":false,"max_hp_per_floor":[71,71,71,76,76,76,76,76,83,83,83,83,83,83,83,83,83,85,85,85,85,87,87,87,87],"card_choices":[{"not_picked":["Compile Driver","Coolheaded"],"picked":"Conserve Battery","floor":1},{"not_picked":["Rebound","Recycle"],"picked":"Streamline","floor":3},{"not_picked":["Conserve Battery","Coolheaded"],"picked":"Defragment","floor":5},{"not_picked":["Barrage","Streamline"],"picked":"FTL","floor":7},{"not_picked":["Compile Driver","Stack"],"picked":"Chill","floor":10},{"not_picked":["Sweeping Beam","Aggregate"],"picked":"Creative AI","floor":13},{"not_picked":["Turbo","Hologram"],"picked":"Undo","floor":14},{"not_picked":["Creative AI","Reboot"],"picked":"Rainbow","floor":16},{"not_picked":["Chill","Loop","Turbo"],"picked":"Singing Bowl","floor":18},{"not_picked":["Hologram","Chill"],"picked":"Ball Lightning+1","floor":20},{"not_picked":["Loop","Streamline","Ball Lightning+1"],"picked":"Singing Bowl","floor":22},{"not_picked":["Blizzard+1","Leap"],"picked":"Static Discharge","floor":24}],"player_experience":540305,"relics_obtained":[{"floor":7,"key":"Centennial Puzzle"},{"floor":9,"key":"Strawberry"},{"floor":13,"key":"Boot"},{"floor":24,"key":"Regal Pillow"}],"event_choices":[{"damage_healed":0,"gold_gain":275,"player_choice":"Desecrate","damage_taken":0,"max_hp_gain":0,"max_hp_loss":0,"event_name":"Golden Shrine","floor":2,"gold_loss":0,"cards_obtained":["Regret"]},{"damage_healed":0,"gold_gain":0,"player_choice":"Donut","damage_taken":0,"max_hp_gain":5,"max_hp_loss":0,"event_name":"Big Fish","floor":4,"gold_loss":0},{"damage_healed":0,"gold_gain":0,"player_choice":"Searched \u00271\u0027 times","damage_taken":0,"max_hp_gain":0,"max_hp_loss":0,"event_name":"Dead Adventurer","floor":8,"gold_loss":0}],"is_beta":false,"boss_relics":[{"not_picked":["Calling Bell","White Beast Statue"],"picked":"Cursed Key"}],"items_purged_floors":[12],"is_endless":false,"potions_floor_spawned":[7,10,13,18],"killed_by":"Chosen and Byrds","ascension_level":18}