{"gold_per_floor":[113,113,123,123,123,123,153,153,153,40,52,70,70,90,90,192,192,208,208,218,45,45,45,79,99,124,139,139,154,154,172,172,172],"floor_reached":33,"playtime":1173,"items_purged":["Regret"],"score":350,"play_id":"cf9f4033-175f-49ea-a6bc-6a828ab4a7f7","local_time":"20190208223552","is_ascension_mode":true,"campfire_choices":[{"data":"Neutralize","floor":6,"key":"SMITH"},{"data":"Caltrops","floor":8,"key":"SMITH"},{"floor":13,"key":"REST"},{"data":"Blur","floor":15,"key":"SMITH"},{"floor":23,"key":"REST"},{"floor":28,"key":"REST"},{"floor":32,"key":"REST"}],"neow_cost":"NONE","seed_source_timestamp":740622107590511,"circlet_count":0,"master_deck":["Defend_G","Defend_G","Defend_G","Defend_G","Defend_G","Strike_G","Strike_G","Strike_G+1","Strike_G","Strike_G","Survivor+1","Neutralize+1","Dagger Spray","Caltrops+1","Predator+1","Blur+1","Backstab+1","Dagger Throw+1","Prepared","Burst","Poisoned Stab+1","RitualDagger+1","Bouncing Flask","Noxious Fumes","Die Die Die+1","Decay","Riddle With Holes+1","Backstab+1","Envenom","Dagger Spray+1","Dodge and Roll"],"relics":["Ring of the Snake","NeowsBlessing","Molten Egg 2","Dodecahedron","Bag of Preparation","Anchor","Fusion Hammer","Snake Skull","Blood Vial"],"potions_floor_usage":[33],"damage_taken":[{"damage":0,"enemies":"Jaw Worm","floor":1,"turns":1},{"damage":0,"enemies":"Small Slimes","floor":3,"turns":1},{"damage":0,"enemies":"3 Sentries","floor":7,"turns":2},{"damage":0,"enemies":"2 Louse","floor":11,"turns":3},{"damage":0,"enemies":"Large Slime","floor":12,"turns":5},{"damage":0,"enemies":"2 Fungi Beasts","floor":14,"turns":2},{"damage":58,"enemies":"Slime Boss","floor":16,"turns":12},{"damage":0,"enemies":"Chosen","floor":18,"turns":4},{"damage":14,"enemies":"3 Byrds","floor":20,"turns":2},{"damage":33,"enemies":"Book of Stabbing","floor":24,"turns":5},{"damage":0,"enemies":"Snecko","floor":25,"turns":3},{"damage":14,"enemies":"Shelled Parasite and Fungi","floor":27,"turns":3},{"damage":11,"enemies":"Centurion and Healer","floor":29,"turns":4},{"damage":0,"enemies":"3 Cultists","floor":31,"turns":3},{"damage":65,"enemies":"Automaton","floor":33,"turns":8}],"seed_played":"8926459741045844391","potions_obtained":[{"floor":1,"key":"GhostInAJar"},{"floor":3,"key":"Dexterity Potion"},{"floor":7,"key":"SkillPotion"},{"floor":29,"key":"Energy Potion"}],"is_trial":false,"path_per_floor":["M","?","M","?","?","R","E","R","T","$","M","M","R","M","R","B",null,"M","?","M","$","?","R","E","M","T","M","R","M","?","M","R","B"],"character_chosen":"THE_SILENT","items_purchased":["Blur","Noxious Fumes","Die Die Die+1"],"campfire_rested":4,"item_purchase_floors":[10,21,21],"current_hp_per_floor":[70,70,70,58,44,44,44,44,44,44,44,44,65,65,65,7,70,70,64,50,50,50,70,37,37,37,25,46,37,37,39,60,0],"gold":172,"neow_bonus":"THREE_ENEMY_KILL","is_prod":false,"is_daily":false,"chose_seed":false,"campfire_upgraded":3,"win_rate":0,"timestamp":1549683352,"path_taken":["M","?","M","?","?","R","E","R","T","$","M","M","R","M","R","BOSS","M","?","M","$","?","R","E","M","T","M","R","?","?","M","R","BOSS"],"build_version":"2019-01-23","purchased_purges":1,"victory":false,"max_hp_per_floor":[70,70,70,70,70,70,70,70,70,70,70,70,70,70,70,70,70,70,70,70,70,70,70,70,70,70,70,70,70,70,70,70,70],"card_choices":[{"not_picked":["Flying Knee","Leg Sweep"],"picked":"Dagger Spray","floor":1},{"not_picked":["Underhanded Strike+1","Finisher+1"],"picked":"Caltrops","floor":3},{"not_picked":["Dodge and Roll","Finisher+1"],"picked":"Predator+1","floor":7},{"not_picked":["Quick Slash+1","Bane+1"],"picked":"Backstab+1","floor":11},{"not_picked":["Outmaneuver","Blade Dance"],"picked":"Dagger Throw+1","floor":12},{"not_picked":["Deadly Poison","Bane+1"],"picked":"Prepared","floor":14},{"not_picked":["Night Terror","Wraith Form v2"],"picked":"Burst","floor":16},{"not_picked":["Bane+1","Acrobatics"],"picked":"Poisoned Stab+1","floor":18},{"not_picked":["Sucker Punch+1","Catalyst"],"picked":"Bouncing Flask","floor":20},{"not_picked":["Deflect","Dodge and Roll"],"picked":"Riddle With Holes+1","floor":24},{"not_picked":["Deadly Poison","Endless Agony+1"],"picked":"Backstab+1","floor":25},{"not_picked":["Quick Slash+1","Caltrops"],"picked":"Envenom","floor":27},{"not_picked":["Eviscerate+1","PiercingWail"],"picked":"Dagger Spray+1","floor":29},{"not_picked":["Underhanded Strike+1","Quick Slash+1"],"picked":"Dodge and Roll","floor":31}],"player_experience":187649,"relics_obtained":[{"floor":7,"key":"Bag of Preparation"},{"floor":9,"key":"Anchor"},{"floor":24,"key":"Snake Skull"},{"floor":26,"key":"Blood Vial"}],"event_choices":[{"damage_healed":0,"gold_gain":0,"player_choice":"Box","damage_taken":0,"relics_obtained":["Molten Egg 2"],"max_hp_gain":0,"max_hp_loss":0,"event_name":"Big Fish","floor":2,"gold_loss":0,"cards_obtained":["Regret"]},{"damage_healed":0,"gold_gain":0,"player_choice":"Success","damage_taken":12,"relics_obtained":["Dodecahedron"],"max_hp_gain":0,"max_hp_loss":0,"event_name":"Scrap Ooze","floor":4,"gold_loss":0},{"damage_healed":0,"gold_gain":0,"player_choice":"Entered Light","damage_taken":14,"max_hp_gain":0,"max_hp_loss":0,"event_name":"Shining Light","floor":5,"gold_loss":0,"cards_upgraded":["Strike_G","Survivor"]},{"damage_healed":0,"gold_gain":0,"player_choice":"Joined the Cult","damage_taken":6,"max_hp_gain":0,"max_hp_loss":0,"event_name":"Nest","floor":19,"gold_loss":0,"cards_obtained":["RitualDagger"]},{"damage_healed":0,"gold_gain":0,"player_choice":"Smashed Altar","damage_taken":0,"max_hp_gain":0,"max_hp_loss":0,"event_name":"Forgotten Altar","floor":22,"gold_loss":0,"cards_obtained":["Decay"]},{"damage_healed":0,"gold_gain":0,"player_choice":"Ignored","damage_taken":0,"max_hp_gain":0,"max_hp_loss":0,"event_name":"Ghosts","floor":30,"gold_loss":0}],"is_beta":false,"boss_relics":[{"not_picked":["White Beast Statue","Cursed Key"],"picked":"Fusion Hammer"}],"items_purged_floors":[10],"is_endless":false,"potions_floor_spawned":[1,3,7,14,24,29],"killed_by":"Automaton","ascension_level":4}