{"gold_per_floor":[109,122,136,39,59,94,110,110,110,110,138,138,158,258,258,329,329,329,0,11,25,25,25],"floor_reached":23,"playtime":798,"items_purged":["Strike_B"],"score":406,"play_id":"24a3a4dd-219e-4f76-ba51-4082e868f187","local_time":"20190614120254","is_ascension_mode":true,"campfire_choices":[{"floor":10,"key":"REST"},{"data":"Consume","floor":12,"key":"SMITH"},{"data":"Defragment","floor":15,"key":"SMITH"}],"neow_cost":"NONE","seed_source_timestamp":42870806148101,"circlet_count":0,"master_deck":["AscendersBane","Strike_B","Strike_B","Defend_B","Defend_B","Defend_B","Defend_B","Zap","Dualcast","Doom and Gloom","Sweeping Beam","Consume+1","Sunder","Ball Lightning","Genetic Algorithm","Coolheaded","Hologram","Self Repair","Defragment+1","Echo Form","Defragment","Steam","Cold Snap","Doubt"],"relics":["Cracked Core","Dream Catcher","Matryoshka","Ancient Tea Set","Art of War","Kunai","Cursed Key","Runic Capacitor","Bag of Marbles","Sundial"],"potions_floor_usage":[5,11,16,18,20,23],"damage_taken":[{"damage":3,"enemies":"2 Louse","floor":1,"turns":3},{"damage":1,"enemies":"Cultist","floor":2,"turns":3},{"damage":2,"enemies":"Jaw Worm","floor":3,"turns":3},{"damage":1,"enemies":"Blue Slaver","floor":5,"turns":2},{"damage":35,"enemies":"Lagavulin","floor":6,"turns":5},{"damage":5,"enemies":"Looter","floor":7,"turns":3},{"damage":12,"enemies":"3 Sentries","floor":11,"turns":4},{"damage":0,"enemies":"Large Slime","floor":13,"turns":3},{"damage":11,"enemies":"The Guardian","floor":16,"turns":10},{"damage":0,"enemies":"Shell Parasite","floor":18,"turns":1},{"damage":8,"enemies":"3 Byrds","floor":20,"turns":3},{"damage":25,"enemies":"Snake Plant","floor":21,"turns":5},{"damage":61,"enemies":"Book of Stabbing","floor":23,"turns":5}],"seed_played":"8156529496477532339","potions_obtained":[{"floor":3,"key":"Block Potion"},{"floor":5,"key":"SmokeBomb"},{"floor":7,"key":"Explosive Potion"},{"floor":13,"key":"FearPotion"},{"floor":16,"key":"Explosive Potion"},{"floor":21,"key":"Regen Potion"}],"is_trial":false,"path_per_floor":["M","M","M","$","M","E","M","?","T","R","E","R","M","?","R","B",null,"M","$","M","M","T","E"],"character_chosen":"DEFECT","items_purchased":["Sunder","Ball Lightning","Runic Capacitor","Defragment"],"campfire_rested":1,"item_purchase_floors":[4,4,19,19],"current_hp_per_floor":[61,60,58,58,57,22,17,10,10,31,19,19,26,26,26,22,59,59,59,58,40,40,0],"gold":25,"neow_bonus":"RANDOM_COMMON_RELIC","is_prod":false,"is_daily":false,"chose_seed":false,"campfire_upgraded":2,"win_rate":0,"timestamp":1560528174,"path_taken":["M","M","M","$","M","E","M","?","T","R","E","R","M","?","R","BOSS","M","$","M","M","?","E"],"build_version":"2019-01-23","purchased_purges":1,"victory":false,"max_hp_per_floor":[71,71,71,71,71,71,71,71,71,71,71,71,71,71,71,71,71,71,71,71,71,71,71],"card_choices":[{"not_picked":["Leap","Steam"],"picked":"Doom and Gloom","floor":1},{"not_picked":["Go for the Eyes","Redo"],"picked":"Sweeping Beam","floor":2},{"not_picked":["Leap","Storm"],"picked":"Consume","floor":3},{"not_picked":["Gash","Ball Lightning"],"picked":"Genetic Algorithm","floor":5},{"not_picked":["Lockon","Fission"],"picked":"Coolheaded","floor":6},{"not_picked":["Recycle","Redo"],"picked":"Hologram","floor":7},{"not_picked":["Leap","Go for the Eyes"],"picked":"Self Repair","floor":10},{"not_picked":["Barrage","Fission","Turbo"],"picked":"SKIP","floor":11},{"not_picked":["Cold Snap","Redo"],"picked":"Defragment","floor":13},{"not_picked":["Reboot","Core Surge"],"picked":"Echo Form","floor":16},{"not_picked":["Steam","Gash","Tempest"],"picked":"SKIP","floor":20},{"not_picked":["Gash","Tempest"],"picked":"Steam","floor":20},{"not_picked":["Self Repair","Turbo"],"picked":"Cold Snap","floor":21}],"player_experience":893332,"relics_obtained":[{"floor":6,"key":"Matryoshka"},{"floor":9,"key":"Ancient Tea Set"},{"floor":9,"key":"Art of War"},{"floor":11,"key":"Kunai"},{"floor":22,"key":"Bag of Marbles"},{"floor":22,"key":"Sundial"}],"event_choices":[{"cards_removed":["Strike_B"],"damage_healed":0,"gold_gain":0,"player_choice":"Card Removal","damage_taken":7,"max_hp_gain":0,"max_hp_loss":0,"event_name":"Golden Wing","floor":8,"gold_loss":0},{"damage_healed":0,"gold_gain":100,"player_choice":"Gold","damage_taken":0,"max_hp_gain":0,"max_hp_loss":0,"event_name":"Wheel of Change","floor":14,"gold_loss":0}],"is_beta":false,"boss_relics":[{"not_picked":["Philosopher\u0027s Stone","Velvet Choker"],"picked":"Cursed Key"}],"items_purged_floors":[19],"is_endless":false,"potions_floor_spawned":[3,5,7,13,16,21],"killed_by":"Book of Stabbing","ascension_level":20}