{"gold_per_floor":[117,117,62,79,79,79,79,79,79,412,430,446,446,457,457,457],"floor_reached":16,"playtime":515,"items_purged":[],"score":231,"play_id":"e372e877-2632-4e5f-94b6-ec4dead39d2a","local_time":"20190608181324","is_ascension_mode":true,"campfire_choices":[{"data":"Underhanded Strike","floor":6,"key":"SMITH"},{"data":"Underhanded Strike","floor":8,"key":"SMITH"},{"data":"Acrobatics","floor":13,"key":"SMITH"},{"data":"Infinite Blades","floor":15,"key":"SMITH"}],"neow_cost":"NONE","seed_source_timestamp":615139618060397,"circlet_count":0,"master_deck":["AscendersBane","Defend_G","Defend_G","Defend_G","Defend_G","Defend_G","Strike_G","Strike_G","Strike_G","Strike_G","Strike_G","Survivor","Neutralize+1","PiercingWail","Underhanded Strike+1","Underhanded Strike+1","Dodge and Roll","Acrobatics+1","Infinite Blades+1"],"relics":["Ring of the Snake","NeowsBlessing","Mummified Hand","Old Coin"],"potions_floor_usage":[12,16],"damage_taken":[{"damage":0,"enemies":"2 Louse","floor":1,"turns":1},{"damage":0,"enemies":"Cultist","floor":4,"turns":1},{"damage":0,"enemies":"Lagavulin","floor":10,"turns":1},{"damage":1,"enemies":"Small Slimes","floor":11,"turns":5},{"damage":4,"enemies":"Gremlin Gang","floor":12,"turns":6},{"damage":8,"enemies":"Large Slime","floor":14,"turns":9},{"damage":48,"enemies":"The Guardian","floor":16,"turns":14}],"seed_played":"-7844124281220807581","potions_obtained":[{"floor":4,"key":"LiquidBronze"},{"floor":7,"key":"Fire Potion"}],"is_trial":false,"path_per_floor":["M","?","$","M","$","R","?","R","T","E","M","M","R","M","R","B"],"character_chosen":"THE_SILENT","items_purchased":["Underhanded Strike"],"campfire_rested":0,"item_purchase_floors":[3],"current_hp_per_floor":[59,59,59,59,59,59,59,59,59,59,58,54,54,46,46,0],"gold":457,"neow_bonus":"THREE_ENEMY_KILL","is_prod":false,"is_daily":false,"chose_seed":false,"campfire_upgraded":4,"win_rate":0,"timestamp":1560042804,"path_taken":["M","?","?","M","$","R","?","R","T","E","?","M","R","M","R","BOSS"],"build_version":"2019-01-23","purchased_purges":0,"victory":false,"max_hp_per_floor":[66,66,66,66,66,66,66,66,66,66,66,66,66,66,66,66],"card_choices":[{"not_picked":["Underhanded Strike","Setup"],"picked":"PiercingWail","floor":1},{"not_picked":["Blade Dance","Blur"],"picked":"Underhanded Strike","floor":4},{"not_picked":["Night Terror","Eviscerate"],"picked":"Dodge and Roll","floor":10},{"not_picked":["Blade Dance","Accuracy","Catalyst"],"picked":"SKIP","floor":11},{"not_picked":["Reflex","Outmaneuver"],"picked":"Acrobatics","floor":12},{"not_picked":["Slice","Bouncing Flask"],"picked":"Infinite Blades","floor":14}],"player_experience":989915,"relics_obtained":[{"floor":9,"key":"Mummified Hand"},{"floor":10,"key":"Old Coin"}],"event_choices":[{"damage_healed":0,"gold_gain":0,"player_choice":"Forge","damage_taken":0,"max_hp_gain":0,"max_hp_loss":0,"event_name":"Accursed Blacksmith","floor":2,"gold_loss":0,"cards_upgraded":["Neutralize"]},{"damage_healed":0,"gold_gain":0,"player_choice":"Got Potions","damage_taken":0,"max_hp_gain":0,"max_hp_loss":0,"event_name":"Lab","floor":7,"gold_loss":0}],"is_beta":false,"boss_relics":[],"items_purged_floors":[],"is_endless":false,"potions_floor_spawned":[4,10],"killed_by":"The Guardian","ascension_level":17}