{"gold_per_floor":[115,44,44,59,24,49,49,49,106,123,150,161,25,25],"floor_reached":14,"playtime":528,"items_purged":["Regret"],"score":185,"play_id":"6204d90f-2676-4f72-af4b-ca37051ea946","local_time":"20190217190107","is_ascension_mode":true,"campfire_choices":[],"neow_cost":"NONE","seed_source_timestamp":172015028268649,"circlet_count":0,"master_deck":["AscendersBane","Strike_B","Strike_B","Strike_B","Strike_B","Defend_B","Defend_B","Defend_B","Defend_B","Zap+1","Dualcast","Static Discharge","Genetic Algorithm","Undo","Capacitor","White Noise","Capacitor","Biased Cognition","Conserve Battery","Defragment","Gash"],"relics":["Cracked Core","NeowsBlessing","Strawberry","Smiling Mask","Tiny Chest","Bag of Marbles"],"potions_floor_usage":[11,14],"damage_taken":[{"damage":0,"enemies":"Small Slimes","floor":1,"turns":1},{"damage":0,"enemies":"2 Louse","floor":4,"turns":1},{"damage":0,"enemies":"3 Sentries","floor":6,"turns":1},{"damage":13,"enemies":"Jaw Worm","floor":10,"turns":5},{"damage":39,"enemies":"Gremlin Nob","floor":11,"turns":5},{"damage":22,"enemies":"Exordium Thugs","floor":12,"turns":4},{"damage":3,"enemies":"Gremlin Gang","floor":14,"turns":2}],"seed_played":"6459776725437659621","potions_obtained":[{"floor":4,"key":"Block Potion"},{"floor":6,"key":"GamblersBrew"}],"is_trial":false,"path_per_floor":["M","$","?","M","$","E","?","$","T","M","E","M","$","M"],"character_chosen":"DEFECT","items_purchased":["Genetic Algorithm","Capacitor","Defragment","Gash"],"campfire_rested":0,"item_purchase_floors":[2,5,13,13],"current_hp_per_floor":[68,68,75,75,75,75,75,75,75,62,23,1,1,0],"gold":25,"neow_bonus":"THREE_ENEMY_KILL","is_prod":false,"is_daily":false,"chose_seed":false,"campfire_upgraded":0,"win_rate":0,"timestamp":1550448067,"path_taken":["M","$","?","M","$","E","?","?","T","M","E","M","$","M"],"build_version":"2019-01-23","purchased_purges":1,"victory":false,"max_hp_per_floor":[75,75,82,82,82,82,82,82,82,82,82,82,82,82],"card_choices":[{"not_picked":["Redo","Tempest"],"picked":"Static Discharge","floor":1},{"not_picked":["Rebound","Redo"],"picked":"Undo","floor":4},{"not_picked":["Sunder","Sweeping Beam"],"picked":"White Noise","floor":6},{"not_picked":["Beam Cell","Scrape"],"picked":"Capacitor","floor":10},{"not_picked":["Cold Snap","Fusion"],"picked":"Biased Cognition","floor":11},{"not_picked":["Heatsinks","Reprogram"],"picked":"Conserve Battery","floor":12}],"player_experience":270819,"relics_obtained":[{"floor":6,"key":"Smiling Mask"},{"floor":9,"key":"Tiny Chest"},{"floor":11,"key":"Bag of Marbles"}],"event_choices":[{"damage_healed":0,"gold_gain":0,"player_choice":"Box","damage_taken":0,"relics_obtained":["Strawberry"],"max_hp_gain":0,"max_hp_loss":0,"event_name":"Big Fish","floor":3,"gold_loss":0,"cards_obtained":["Regret"]},{"damage_healed":0,"gold_gain":0,"player_choice":"Grow","damage_taken":0,"max_hp_gain":0,"max_hp_loss":0,"event_name":"Living Wall","floor":7,"gold_loss":0,"cards_upgraded":["Zap"]}],"is_beta":false,"boss_relics":[],"items_purged_floors":[13],"is_endless":false,"potions_floor_spawned":[4,6],"killed_by":"Gremlin Gang","ascension_level":10}