{"gold_per_floor":[117,132,149,149,149,161,161,189,236,264,283,283,12,43,43,141,141,152,117,133,45,45,45,75,75,101,101,115,129,129,149,149,246,296,308,308,323,16,0,25,25,25,25,25],"floor_reached":44,"playtime":4228,"items_purged":[],"score":501,"play_id":"db89d054-d2a7-4745-be00-c08cc29fa5cc","local_time":"20190628183045","is_ascension_mode":false,"campfire_choices":[{"data":"Ball Lightning","floor":7,"key":"SMITH"},{"floor":15,"key":"REST"},{"data":"Redo","floor":23,"key":"SMITH"},{"data":"Ball Lightning","floor":25,"key":"SMITH"},{"data":"Zap","floor":27,"key":"SMITH"},{"floor":32,"key":"REST"},{"data":"Apotheosis","floor":41,"key":"SMITH"}],"neow_cost":"NONE","seed_source_timestamp":1014852703842646,"circlet_count":0,"master_deck":["Strike_B","Strike_B","Strike_B","Defend_B","Defend_B","Defend_B+1","Defend_B","Zap+1","Dualcast","Ball Lightning+1","Cold Snap","Genetic Algorithm","Conserve Battery","Redo+1","Parasite","Leap","Conserve Battery","Rebound","Hologram+1","Electrodynamics","Glacier+1","Static Discharge","Glacier+1","Ball Lightning+1","Reinforced Body","Leap+1","Aggregate","Sweeping Beam+1","Gash+1","Lockon","Fission","Streamline","Hologram+1","Apotheosis+1","Loop","Deep Breath","Cold Snap","Madness","Madness"],"relics":["Cracked Core","Dream Catcher","Boot","Orichalcum","Oddly Smooth Stone","Anchor","Regal Pillow","Inserter","Thread and Needle","War Paint","Question Card","Blood Vial","Nloth\u0027s Gift","Tiny House","Lantern","Red Mask","StoneCalendar","Molten Egg 2"],"potions_floor_usage":[8,8,16,16,28,33,40,40,40,44],"damage_taken":[{"damage":0,"enemies":"Cultist","floor":1,"turns":3},{"damage":1,"enemies":"Jaw Worm","floor":2,"turns":3},{"damage":2,"enemies":"Small Slimes","floor":3,"turns":3},{"damage":2,"enemies":"Blue Slaver","floor":6,"turns":3},{"damage":17,"enemies":"Gremlin Nob","floor":8,"turns":4},{"damage":14,"enemies":"3 Sentries","floor":10,"turns":8},{"damage":4,"enemies":"Lots of Slimes","floor":11,"turns":4},{"damage":15,"enemies":"Gremlin Nob","floor":14,"turns":4},{"damage":26,"enemies":"Slime Boss","floor":16,"turns":14},{"damage":5,"enemies":"Chosen","floor":18,"turns":5},{"damage":7,"enemies":"2 Thieves","floor":19,"turns":5},{"damage":8,"enemies":"Snake Plant","floor":20,"turns":5},{"damage":7,"enemies":"Book of Stabbing","floor":24,"turns":11},{"damage":56,"enemies":"3 Cultists","floor":28,"turns":8},{"damage":0,"enemies":"Cultist and Chosen","floor":29,"turns":4},{"damage":0,"enemies":"Shelled Parasite and Fungi","floor":31,"turns":8},{"damage":32,"enemies":"Collector","floor":33,"turns":15},{"damage":10,"enemies":"Orb Walker","floor":35,"turns":6},{"damage":0,"enemies":"3 Darklings","floor":37,"turns":7},{"damage":31,"enemies":"Nemesis","floor":40,"turns":7},{"damage":48,"enemies":"Giant Head","floor":44,"turns":7}],"seed_played":"8657286665201304005","potions_obtained":[{"floor":1,"key":"Energy Potion"},{"floor":6,"key":"Poison Potion"},{"floor":8,"key":"GamblersBrew"},{"floor":11,"key":"FearPotion"},{"floor":20,"key":"Regen Potion"},{"floor":31,"key":"Energy Potion"},{"floor":34,"key":"EssenceOfSteel"},{"floor":37,"key":"FocusPotion"},{"floor":40,"key":"FearPotion"}],"is_trial":false,"path_per_floor":["M","M","M","?","?","M","R","E","T","E","M","?","$","E","R","B",null,"M","M","M","$","T","R","E","R","T","R","M","M","?","M","R","B",null,"M","?","M","$","?","E","R","?","T","E"],"character_chosen":"DEFECT","items_purchased":["Anchor","Leap","Conserve Battery","Rebound","Ball Lightning","Reinforced Body","Lantern","Ancient Potion","Deep Breath"],"campfire_rested":2,"item_purchase_floors":[13,13,13,13,21,21,38,38,38],"current_hp_per_floor":[82,81,79,79,67,65,65,48,48,34,30,50,50,35,74,48,82,77,70,62,62,62,62,55,55,55,55,10,12,12,14,53,23,87,77,77,79,79,79,50,50,39,39,0],"gold":25,"neow_bonus":"TEN_PERCENT_HP_BONUS","is_prod":false,"is_daily":false,"chose_seed":false,"campfire_upgraded":5,"win_rate":0.0,"timestamp":1561771845,"path_taken":["M","?","M","?","?","M","R","E","T","E","M","?","?","E","R","BOSS","M","M","M","?","?","R","E","R","T","R","?","M","?","?","R","BOSS","M","?","M","$","?","E","R","?","T","E"],"build_version":"2019-01-23","purchased_purges":0,"victory":false,"max_hp_per_floor":[82,82,82,82,82,82,82,82,82,82,82,82,82,82,82,82,82,82,82,82,82,82,82,82,82,82,82,82,82,82,82,82,82,87,87,87,87,87,87,87,87,87,87,87],"card_choices":[{"not_picked":["Loop","Chaos"],"picked":"Ball Lightning","floor":1},{"not_picked":["Auto Shields","Gash"],"picked":"Cold Snap","floor":2},{"not_picked":["Steam Power","Gash","Steam"],"picked":"SKIP","floor":3},{"not_picked":["Sweeping Beam","Defragment"],"picked":"Genetic Algorithm","floor":6},{"not_picked":["Undo","Gash","Storm"],"picked":"SKIP","floor":8},{"not_picked":["Gash","Creative AI"],"picked":"Conserve Battery","floor":10},{"not_picked":["Rip and Tear","Undo"],"picked":"Redo","floor":11},{"not_picked":["Chill","FTL","Compile Driver"],"picked":"SKIP","floor":14},{"not_picked":["Blizzard","Creative AI"],"picked":"Hologram","floor":15},{"not_picked":["Seek","Multi-Cast"],"picked":"Electrodynamics","floor":16},{"not_picked":["Barrage","Redo"],"picked":"Glacier+1","floor":18},{"not_picked":["Self Repair","Reprogram"],"picked":"Static Discharge","floor":19},{"not_picked":["Redo","Steam Power+1"],"picked":"Glacier","floor":20},{"not_picked":["Biased Cognition","Compile Driver"],"picked":"Leap+1","floor":24},{"not_picked":["Coolheaded+1","Cold Snap","Compile Driver"],"picked":"Aggregate","floor":28},{"not_picked":["Heatsinks","Stack","Creative AI"],"picked":"Sweeping Beam+1","floor":29},{"not_picked":["Steam Power","Reprogram","Leap"],"picked":"Gash+1","floor":31},{"not_picked":["Go for the Eyes","Steam","Chaos"],"picked":"Lockon","floor":32},{"not_picked":["Multi-Cast","All For One","Machine Learning"],"picked":"Fission","floor":33},{"not_picked":["Cold Snap","Machine Learning","Rebound"],"picked":"Streamline","floor":34},{"not_picked":["Auto Shields+1","Rip and Tear","Stack"],"picked":"Hologram+1","floor":35},{"not_picked":["Thinking Ahead","Master of Strategy","Swift Strike"],"picked":"Apotheosis","floor":36},{"not_picked":["Steam+1","Force Field","Go for the Eyes+1"],"picked":"Loop","floor":37},{"not_picked":["Sweeping Beam","Ball Lightning","Darkness+1"],"picked":"Cold Snap","floor":40}],"player_experience":17545,"relics_obtained":[{"floor":8,"key":"Dream Catcher"},{"floor":9,"key":"Boot"},{"floor":9,"key":"Orichalcum"},{"floor":10,"key":"Oddly Smooth Stone"},{"floor":14,"key":"Regal Pillow"},{"floor":22,"key":"Thread and Needle"},{"floor":22,"key":"War Paint"},{"floor":24,"key":"Question Card"},{"floor":26,"key":"Blood Vial"},{"floor":40,"key":"StoneCalendar"},{"floor":43,"key":"Molten Egg 2"}],"event_choices":[{"cards_removed":["Strike_B"],"damage_healed":0,"gold_gain":0,"player_choice":"Forget","damage_taken":0,"max_hp_gain":0,"max_hp_loss":0,"event_name":"Living Wall","floor":4,"gold_loss":0},{"damage_healed":0,"gold_gain":0,"player_choice":"Success","damage_taken":12,"relics_obtained":["Matryoshka"],"max_hp_gain":0,"max_hp_loss":0,"event_name":"Scrap Ooze","floor":5,"gold_loss":0},{"damage_healed":20,"gold_gain":0,"player_choice":"Healed and dodged fight","damage_taken":0,"max_hp_gain":0,"max_hp_loss":0,"event_name":"Mushrooms","floor":12,"gold_loss":0,"cards_obtained":["Parasite"]},{"damage_healed":0,"gold_gain":0,"player_choice":"Traded Relic","damage_taken":0,"relics_obtained":["Nloth\u0027s Gift"],"max_hp_gain":0,"max_hp_loss":0,"event_name":"N\u0027loth","floor":30,"relics_lost":["Matryoshka"],"gold_loss":0},{"damage_healed":0,"gold_gain":0,"player_choice":"Memory 1","damage_taken":0,"max_hp_gain":0,"max_hp_loss":0,"event_name":"SensoryStone","floor":36,"gold_loss":0},{"damage_healed":0,"gold_gain":0,"player_choice":"Paid","damage_taken":0,"relics_obtained":["Red Mask"],"max_hp_gain":0,"max_hp_loss":0,"event_name":"Tomb of Lord Red Mask","floor":39,"gold_loss":16},{"damage_healed":0,"gold_gain":0,"player_choice":"Embrace Madness","damage_taken":11,"max_hp_gain":0,"max_hp_loss":0,"event_name":"Winding Halls","floor":42,"gold_loss":0,"cards_obtained":["Madness","Madness"]}],"is_beta":false,"boss_relics":[{"not_picked":["FrozenCore","Calling Bell"],"picked":"Inserter"},{"not_picked":["Eternal Feather","Sozu"],"picked":"Tiny House"}],"items_purged_floors":[],"is_endless":false,"potions_floor_spawned":[1,6,8,11,20,31,37,40],"killed_by":"Giant Head","ascension_level":0}