{"gold_per_floor":[219,239,251,12,24,51,51,51,51,86,86,103,103,28,28,101,101,120,74,91,91],"floor_reached":21,"playtime":2455,"items_purged":["Pain"],"score":321,"play_id":"a27a5353-7da6-4f9d-aeb9-0d1c37bfaa6c","local_time":"20190702223455","is_ascension_mode":true,"campfire_choices":[{"floor":7,"key":"REST"},{"data":"1","floor":15,"key":"LIFT"}],"neow_cost":"NONE","seed_source_timestamp":0,"circlet_count":0,"master_deck":["AscendersBane","Strike_G","Strike_G","Strike_G","Strike_G","Strike_G","Defend_G","Defend_G","Defend_G","Defend_G","Defend_G","Survivor","Neutralize","Deadly Poison","Footwork","Dagger Spray","Noxious Fumes","Cloak And Dagger+1","Dash","Corpse Explosion","Backflip","Escape Plan"],"special_seed":0,"relics":["Ring of the Serpent","TwistedFunnel","Du-Vu Doll","The Specimen","Girya","WarpedTongs"],"potions_floor_usage":[6,18,21],"damage_taken":[{"damage":2.0,"enemies":"Small Slimes","floor":1.0,"turns":4.0},{"damage":0.0,"enemies":"Jaw Worm","floor":2.0,"turns":5.0},{"damage":4.0,"enemies":"Cultist","floor":3.0,"turns":4.0},{"damage":9,"enemies":"2 Fungi Beasts","floor":5,"turns":3},{"damage":24,"enemies":"Gremlin Nob","floor":6,"turns":4},{"damage":12,"enemies":"3 Sentries","floor":10,"turns":8},{"damage":0,"enemies":"3 Louse","floor":12,"turns":2},{"damage":7,"enemies":"Hexaghost","floor":16,"turns":8},{"damage":23,"enemies":"2 Thieves","floor":18,"turns":3},{"damage":8,"enemies":"Spheric Guardian","floor":20,"turns":4},{"damage":25,"enemies":"Snake Plant","floor":21,"turns":4}],"seed_played":"-6135305612593575361","potions_obtained":[{"floor":2.0,"key":"Poison Potion"},{"floor":3,"key":"GamblersBrew"},{"floor":6,"key":"EssenceOfSteel"},{"floor":20,"key":"SteroidPotion"}],"is_trial":false,"path_per_floor":["M","M","M","$","M","E","R","?","T","E","?","M","?","$","R","B",null,"M","$","M","M"],"character_chosen":"THE_SILENT","items_purchased":["Noxious Fumes","TwistedFunnel","Backflip"],"campfire_rested":1,"item_purchase_floors":[4,4,19],"current_hp_per_floor":[57,57,53,53,44,20,39,39,39,27,27,27,27,27,27,20,55,32,32,24,0],"gold":91,"neow_bonus":"HUNDRED_GOLD","is_prod":false,"is_daily":false,"chose_seed":false,"campfire_upgraded":0,"win_rate":0,"timestamp":1562078095,"path_taken":["M","M","M","$","M","E","R","?","T","E","?","M","?","$","R","BOSS","M","$","M","M"],"build_version":"2019-07-01","purchased_purges":1,"victory":false,"max_hp_per_floor":[66,66,66,66,66,66,66,66,66,66,66,66,66,66,66,66,66,66,66,66,66],"card_choices":[{"not_picked":["Catalyst","Underhanded Strike"],"picked":"Deadly Poison","floor":1.0},{"not_picked":["Deadly Poison","Well Laid Plans"],"picked":"Footwork","floor":2.0},{"not_picked":["Slice","Terror"],"picked":"Dagger Spray","floor":3},{"not_picked":["Poisoned Stab","Predator"],"picked":"Cloak And Dagger","floor":5},{"not_picked":["Sucker Punch","Storm of Steel"],"picked":"Dash","floor":6},{"not_picked":["Dagger Throw","Deflect","Acrobatics"],"picked":"SKIP","floor":10},{"not_picked":["Deadly Poison","Dash","Endless Agony"],"picked":"SKIP","floor":12},{"not_picked":["Bullet Time","Adrenaline"],"picked":"Corpse Explosion","floor":16},{"not_picked":["Concentrate+1","Flying Knee","Deflect"],"picked":"SKIP","floor":18},{"not_picked":["PiercingWail","Flechettes"],"picked":"Escape Plan","floor":20}],"player_experience":821755,"relics_obtained":[{"floor":6,"key":"Du-Vu Doll"},{"floor":9,"key":"The Specimen"},{"floor":10,"key":"Girya"}],"event_choices":[{"damage_healed":0,"gold_gain":0,"player_choice":"Searched \u00271\u0027 times","damage_taken":0,"max_hp_gain":0,"max_hp_loss":0,"event_name":"Dead Adventurer","floor":8,"gold_loss":0},{"damage_healed":0,"gold_gain":0,"player_choice":"Grow","damage_taken":0,"max_hp_gain":0,"max_hp_loss":0,"event_name":"Living Wall","floor":11,"gold_loss":0,"cards_upgraded":["Cloak And Dagger"]},{"damage_healed":0,"gold_gain":0,"player_choice":"Rummage","damage_taken":0,"relics_obtained":["WarpedTongs"],"max_hp_gain":0,"max_hp_loss":0,"event_name":"Accursed Blacksmith","floor":13,"gold_loss":0,"cards_obtained":["Pain"]}],"is_beta":false,"boss_relics":[{"not_picked":["Busted Crown","Empty Cage"],"picked":"Ring of the Serpent"}],"items_purged_floors":[14],"is_endless":false,"potions_floor_spawned":[2,3,6,20],"killed_by":"Snake Plant","ascension_level":14}