{"gold_per_floor":[117,117,134,234,250,276,276,301,348,358,372,387,387,34,34,136,136,150,161,178,193,193,193,218,218,218,252,252],"floor_reached":28,"playtime":1787,"items_purged":["Strike_G"],"score":324,"play_id":"16babd21-3a88-4b4b-8bdf-9ce4eafeae31","local_time":"20190619200021","is_ascension_mode":true,"campfire_choices":[{"floor":7,"key":"REST"},{"data":"Apotheosis","floor":15,"key":"SMITH"},{"floor":23,"key":"REST"},{"floor":25,"key":"REST"}],"neow_cost":"NONE","seed_source_timestamp":6796015835058,"circlet_count":0,"master_deck":["Defend_G","Defend_G","Defend_G+1","Defend_G","Defend_G","Strike_G","Strike_G","Survivor","Neutralize","Poisoned Stab","Poisoned Stab+1","Quick Slash","Escape Plan","Backflip","Dagger Spray","Bane","Deflect","Apotheosis+1","Envenom","Poisoned Stab","Caltrops","Dagger Spray+1"],"relics":["Orrery","Matryoshka","Vajra","Regal Pillow","Snake Skull","Empty Cage","Turnip","Ice Cream","Strawberry","Peace Pipe","Letter Opener"],"potions_floor_usage":[6,10,12,16,16,16,18,20,21,27],"damage_taken":[{"damage":0,"enemies":"Jaw Worm","floor":1,"turns":3},{"damage":1,"enemies":"Cultist","floor":3,"turns":3},{"damage":0,"enemies":"Small Slimes","floor":5,"turns":3},{"damage":22,"enemies":"3 Sentries","floor":6,"turns":8},{"damage":26,"enemies":"Gremlin Nob","floor":8,"turns":5},{"damage":5,"enemies":"Gremlin Gang","floor":10,"turns":3},{"damage":3,"enemies":"Blue Slaver","floor":11,"turns":3},{"damage":1,"enemies":"Exordium Thugs","floor":12,"turns":3},{"damage":1,"enemies":"Hexaghost","floor":16,"turns":7},{"damage":8,"enemies":"3 Byrds","floor":18,"turns":4},{"damage":10,"enemies":"Shell Parasite","floor":19,"turns":6},{"damage":18,"enemies":"Snecko","floor":20,"turns":5},{"damage":30,"enemies":"Centurion and Healer","floor":21,"turns":6},{"damage":15,"enemies":"Book of Stabbing","floor":24,"turns":6},{"damage":42,"enemies":"Gremlin Leader","floor":27,"turns":5},{"damage":26,"enemies":"Chosen and Byrds","floor":28,"turns":4}],"seed_played":"1192927935929716705","potions_obtained":[{"floor":5,"key":"Explosive Potion"},{"floor":8,"key":"Strength Potion"},{"floor":10,"key":"Strength Potion"},{"floor":11,"key":"Block Potion"},{"floor":16,"key":"Swift Potion"},{"floor":18,"key":"Fire Potion"},{"floor":20,"key":"GamblersBrew"},{"floor":24,"key":"PowerPotion"}],"is_trial":false,"path_per_floor":["M","?","M","?","M","E","R","E","T","M","M","M","?","$","R","B",null,"M","M","M","M","?","R","E","R","T","E","M"],"character_chosen":"THE_SILENT","items_purchased":["Swift Potion","AttackPotion","Apotheosis"],"campfire_rested":3,"item_purchase_floors":[14,14,14],"current_hp_per_floor":[70,56,55,55,55,33,54,28,28,23,20,19,19,19,19,18,70,62,52,34,4,4,40,25,61,68,26,0],"gold":252,"neow_bonus":"BOSS_RELIC","is_prod":false,"is_daily":false,"chose_seed":false,"campfire_upgraded":1,"win_rate":0,"timestamp":1560999621,"path_taken":["M","?","M","?","M","E","R","E","T","M","?","?","?","$","R","BOSS","M","?","M","M","?","R","E","R","T","E","M"],"build_version":"2019-01-23","purchased_purges":1,"victory":false,"max_hp_per_floor":[70,70,70,70,70,70,70,70,70,70,70,70,70,70,70,70,70,70,70,70,70,70,70,70,70,77,77,77],"card_choices":[{"not_picked":["Deflect","Acrobatics"],"picked":"Poisoned Stab","floor":0},{"not_picked":["Acrobatics","Deflect"],"picked":"Poisoned Stab","floor":0},{"not_picked":["Blade Dance","Terror"],"picked":"Quick Slash","floor":0},{"not_picked":["Distraction","Grand Finale"],"picked":"Escape Plan","floor":0},{"not_picked":["Sucker Punch","Flying Knee","Infinite Blades"],"picked":"SKIP","floor":1},{"not_picked":["Dagger Throw","Distraction"],"picked":"Backflip","floor":3},{"not_picked":["Prepared","Blade Dance","Dodge and Roll"],"picked":"SKIP","floor":5},{"not_picked":["Flechettes","Dagger Throw"],"picked":"Dagger Spray","floor":6},{"not_picked":["Backflip","Expertise"],"picked":"Bane","floor":8},{"not_picked":["Acrobatics","Expertise","Caltrops"],"picked":"SKIP","floor":10},{"not_picked":["All Out Attack","Accuracy","Dagger Throw"],"picked":"SKIP","floor":11},{"not_picked":["Leg Sweep","Dagger Throw"],"picked":"Deflect","floor":12},{"not_picked":["Storm of Steel","Malaise"],"picked":"Envenom","floor":16},{"not_picked":["Slice","Expertise","Backflip"],"picked":"SKIP","floor":18},{"not_picked":["Outmaneuver+1","Acrobatics","Deadly Poison"],"picked":"SKIP","floor":19},{"not_picked":["Cloak And Dagger","Quick Slash","Finisher"],"picked":"SKIP","floor":20},{"not_picked":["Calculated Gamble","Concentrate+1"],"picked":"Poisoned Stab","floor":21},{"not_picked":["Eviscerate","Reflex+1"],"picked":"Caltrops","floor":24},{"not_picked":["Sucker Punch","Riddle With Holes"],"picked":"Dagger Spray+1","floor":27}],"player_experience":440209,"relics_obtained":[{"floor":6,"key":"Matryoshka"},{"floor":8,"key":"Vajra"},{"floor":9,"key":"Regal Pillow"},{"floor":9,"key":"Snake Skull"},{"floor":22,"key":"Turnip"},{"floor":24,"key":"Ice Cream"},{"floor":26,"key":"Strawberry"},{"floor":26,"key":"Peace Pipe"},{"floor":27,"key":"Letter Opener"}],"event_choices":[{"damage_healed":0,"gold_gain":0,"player_choice":"Entered Light","damage_taken":14,"max_hp_gain":0,"max_hp_loss":0,"event_name":"Shining Light","floor":2,"gold_loss":0,"cards_upgraded":["Defend_G","Poisoned Stab"]},{"damage_healed":0,"gold_gain":100,"player_choice":"Pray","damage_taken":0,"max_hp_gain":0,"max_hp_loss":0,"event_name":"Golden Shrine","floor":4,"gold_loss":0},{"damage_healed":0,"gold_gain":0,"player_choice":"Leave","damage_taken":0,"max_hp_gain":0,"max_hp_loss":0,"event_name":"FaceTrader","floor":13,"gold_loss":0},{"damage_healed":0,"gold_gain":0,"player_choice":"Relic","damage_taken":0,"max_hp_gain":0,"max_hp_loss":0,"event_name":"Wheel of Change","floor":22,"gold_loss":0}],"is_beta":false,"boss_relics":[{"not_picked":["Eternal Feather","Pandora\u0027s Box"],"picked":"Empty Cage"}],"items_purged_floors":[14],"is_endless":false,"potions_floor_spawned":[5,8,10,11,16,18,20,24],"killed_by":"Chosen and Byrds","ascension_level":4}