{"gold_per_floor":[113,113,113,28,44,71,91,91],"floor_reached":8,"playtime":464,"items_purged":[],"score":84,"play_id":"67d4403d-b8f9-4527-8551-5246df25ebf9","local_time":"20190702200331","is_ascension_mode":true,"campfire_choices":[],"neow_cost":"PERCENT_DAMAGE","seed_source_timestamp":269300675338600,"circlet_count":0,"master_deck":["AscendersBane","Strike_R","Strike_R","Strike_R","Strike_R","Defend_R","Defend_R","Defend_R","Defend_R","Bash","Juggernaut","Ghostly Armor","Finesse","Rampage","Feed","Second Wind"],"relics":["Burning Blood","Dodecahedron","Oddly Smooth Stone"],"potions_floor_usage":[6],"damage_taken":[{"damage":4,"enemies":"Small Slimes","floor":1,"turns":5},{"damage":0,"enemies":"Cultist","floor":5,"turns":4},{"damage":17,"enemies":"Lagavulin","floor":6,"turns":8},{"damage":3,"enemies":"Jaw Worm","floor":7,"turns":4},{"damage":44,"enemies":"Gremlin Nob","floor":8,"turns":4}],"seed_played":"-1398223614680836375","potions_obtained":[{"floor":1,"key":"SkillPotion"}],"is_trial":false,"path_per_floor":["M","?","?","$","M","E","M","E"],"character_chosen":"IRONCLAD","items_purchased":["Finesse"],"campfire_rested":0,"item_purchase_floors":[4],"current_hp_per_floor":[53,41,41,41,47,36,42,0],"gold":91,"neow_bonus":"THREE_RARE_CARDS","is_prod":false,"is_daily":false,"chose_seed":false,"campfire_upgraded":0,"win_rate":0,"timestamp":1562094211,"path_taken":["M","?","?","$","M","E","?","E"],"build_version":"2019-07-01","purchased_purges":0,"victory":false,"max_hp_per_floor":[80,80,80,80,80,80,83,83],"card_choices":[{"not_picked":["Reaper","Fiend Fire"],"picked":"Juggernaut","floor":0},{"not_picked":["Second Wind","Anger"],"picked":"Ghostly Armor","floor":1},{"not_picked":["True Grit","Ghostly Armor"],"picked":"Rampage","floor":5},{"not_picked":["Spot Weakness","Headbutt"],"picked":"Feed","floor":6},{"not_picked":["Warcry","Wild Strike"],"picked":"Second Wind","floor":7}],"player_experience":938118,"relics_obtained":[{"floor":6,"key":"Oddly Smooth Stone"}],"event_choices":[{"damage_healed":0,"gold_gain":0,"player_choice":"Success","damage_taken":12,"relics_obtained":["Dodecahedron"],"max_hp_gain":0,"max_hp_loss":0,"event_name":"Scrap Ooze","floor":2,"gold_loss":0},{"cards_removed":["Strike_R"],"damage_healed":0,"gold_gain":0,"player_choice":"Purged","damage_taken":0,"max_hp_gain":0,"max_hp_loss":0,"event_name":"Purifier","floor":3,"gold_loss":0}],"is_beta":false,"boss_relics":[],"items_purged_floors":[],"is_endless":false,"potions_floor_spawned":[1],"killed_by":"Gremlin Nob","ascension_level":10}