{"gold_per_floor":[117,128,59,134,150,150,181,181,181,199,199,211,231,249,249,344,344,356,58,68,68,68,68,80,92,116,116,116],"floor_reached":28,"playtime":1596,"items_purged":["Strike_G"],"score":355,"play_id":"28004fbf-285c-40ae-88f8-e713f4dd8b1d","local_time":"20180807091253","is_ascension_mode":true,"campfire_choices":[{"data":"Noxious Fumes","floor":6,"key":"SMITH"},{"floor":8,"key":"REST"},{"floor":15,"key":"REST"},{"floor":23,"key":"REST"},{"data":"Storm of Steel","floor":27,"key":"SMITH"}],"neow_cost":"NONE","seed_source_timestamp":73416941138103,"circlet_count":0,"master_deck":["Defend_G+1","Defend_G+1","Defend_G+1","Defend_G+1","Defend_G+1","Strike_G+1","Strike_G+1","Strike_G+1","Strike_G+1","Survivor","Neutralize","AscendersBane","Underhanded Strike","Calculated Gamble","Noxious Fumes+1","Venomology","Backflip","Escape Plan","Calculated Gamble","Acrobatics","Quick Slash","Storm of Steel+1","Leg Sweep","Noxious Fumes","Acrobatics","Crippling Poison","Sucker Punch"],"relics":["Ring of the Snake","The Specimen","Tingsha","Calipers","WristBlade","Oddly Smooth Stone","Nilry\u0027s Codex","Bag of Marbles"],"potions_floor_usage":[5,5,7,7,12,12,13,16,18,20,20,20,24,25,25,28],"damage_taken":[{"damage":2,"enemies":"Jaw Worm","floor":1,"turns":4},{"damage":0,"enemies":"2 Louse","floor":2,"turns":3},{"damage":4,"enemies":"Cultist","floor":5,"turns":3},{"damage":34,"enemies":"Lagavulin","floor":7,"turns":7},{"damage":0,"enemies":"Red Slaver","floor":10,"turns":6},{"damage":0,"enemies":"Exordium Thugs","floor":12,"turns":4},{"damage":4,"enemies":"Gremlin Gang","floor":13,"turns":4},{"damage":14,"enemies":"Red Slaver","floor":14,"turns":6},{"damage":4,"enemies":"The Guardian","floor":16,"turns":13},{"damage":0,"enemies":"Chosen","floor":18,"turns":3},{"damage":0,"enemies":"Shell Parasite","floor":20,"turns":6},{"damage":17,"enemies":"Snake Plant","floor":24,"turns":6},{"damage":0,"enemies":"Centurion and Healer","floor":25,"turns":9},{"damage":52,"enemies":"Book of Stabbing","floor":28,"turns":7}],"seed_played":"-4513019296740533463","potions_obtained":[{"floor":1,"key":"Energy Potion"},{"floor":5,"key":"Explosive Potion"},{"floor":12,"key":"SkillPotion"},{"floor":24,"key":"GhostInAJar"}],"is_trial":false,"path_per_floor":["M","M","$","?","M","R","E","R","T","M","T","M","M","M","R","B",null,"M","$","M","?","?","R","M","M","T","R"],"character_chosen":"THE_SILENT","items_purchased":["Venomology","Noxious Fumes","Oddly Smooth Stone"],"campfire_rested":3,"item_purchase_floors":[3,19,19],"current_hp_per_floor":[61,61,61,50,46,46,12,33,33,33,33,33,29,15,36,32,61,61,61,61,61,45,66,49,49,49,49,0],"gold":116,"neow_bonus":"THREE_CARDS","is_prod":false,"is_daily":false,"chose_seed":false,"campfire_upgraded":2,"win_rate":0,"timestamp":1533658373,"path_taken":["M","M","$","?","M","R","E","R","T","?","?","?","?","M","R","BOSS","M","$","M","?","?","R","M","?","T","R","E"],"build_version":"2018-08-06","purchased_purges":1,"victory":false,"max_hp_per_floor":[70,70,70,70,70,70,70,70,70,70,70,70,70,70,70,70,70,70,70,70,70,70,70,70,70,70,70,70],"card_choices":[{"not_picked":["Setup","Deadly Poison"],"picked":"Underhanded Strike","floor":0},{"not_picked":["Blade Dance","Deflect"],"picked":"Calculated Gamble","floor":1},{"not_picked":["Underhanded Strike","Catalyst"],"picked":"Noxious Fumes","floor":2},{"not_picked":["PiercingWail","Flying Knee"],"picked":"Backflip","floor":5},{"not_picked":["Calculated Gamble","Quick Slash"],"picked":"Escape Plan","floor":7},{"not_picked":["Terror","Poisoned Stab"],"picked":"Calculated Gamble","floor":10},{"not_picked":["PiercingWail","Bane"],"picked":"Acrobatics","floor":12},{"not_picked":["Blade Dance","Infinite Blades"],"picked":"Quick Slash","floor":13},{"not_picked":["Accuracy","All Out Attack","Catalyst"],"picked":"SKIP","floor":14},{"not_picked":["Malaise","Envenom"],"picked":"Storm of Steel","floor":16},{"not_picked":["Concentrate","Catalyst"],"picked":"Leg Sweep","floor":18},{"not_picked":["Quick Slash","Dagger Throw"],"picked":"Acrobatics","floor":20},{"not_picked":["Catalyst","Deflect"],"picked":"Crippling Poison","floor":24},{"not_picked":["Prepared","PiercingWail"],"picked":"Sucker Punch","floor":25}],"player_experience":760870,"relics_obtained":[{"floor":7,"key":"The Specimen"},{"floor":9,"key":"Tingsha"},{"floor":11,"key":"Calipers"},{"floor":22,"key":"Nilry\u0027s Codex"},{"floor":26,"key":"Bag of Marbles"}],"event_choices":[{"event_name":"World of Goop","player_choice":"Gather Gold","floor":4,"damage_taken":0},{"event_name":"Back to Basics","player_choice":"Simplicity","floor":21,"damage_taken":0},{"event_name":"Cursed Tome","player_choice":"Obtained Book","floor":22,"damage_taken":0}],"is_beta":true,"boss_relics":[{"not_picked":["Ectoplasm","Runic Dome"],"picked":"WristBlade"}],"items_purged_floors":[19],"is_endless":false,"potions_floor_spawned":[1,5,12,14,16,24],"killed_by":"Book of Stabbing","ascension_level":12}