{"gold_per_floor":[115,290,290,141,153,188,202,202,254,273,273,3,75,89,89,194,194,214,614,626,389,400,400,418,418,445,465,465,499,516,516,516,619,619,634,634,54,68,68,94,94,194,194,206,5,20,37,47,47,47],"floor_reached":50,"playtime":2513,"items_purged":["Doubt","Regret","Strike_B","Normality"],"score":594,"play_id":"f7060340-e191-418f-8175-9aa686f71690","local_time":"20190501225543","is_ascension_mode":false,"campfire_choices":[{"data":"Zap","floor":15,"key":"SMITH"},{"data":"Tempest","floor":23,"key":"SMITH"},{"data":"Self Repair","floor":25,"key":"SMITH"},{"data":"Meteor Strike","floor":32,"key":"SMITH"},{"floor":41,"key":"REST"},{"floor":49,"key":"REST"}],"neow_cost":"NONE","seed_source_timestamp":268118240138899,"circlet_count":0,"master_deck":["Strike_B","Strike_B","Defend_B","Defend_B","Defend_B","Defend_B","Zap+1","Dualcast","Tempest+1","Leap","Conserve Battery","Sweeping Beam","Self Repair","Meteor Strike+1","Coolheaded","Coolheaded+1","Doom and Gloom+1","Glacier+1","Finesse+1","Self Repair+1","Conserve Battery+1","Creative AI","Decay","Parasite","Chaos+1","Purity+1","Heatsinks","Leap+1","Darkness+1","Amplify+1","Conserve Battery+1"],"relics":["Cracked Core","NeowsBlessing","Cables","The Courier","Meat on the Bone","Strawberry","Bronze Scales","Dodecahedron","Mercury Hourglass","Philosopher\u0027s Stone","Old Coin","Toxic Egg 2","DataDisk","Juzu Bracelet","PreservedInsect","Calling Bell","Dream Catcher","Matryoshka","Girya","Gremlin Horn","Shuriken","Gambling Chip","Shovel","Smiling Mask","Centennial Puzzle","Blue Candle"],"potions_floor_usage":[19,29,40,46,50,50,50],"damage_taken":[{"damage":0,"enemies":"Cultist","floor":1,"turns":1},{"damage":0,"enemies":"Jaw Worm","floor":5,"turns":1},{"damage":0,"enemies":"Lagavulin","floor":6,"turns":1},{"damage":0,"enemies":"2 Louse","floor":7,"turns":3},{"damage":2,"enemies":"Large Slime","floor":10,"turns":4},{"damage":6,"enemies":"Gremlin Gang","floor":14,"turns":3},{"damage":36,"enemies":"The Guardian","floor":16,"turns":11},{"damage":8,"enemies":"2 Thieves","floor":18,"turns":3},{"damage":22,"enemies":"Colosseum Slavers","floor":19,"turns":2},{"damage":31,"enemies":"Colosseum Nobs","floor":19,"turns":4},{"damage":7,"enemies":"Spheric Guardian","floor":20,"turns":4},{"damage":0,"enemies":"Snake Plant","floor":22,"turns":2},{"damage":12,"enemies":"Shelled Parasite and Fungi","floor":24,"turns":5},{"damage":0,"enemies":"Snecko","floor":27,"turns":4},{"damage":16,"enemies":"Slavers","floor":29,"turns":4},{"damage":0,"enemies":"Chosen and Byrds","floor":30,"turns":4},{"damage":44,"enemies":"Collector","floor":33,"turns":19},{"damage":0,"enemies":"3 Shapes","floor":35,"turns":4},{"damage":15,"enemies":"Orb Walker","floor":38,"turns":3},{"damage":83,"enemies":"Nemesis","floor":40,"turns":6},{"damage":0,"enemies":"Mind Bloom Boss Battle","floor":42,"turns":7},{"damage":32,"enemies":"Spire Growth","floor":44,"turns":7},{"damage":26,"enemies":"Transient","floor":46,"turns":5},{"damage":31,"enemies":"Maw","floor":47,"turns":7},{"damage":37,"enemies":"Spire Growth","floor":48,"turns":6},{"damage":84,"enemies":"Awakened One","floor":50,"turns":16}],"seed_played":"-232961613439796843","potions_obtained":[{"floor":5,"key":"Poison Potion"},{"floor":16,"key":"Energy Potion"},{"floor":19,"key":"AttackPotion"},{"floor":20,"key":"SneckoOil"},{"floor":24,"key":"FairyPotion"},{"floor":29,"key":"Strength Potion"},{"floor":40,"key":"SpeedPotion"},{"floor":42,"key":"Fire Potion"},{"floor":47,"key":"Dexterity Potion"}],"is_trial":false,"path_per_floor":["M","?","T","$","M","E","M","?","T","M","?","$","T","M","R","B",null,"M","?","M","$","M","R","M","R","T","M","?","E","M","?","R","B",null,"M","?","$","M","?","E","R","?","T","M","$","M","M","M","R","B"],"character_chosen":"DEFECT","items_purchased":["Tempest","Dodecahedron","Glacier+1","Finesse+1","Heatsinks","Gremlin Horn","Shuriken","Blue Candle"],"campfire_rested":2,"item_purchase_floors":[4,12,21,21,37,37,37,45],"current_hp_per_floor":[75,75,75,75,75,75,75,75,82,80,80,80,80,74,74,57,82,74,47,59,59,59,59,54,54,54,71,71,62,79,79,79,64,82,82,82,82,82,78,29,52,72,72,64,64,57,55,47,70,0],"gold":47,"neow_bonus":"THREE_ENEMY_KILL","is_prod":false,"is_daily":false,"chose_seed":false,"campfire_upgraded":4,"win_rate":0,"timestamp":1556765743,"path_taken":["M","?","?","?","M","E","M","?","T","?","?","$","?","M","R","BOSS","M","?","M","$","M","R","M","R","T","M","?","E","M","?","R","BOSS","M","?","$","M","?","E","R","?","T","M","$","M","M","M","R","BOSS"],"build_version":"2019-01-23","purchased_purges":4,"victory":false,"max_hp_per_floor":[75,75,75,75,75,75,75,75,82,82,82,82,82,82,82,82,82,82,82,82,82,82,82,82,82,82,82,82,82,82,82,82,82,82,82,82,82,82,78,78,78,78,78,78,78,78,78,78,78,78],"card_choices":[{"not_picked":["Compile Driver","Turbo","Streamline"],"picked":"SKIP","floor":1},{"not_picked":["Stack","Turbo"],"picked":"Leap","floor":5},{"not_picked":["Stack","Sunder"],"picked":"Conserve Battery","floor":6},{"not_picked":["Hologram","Go for the Eyes"],"picked":"Sweeping Beam","floor":7},{"not_picked":["Barrage","Hologram","Recycle"],"picked":"SKIP","floor":10},{"not_picked":["Scrape","Hologram"],"picked":"Self Repair","floor":14},{"not_picked":["Seek","Biased Cognition"],"picked":"Meteor Strike","floor":16},{"not_picked":["Turbo","Compile Driver"],"picked":"Coolheaded","floor":18},{"not_picked":["Go for the Eyes+1","FTL"],"picked":"Coolheaded","floor":19},{"not_picked":["White Noise+1","Go for the Eyes"],"picked":"Doom and Gloom+1","floor":20},{"not_picked":["Barrage+1","Steam+1","Compile Driver"],"picked":"SKIP","floor":22},{"not_picked":["Heatsinks","Scrape"],"picked":"Self Repair","floor":24},{"not_picked":["Stack+1","Seek+1"],"picked":"Conserve Battery+1","floor":27},{"not_picked":["Turbo+1","Gash","Compile Driver"],"picked":"SKIP","floor":29},{"not_picked":["Sweeping Beam","Ball Lightning","Streamline"],"picked":"SKIP","floor":30},{"not_picked":["Biased Cognition","Electrodynamics"],"picked":"Creative AI","floor":33},{"not_picked":["Compile Driver","Go for the Eyes+1"],"picked":"Chaos+1","floor":35},{"not_picked":["Swift Strike","Dark Shackles+1"],"picked":"Purity+1","floor":36},{"not_picked":["Barrage+1","Static Discharge+1","Reprogram+1"],"picked":"SKIP","floor":38},{"not_picked":["Force Field+1","Ball Lightning"],"picked":"Leap+1","floor":40},{"not_picked":["Tempest+1","Cold Snap"],"picked":"Darkness+1","floor":44},{"not_picked":["Turbo+1","Gash+1"],"picked":"Amplify+1","floor":46},{"not_picked":["Redo+1","Go for the Eyes","FTL"],"picked":"SKIP","floor":47},{"not_picked":["Self Repair+1","Coolheaded+1"],"picked":"Conserve Battery+1","floor":48}],"player_experience":638935,"relics_obtained":[{"floor":3,"key":"Cables"},{"floor":6,"key":"The Courier"},{"floor":9,"key":"Strawberry"},{"floor":13,"key":"Mercury Hourglass"},{"floor":19,"key":"Old Coin"},{"floor":19,"key":"Toxic Egg 2"},{"floor":26,"key":"DataDisk"},{"floor":29,"key":"Juzu Bracelet"},{"floor":34,"key":"Dream Catcher"},{"floor":34,"key":"Matryoshka"},{"floor":34,"key":"Girya"},{"floor":40,"key":"Gambling Chip"},{"floor":42,"key":"Shovel"},{"floor":43,"key":"Smiling Mask"},{"floor":43,"key":"Centennial Puzzle"}],"event_choices":[{"damage_healed":0,"gold_gain":175,"player_choice":"AGREE","damage_taken":0,"max_hp_gain":0,"max_hp_loss":0,"event_name":"Liars Game","floor":2,"gold_loss":0,"cards_obtained":["Doubt"]},{"damage_healed":0,"gold_gain":0,"player_choice":"Box","damage_taken":0,"relics_obtained":["Meat on the Bone"],"max_hp_gain":0,"max_hp_loss":0,"event_name":"Big Fish","floor":8,"gold_loss":0,"cards_obtained":["Regret"]},{"damage_healed":0,"gold_gain":0,"player_choice":"Gave Potion","damage_taken":0,"relics_obtained":["Bronze Scales"],"max_hp_gain":0,"max_hp_loss":0,"event_name":"WeMeetAgain","floor":11,"gold_loss":0},{"damage_healed":0,"gold_gain":0,"player_choice":"Fight","damage_taken":0,"max_hp_gain":0,"max_hp_loss":0,"event_name":"Colosseum","floor":19,"gold_loss":0},{"damage_healed":0,"gold_gain":0,"player_choice":"Fought Nobs","damage_taken":0,"max_hp_gain":0,"max_hp_loss":0,"event_name":"Colosseum","floor":19,"gold_loss":0},{"cards_removed":["Strike_B"],"damage_healed":0,"gold_gain":0,"player_choice":"Purged","damage_taken":0,"max_hp_gain":0,"max_hp_loss":0,"event_name":"Purifier","floor":28,"gold_loss":0},{"damage_healed":0,"gold_gain":0,"player_choice":"Opened","damage_taken":0,"relics_obtained":["PreservedInsect"],"max_hp_gain":0,"max_hp_loss":0,"event_name":"The Mausoleum","floor":31,"gold_loss":0},{"damage_healed":0,"gold_gain":0,"player_choice":"Memory 1","damage_taken":0,"max_hp_gain":0,"max_hp_loss":0,"event_name":"SensoryStone","floor":36,"gold_loss":0},{"damage_healed":0,"gold_gain":0,"player_choice":"Max HP","damage_taken":0,"max_hp_gain":0,"max_hp_loss":4,"event_name":"Winding Halls","floor":39,"gold_loss":0},{"damage_healed":0,"gold_gain":0,"player_choice":"Fight","damage_taken":0,"max_hp_gain":0,"max_hp_loss":0,"event_name":"MindBloom","floor":42,"gold_loss":0}],"is_beta":false,"boss_relics":[{"not_picked":["Tiny House","Pandora\u0027s Box"],"picked":"Philosopher\u0027s Stone"},{"not_picked":["Snecko Eye","Lizard Tail"],"picked":"Calling Bell"}],"items_purged_floors":[4,12,21,37],"is_endless":false,"potions_floor_spawned":[5,16,19,20,24,29,33,40,42,47],"killed_by":"Awakened One","ascension_level":0}