{"gold_per_floor":[116,116,116,146,165,165,185,185,185,204,204,224,224,224],"floor_reached":14,"playtime":571,"items_purged":[],"score":98,"play_id":"519e1e15-a5dc-4152-acad-f3e4af563b3e","local_time":"20190612222538","is_ascension_mode":true,"campfire_choices":[{"data":"Deflect","floor":6,"key":"SMITH"},{"data":"Reflex","floor":8,"key":"SMITH"},{"data":"Deflect","floor":11,"key":"SMITH"}],"neow_cost":"NONE","seed_source_timestamp":5004836308515586,"circlet_count":0,"master_deck":["Defend_G","Defend_G","Defend_G","Defend_G","Defend_G","Strike_G","Strike_G","Strike_G","Strike_G","Survivor","Neutralize","Reflex+1","Deflect+1","Deflect+1","Slice","Phantasmal Killer","Mind Blast"],"relics":["Ring of the Snake","Tiny Chest","Juzu Bracelet","Odd Mushroom"],"potions_floor_usage":[12],"damage_taken":[{"damage":6,"enemies":"Jaw Worm","floor":1,"turns":6},{"damage":0,"enemies":"2 Louse","floor":5,"turns":3},{"damage":0,"enemies":"Small Slimes","floor":7,"turns":5},{"damage":7,"enemies":"Gremlin Gang","floor":10,"turns":7},{"damage":10,"enemies":"The Mushroom Lair","floor":12,"turns":9},{"damage":53,"enemies":"Gremlin Nob","floor":14,"turns":5}],"seed_played":"5428380523757452453","potions_obtained":[{"floor":1,"key":"Fruit Juice"},{"floor":5,"key":"LiquidBronze"},{"floor":7,"key":"Energy Potion"},{"floor":10,"key":"Block Potion"}],"is_trial":false,"path_per_floor":["M","?","?","?","M","R","M","R","T","M","R","?","?","E"],"character_chosen":"THE_SILENT","items_purchased":[],"campfire_rested":0,"item_purchase_floors":[],"current_hp_per_floor":[64,64,69,69,69,69,69,69,69,62,62,52,52,0],"gold":224,"neow_bonus":"REMOVE_CARD","is_prod":false,"is_daily":false,"chose_seed":false,"campfire_upgraded":3,"win_rate":0,"timestamp":1560396338,"path_taken":["M","?","?","?","?","R","M","R","T","M","R","?","?","E"],"build_version":"2019-01-23","purchased_purges":0,"victory":false,"max_hp_per_floor":[70,70,75,75,75,75,75,75,75,75,75,75,75,75],"card_choices":[{"not_picked":["Sucker Punch","Deadly Poison"],"picked":"Reflex","floor":1},{"not_picked":["Endless Agony","Catalyst"],"picked":"Deflect","floor":5},{"not_picked":["Predator","Storm of Steel","Finisher"],"picked":"SKIP","floor":7},{"not_picked":["Backflip","Poisoned Stab"],"picked":"Deflect","floor":10},{"not_picked":["Sucker Punch","Dagger Throw"],"picked":"Slice","floor":12}],"player_experience":93268,"relics_obtained":[{"floor":9,"key":"Juzu Bracelet"},{"floor":12,"key":"Odd Mushroom"}],"event_choices":[{"damage_healed":0,"gold_gain":0,"player_choice":"Ignored","damage_taken":0,"max_hp_gain":0,"max_hp_loss":0,"event_name":"Liars Game","floor":2,"gold_loss":0},{"damage_healed":0,"gold_gain":0,"player_choice":"Donut","damage_taken":0,"max_hp_gain":5,"max_hp_loss":0,"event_name":"Big Fish","floor":3,"gold_loss":0},{"damage_healed":0,"gold_gain":0,"player_choice":"Gave Potion","damage_taken":0,"relics_obtained":["Tiny Chest"],"max_hp_gain":0,"max_hp_loss":0,"event_name":"WeMeetAgain","floor":4,"gold_loss":0},{"damage_healed":0,"gold_gain":0,"player_choice":"Fought Mushrooms","damage_taken":0,"max_hp_gain":0,"max_hp_loss":0,"event_name":"Mushrooms","floor":12,"gold_loss":0},{"damage_healed":0,"gold_gain":0,"player_choice":"2 cards matched","damage_taken":0,"max_hp_gain":0,"max_hp_loss":0,"event_name":"Match and Keep!","floor":13,"gold_loss":0,"cards_obtained":["Phantasmal Killer","Mind Blast"]}],"is_beta":false,"boss_relics":[],"items_purged_floors":[],"is_endless":false,"potions_floor_spawned":[1,5,7,10],"killed_by":"Gremlin Nob","ascension_level":5}