{"gold_per_floor":[118,133,144,157,170,196,196,146,146,164,164,50,84,104,104,199,199,199,199,199,199,199,199,199,199,199,199,8,8,8,8,8,8,8,8,8,8,8,8,8,8,8,8,8,8,8,0,0,0,0],"floor_reached":51,"playtime":6927,"items_purged":["Strike_G"],"score":682,"play_id":"5001e699-5caa-4fe7-a04b-a4f04a459ce9","local_time":"20190701132642","is_ascension_mode":false,"campfire_choices":[{"data":"Neutralize","floor":7,"key":"SMITH"},{"data":"Calculated Gamble","floor":11,"key":"SMITH"},{"data":"Finisher","floor":15,"key":"SMITH"},{"data":"Adrenaline","floor":27,"key":"SMITH"},{"floor":30,"key":"REST"},{"data":"Footwork","floor":32,"key":"SMITH"},{"data":"Eviscerate","floor":40,"key":"SMITH"},{"floor":46,"key":"REST"},{"floor":49,"key":"REST"}],"neow_cost":"NONE","seed_source_timestamp":729552130355626,"circlet_count":0,"master_deck":["Defend_G+1","Defend_G+1","Defend_G+1","Defend_G+1","Defend_G+1","Strike_G+1","Strike_G+1","Survivor+1","Neutralize+1","Flying Knee+1","Prepared+1","Quick Slash+1","Flying Knee+1","Underhanded Strike+1","Leg Sweep+1","Calculated Gamble+1","Well Laid Plans+1","Finisher+1","Footwork+1","Adrenaline+1","Acrobatics+1","Dagger Spray+1","Footwork+1","All Out Attack+1","RitualDagger+1","Underhanded Strike+1","PiercingWail+1","Tools of the Trade+1","Thinking Ahead+1","Eviscerate+1","Dagger Throw+1","Parasite"],"relics":["Ring of the Serpent","Anchor","Gambling Chip","Pantograph","War Paint","Ectoplasm","Bird Faced Urn","Tough Bandages","Pear","Du-Vu Doll","ClockworkSouvenir","Mark of the Bloom","Lantern","Paper Crane","Red Mask"],"potions_floor_usage":[6,6,14,16,16,23,31,33,35,50,50],"damage_taken":[{"damage":0,"enemies":"2 Louse","floor":1,"turns":3},{"damage":0,"enemies":"Small Slimes","floor":2,"turns":3},{"damage":1,"enemies":"Jaw Worm","floor":3,"turns":4},{"damage":3,"enemies":"3 Louse","floor":4,"turns":4},{"damage":0,"enemies":"Looter","floor":5,"turns":3},{"damage":6,"enemies":"3 Sentries","floor":6,"turns":7},{"damage":0,"enemies":"2 Fungi Beasts","floor":10,"turns":2},{"damage":4,"enemies":"Gremlin Nob","floor":13,"turns":5},{"damage":0,"enemies":"3 Louse","floor":14,"turns":1},{"damage":13,"enemies":"Slime Boss","floor":16,"turns":12},{"damage":0,"enemies":"Shell Parasite","floor":18,"turns":2},{"damage":0,"enemies":"Spheric Guardian","floor":21,"turns":1},{"damage":28,"enemies":"Gremlin Leader","floor":23,"turns":6},{"damage":1,"enemies":"Colosseum Slavers","floor":24,"turns":5},{"damage":0,"enemies":"Colosseum Nobs","floor":24,"turns":4},{"damage":1,"enemies":"Snecko","floor":29,"turns":5},{"damage":5,"enemies":"Centurion and Healer","floor":31,"turns":4},{"damage":33,"enemies":"Champ","floor":33,"turns":20},{"damage":0,"enemies":"Orb Walker","floor":35,"turns":3},{"damage":0,"enemies":"3 Darklings","floor":38,"turns":4},{"damage":0,"enemies":"Jaw Worm Horde","floor":41,"turns":3},{"damage":3,"enemies":"Giant Head","floor":42,"turns":8},{"damage":0,"enemies":"Maw","floor":44,"turns":6},{"damage":0,"enemies":"Writhing Mass","floor":45,"turns":7},{"damage":3,"enemies":"Awakened One","floor":50,"turns":13}],"seed_played":"-4967460869092725036","potions_obtained":[{"floor":2,"key":"AttackPotion"},{"floor":3,"key":"GhostInAJar"},{"floor":5,"key":"GhostInAJar"},{"floor":13,"key":"AttackPotion"},{"floor":14,"key":"Poison Potion"},{"floor":16,"key":"Fire Potion"},{"floor":23,"key":"SpeedPotion"},{"floor":31,"key":"Fire Potion"},{"floor":33,"key":"GamblersBrew"},{"floor":38,"key":"GamblersBrew"},{"floor":42,"key":"EssenceOfSteel"},{"floor":44,"key":"FearPotion"},{"floor":45,"key":"Strength Potion"}],"is_trial":false,"path_per_floor":["M","M","M","M","M","E","R","?","T","M","R","$","E","M","R","B",null,"M","?","?","M","?","E","?","?","T","R","$","M","R","M","R","B",null,"M","?","?","M","?","R","M","E","T","M","M","R","?","$","R","B",null],"character_chosen":"THE_SILENT","items_purchased":["Well Laid Plans","ClockworkSouvenir"],"campfire_rested":3,"item_purchase_floors":[12,28],"current_hp_per_floor":[70,70,69,66,66,60,60,60,60,60,60,60,56,56,56,57,70,70,70,57,57,57,29,50,44,44,44,44,49,74,75,75,52,85,85,85,85,85,85,85,85,82,82,82,82,82,82,82,82,79],"gold":0,"neow_bonus":"RANDOM_COMMON_RELIC","is_prod":false,"is_daily":false,"chose_seed":false,"campfire_upgraded":6,"win_rate":0,"timestamp":1562012802,"path_taken":["M","M","M","M","M","E","R","?","T","M","R","$","E","M","R","BOSS","M","?","?","M","?","E","?","?","T","R","$","M","R","M","R","BOSS","M","?","?","M","?","R","M","E","T","M","M","R","?","$","R","BOSS"],"build_version":"2019-01-23","purchased_purges":1,"victory":true,"max_hp_per_floor":[70,70,70,70,70,70,70,70,70,70,70,70,70,70,70,70,70,70,70,75,75,75,75,85,85,85,85,85,85,85,85,85,85,85,85,85,85,85,85,85,85,85,85,85,85,85,85,85,85,85],"card_choices":[{"not_picked":["Concentrate","Backstab"],"picked":"Flying Knee","floor":1},{"not_picked":["Dodge and Roll","Outmaneuver"],"picked":"Prepared","floor":2},{"not_picked":["Prepared","PiercingWail"],"picked":"Quick Slash","floor":3},{"not_picked":["Poisoned Stab","Slice"],"picked":"Flying Knee","floor":4},{"not_picked":["Acrobatics","Venomology"],"picked":"Underhanded Strike","floor":5},{"not_picked":["Deflect","Flying Knee"],"picked":"Leg Sweep","floor":6},{"not_picked":["Poisoned Stab","Terror"],"picked":"Calculated Gamble","floor":10},{"not_picked":["Prepared","Dodge and Roll"],"picked":"Finisher","floor":13},{"not_picked":["Acrobatics","Dodge and Roll"],"picked":"Footwork","floor":14},{"not_picked":["After Image","Doppelganger"],"picked":"Adrenaline","floor":16},{"not_picked":["Dodge and Roll+1","Leg Sweep+1"],"picked":"Acrobatics","floor":18},{"not_picked":["Catalyst+1","Finisher"],"picked":"Dagger Spray","floor":21},{"not_picked":["Sucker Punch","Quick Slash"],"picked":"Footwork","floor":23},{"not_picked":["Bane","Prepared"],"picked":"All Out Attack+1","floor":24},{"not_picked":["Dodge and Roll","Dagger Spray"],"picked":"Underhanded Strike","floor":29},{"not_picked":["Masterful Stab","Flying Knee"],"picked":"PiercingWail","floor":31},{"not_picked":["Die Die Die","Corpse Explosion"],"picked":"Tools of the Trade","floor":33},{"not_picked":["Blade Dance","Dodge and Roll","Dagger Spray+1"],"picked":"SKIP","floor":35},{"not_picked":["Dramatic Entrance","Secret Technique"],"picked":"Thinking Ahead","floor":36},{"not_picked":["Outmaneuver+1","Flying Knee"],"picked":"Eviscerate","floor":38},{"not_picked":["Prepared+1","Deadly Poison","Outmaneuver"],"picked":"SKIP","floor":41},{"not_picked":["Flying Knee+1","Acrobatics","Cloak And Dagger"],"picked":"SKIP","floor":42},{"not_picked":["Blade Dance","Bouncing Flask+1"],"picked":"Dagger Throw+1","floor":44},{"not_picked":["Sucker Punch","Unload","Backflip"],"picked":"SKIP","floor":45}],"player_experience":566503,"relics_obtained":[{"floor":6,"key":"Gambling Chip"},{"floor":9,"key":"Pantograph"},{"floor":13,"key":"War Paint"},{"floor":23,"key":"Bird Faced Urn"},{"floor":24,"key":"Tough Bandages"},{"floor":24,"key":"Pear"},{"floor":26,"key":"Du-Vu Doll"},{"floor":42,"key":"Lantern"},{"floor":43,"key":"Paper Crane"}],"event_choices":[{"cards_removed":["Strike_G"],"damage_healed":0,"gold_gain":0,"player_choice":"Card Removal","damage_taken":0,"max_hp_gain":0,"max_hp_loss":0,"event_name":"The Cleric","floor":8,"gold_loss":50},{"damage_healed":0,"gold_gain":0,"player_choice":"Ignored","damage_taken":0,"max_hp_gain":0,"max_hp_loss":0,"event_name":"Vampires","floor":19,"gold_loss":0},{"damage_healed":0,"gold_gain":0,"player_choice":"Shed Blood","damage_taken":18,"max_hp_gain":5,"max_hp_loss":0,"event_name":"Forgotten Altar","floor":20,"gold_loss":0},{"damage_healed":0,"gold_gain":0,"player_choice":"Simplicity","damage_taken":0,"max_hp_gain":0,"max_hp_loss":0,"event_name":"Back to Basics","floor":22,"gold_loss":0,"cards_upgraded":["Defend_G","Defend_G","Defend_G","Strike_G","Strike_G","Strike_G"]},{"damage_healed":0,"gold_gain":0,"player_choice":"Fight","damage_taken":0,"max_hp_gain":0,"max_hp_loss":0,"event_name":"Colosseum","floor":24,"gold_loss":0},{"damage_healed":0,"gold_gain":0,"player_choice":"Fought Nobs","damage_taken":0,"max_hp_gain":0,"max_hp_loss":0,"event_name":"Colosseum","floor":24,"gold_loss":0},{"damage_healed":0,"gold_gain":0,"player_choice":"Joined the Cult","damage_taken":6,"max_hp_gain":0,"max_hp_loss":0,"event_name":"Nest","floor":25,"gold_loss":0,"cards_obtained":["RitualDagger"]},{"damage_healed":0,"gold_gain":0,"player_choice":"Memory 1","damage_taken":0,"max_hp_gain":0,"max_hp_loss":0,"event_name":"SensoryStone","floor":36,"gold_loss":0},{"damage_healed":0,"gold_gain":0,"player_choice":"Upgrade","damage_taken":0,"relics_obtained":["Mark of the Bloom"],"max_hp_gain":0,"max_hp_loss":0,"event_name":"MindBloom","floor":37,"gold_loss":0,"cards_upgraded":["Survivor","Flying Knee","Prepared","Quick Slash","Flying Knee","Underhanded Strike","Leg Sweep","Well Laid Plans","Footwork","Acrobatics","Dagger Spray","RitualDagger","Underhanded Strike","PiercingWail","Tools of the Trade","Thinking Ahead"]},{"cards_removed":["Strike_G"],"damage_healed":0,"gold_gain":0,"player_choice":"Removed Attack","damage_taken":0,"max_hp_gain":0,"max_hp_loss":0,"event_name":"Falling","floor":39,"gold_loss":0},{"damage_healed":0,"gold_gain":0,"player_choice":"Paid","damage_taken":0,"relics_obtained":["Red Mask"],"max_hp_gain":0,"max_hp_loss":0,"event_name":"Tomb of Lord Red Mask","floor":47,"gold_loss":8}],"is_beta":false,"boss_relics":[{"not_picked":["Black Star","Coffee Dripper"],"picked":"Ectoplasm"},{"not_picked":["Runic Pyramid","Orrery"],"picked":"Ring of the Serpent"}],"items_purged_floors":[12],"is_endless":false,"potions_floor_spawned":[2,3,5,13,14,16,23,31,33,38,42,44,45],"ascension_level":0}