{"gold_per_floor":[209,174,174,100,117,117,152,152,222,222,222,222,222,253,253,253],"floor_reached":16,"playtime":604,"items_purged":[],"score":182,"play_id":"d717dad3-9d31-43a8-a167-93dad6ba58e7","local_time":"20190503185459","is_ascension_mode":true,"campfire_choices":[{"data":"White Noise","floor":6,"key":"SMITH"},{"data":"Gash","floor":8,"key":"SMITH"},{"data":"Leap","floor":11,"key":"SMITH"},{"floor":13,"key":"REST"},{"floor":15,"key":"REST"}],"neow_cost":"NONE","seed_source_timestamp":600325787848751,"circlet_count":0,"master_deck":["AscendersBane","Strike_B","Strike_B","Strike_B","Defend_B","Defend_B","Defend_B","Defend_B","Zap+1","Dualcast","White Noise+1","Cold Snap","Leap+1","Gash+1","Force Field"],"relics":["Cracked Core","Smiling Mask","Dodecahedron","FaceOfCleric","Mummified Hand"],"potions_floor_usage":[14,14],"damage_taken":[{"damage":11,"enemies":"Small Slimes","floor":1,"turns":3},{"damage":2,"enemies":"Jaw Worm","floor":5,"turns":4},{"damage":42,"enemies":"Gremlin Nob","floor":7,"turns":5},{"damage":20,"enemies":"Lagavulin","floor":14,"turns":7},{"damage":51,"enemies":"Hexaghost","floor":16,"turns":14}],"seed_played":"3770333135316814740","potions_obtained":[{"floor":1,"key":"Poison Potion"},{"floor":7,"key":"Fire Potion"},{"floor":14,"key":"Regen Potion"}],"is_trial":false,"path_per_floor":["M","?","?","$","M","R","E","R","T","?","R","?","R","E","R","B"],"character_chosen":"DEFECT","items_purchased":["Cold Snap","Block Potion"],"campfire_rested":2,"item_purchase_floors":[4,4],"current_hp_per_floor":[53,70,63,63,61,61,19,19,19,19,19,19,40,21,42,0],"gold":253,"neow_bonus":"HUNDRED_GOLD","is_prod":false,"is_daily":false,"chose_seed":false,"campfire_upgraded":3,"win_rate":0,"timestamp":1556934899,"path_taken":["M","?","?","$","?","R","E","R","T","?","R","?","R","E","R","BOSS"],"build_version":"2019-01-23","purchased_purges":0,"victory":false,"max_hp_per_floor":[71,71,71,71,71,71,71,71,71,71,71,71,71,72,72,72],"card_choices":[{"not_picked":["Steam Power","Chill"],"picked":"White Noise","floor":1},{"not_picked":["Hello World","Stack"],"picked":"Leap","floor":5},{"not_picked":["Conserve Battery","Lockon"],"picked":"Gash","floor":7},{"not_picked":["Skim","Chill"],"picked":"Force Field","floor":14}],"player_experience":900384,"relics_obtained":[{"floor":7,"key":"Smiling Mask"},{"floor":9,"key":"Dodecahedron"},{"floor":14,"key":"Mummified Hand"}],"event_choices":[{"damage_healed":17,"gold_gain":0,"player_choice":"Healed","damage_taken":0,"max_hp_gain":0,"max_hp_loss":0,"event_name":"The Cleric","floor":2,"gold_loss":35},{"cards_removed":["Strike_B"],"damage_healed":0,"gold_gain":0,"player_choice":"Card Removal","damage_taken":7,"max_hp_gain":0,"max_hp_loss":0,"event_name":"Golden Wing","floor":3,"gold_loss":0},{"damage_healed":0,"gold_gain":0,"player_choice":"Grow","damage_taken":0,"max_hp_gain":0,"max_hp_loss":0,"event_name":"Living Wall","floor":10,"gold_loss":0,"cards_upgraded":["Zap"]},{"damage_healed":0,"gold_gain":0,"player_choice":"Trade","damage_taken":0,"relics_obtained":["FaceOfCleric"],"max_hp_gain":0,"max_hp_loss":0,"event_name":"FaceTrader","floor":12,"gold_loss":0}],"is_beta":false,"boss_relics":[],"items_purged_floors":[],"is_endless":false,"potions_floor_spawned":[1,7,14],"killed_by":"Hexaghost","ascension_level":15}