{"gold_per_floor":[119,130,130,130,143,143,184,208,208,239,239,9,33,76,76,175,175,190,203,203],"floor_reached":20,"playtime":823,"items_purged":[],"score":369,"play_id":"0d63b5f5-31dc-40ce-afbe-8063e06eb8ec","local_time":"20190331181651","is_ascension_mode":true,"campfire_choices":[{"data":"Armaments","floor":6,"key":"SMITH"},{"data":"Bash","floor":11,"key":"SMITH"},{"data":"Disarm","floor":15,"key":"SMITH"}],"neow_cost":"NONE","seed_source_timestamp":952406829764127,"circlet_count":0,"master_deck":["AscendersBane","Strike_R+1","Strike_R+1","Strike_R","Strike_R","Strike_R","Defend_R","Defend_R","Defend_R","Defend_R","Bash+1","Disarm+1","Perfected Strike+1","Armaments+1","Rage","Cleave","Rampage+1","Shockwave","Shrug It Off","Limit Break"],"relics":["Burning Blood","Whetstone","Golden Idol","Pen Nib","PreservedInsect","Molten Egg 2","Chemical X","Calipers","Busted Crown"],"potions_floor_usage":[7,10,16,16,20],"damage_taken":[{"damage":1,"enemies":"Cultist","floor":1,"turns":3},{"damage":0,"enemies":"2 Louse","floor":2,"turns":4},{"damage":14,"enemies":"Small Slimes","floor":5,"turns":3},{"damage":24,"enemies":"Lagavulin","floor":7,"turns":7},{"damage":3,"enemies":"Blue Slaver","floor":8,"turns":3},{"damage":19,"enemies":"Gremlin Nob","floor":10,"turns":4},{"damage":17,"enemies":"Gremlin Gang","floor":13,"turns":5},{"damage":3,"enemies":"Lagavulin","floor":14,"turns":6},{"damage":5,"enemies":"Hexaghost","floor":16,"turns":10},{"damage":20,"enemies":"Shell Parasite","floor":18,"turns":5},{"damage":29,"enemies":"3 Byrds","floor":19,"turns":7},{"damage":26,"enemies":"Snecko","floor":20,"turns":6}],"seed_played":"-1165989923690426385","potions_obtained":[{"floor":5,"key":"Fire Potion"},{"floor":7,"key":"SpeedPotion"},{"floor":8,"key":"Block Potion"},{"floor":14,"key":"Dexterity Potion"},{"floor":18,"key":"Dexterity Potion"}],"is_trial":false,"path_per_floor":["M","M","?","?","M","R","E","M","T","E","R","$","M","E","R","B",null,"M","M","M"],"character_chosen":"IRONCLAD","items_purchased":["Chemical X"],"campfire_rested":0,"item_purchase_floors":[12],"current_hp_per_floor":[73,75,68,68,60,60,42,45,45,32,32,32,21,24,24,25,57,43,20,0],"gold":203,"neow_bonus":"RANDOM_COMMON_RELIC","is_prod":false,"is_daily":false,"chose_seed":false,"campfire_upgraded":3,"win_rate":0,"timestamp":1554070611,"path_taken":["M","?","?","?","M","R","E","M","T","E","R","?","M","E","R","BOSS","M","?","M"],"build_version":"2019-01-23","purchased_purges":0,"victory":false,"max_hp_per_floor":[75,75,68,68,68,68,68,68,68,68,68,68,68,68,68,68,68,68,68,68],"card_choices":[{"not_picked":["Wild Strike","Burning Pact"],"picked":"Disarm","floor":1},{"not_picked":["Thunderclap","Power Through"],"picked":"Perfected Strike","floor":2},{"not_picked":["Anger","Havoc"],"picked":"Armaments","floor":5},{"not_picked":["Wild Strike","Sword Boomerang"],"picked":"Rage","floor":7},{"not_picked":["Body Slam","Sword Boomerang"],"picked":"Cleave","floor":8},{"not_picked":["Seeing Red","Rage"],"picked":"Rampage","floor":10},{"not_picked":["Juggernaut","Sword Boomerang+1"],"picked":"Shockwave","floor":13},{"not_picked":["Armaments","Flex"],"picked":"Shrug It Off","floor":14},{"not_picked":["Fiend Fire+1","Juggernaut"],"picked":"Limit Break","floor":16},{"not_picked":["Feel No Pain+1"],"picked":"SKIP","floor":18},{"not_picked":["Headbutt+1"],"picked":"SKIP","floor":19}],"player_experience":488520,"relics_obtained":[{"floor":7,"key":"Pen Nib"},{"floor":9,"key":"PreservedInsect"},{"floor":10,"key":"Molten Egg 2"},{"floor":14,"key":"Calipers"}],"event_choices":[{"damage_healed":0,"gold_gain":0,"player_choice":"Lose Max HP","damage_taken":0,"relics_obtained":["Golden Idol"],"max_hp_gain":0,"max_hp_loss":7,"event_name":"Golden Idol","floor":3,"gold_loss":0},{"damage_healed":0,"gold_gain":0,"player_choice":"Grow","damage_taken":0,"max_hp_gain":0,"max_hp_loss":0,"event_name":"Living Wall","floor":4,"gold_loss":0,"cards_upgraded":["Perfected Strike"]}],"is_beta":false,"boss_relics":[{"not_picked":["Runic Pyramid","Ectoplasm"],"picked":"Busted Crown"}],"items_purged_floors":[],"is_endless":false,"potions_floor_spawned":[5,7,8,14,18],"killed_by":"Snecko","ascension_level":18}