{"gold_per_floor":[115,115,115,128,29,29,56,56,82,82,113,174,201,213,213,287,287,287,287,287,287,287,287],"floor_reached":23,"playtime":931,"items_purged":[],"score":345,"play_id":"75aae93d-49a9-4848-a18e-ff04a265aded","local_time":"20190317202909","is_ascension_mode":true,"campfire_choices":[{"data":"Zap","floor":6,"key":"SMITH"},{"data":"Beam Cell","floor":8,"key":"SMITH"},{"floor":10,"key":"REST"},{"floor":15,"key":"REST"}],"neow_cost":"NONE","seed_source_timestamp":2592545026222926,"circlet_count":0,"master_deck":["AscendersBane","Strike_B","Strike_B","Strike_B","Defend_B","Defend_B","Defend_B","Defend_B","Zap+1","Dualcast","Coolheaded","Melter","Beam Cell+1","Conserve Battery","Gash","Go for the Eyes","Ball Lightning","Redo","Darkness","Electrodynamics","Hologram","Chaos","Cold Snap","Reinforced Body"],"relics":["Cracked Core","Regal Pillow","SsserpentHead","DataDisk","Omamori","Centennial Puzzle","Ancient Tea Set","Ectoplasm","Kunai","Dead Branch","Bottled Flame"],"potions_floor_usage":[4,7,21,21],"damage_taken":[{"damage":0,"enemies":"Small Slimes","floor":1,"turns":3},{"damage":3,"enemies":"2 Louse","floor":4,"turns":3},{"damage":29,"enemies":"3 Sentries","floor":7,"turns":10},{"damage":17,"enemies":"Gremlin Nob","floor":11,"turns":4},{"damage":0,"enemies":"Cultist","floor":12,"turns":3},{"damage":8,"enemies":"3 Sentries","floor":13,"turns":6},{"damage":12,"enemies":"Large Slime","floor":14,"turns":2},{"damage":2,"enemies":"Slime Boss","floor":16,"turns":6},{"damage":0,"enemies":"Spheric Guardian","floor":18,"turns":3},{"damage":6,"enemies":"Shell Parasite","floor":19,"turns":3},{"damage":10,"enemies":"Colosseum Slavers","floor":21,"turns":2},{"damage":21,"enemies":"Colosseum Nobs","floor":21,"turns":4},{"damage":6,"enemies":"Snecko","floor":22,"turns":5},{"damage":35,"enemies":"Book of Stabbing","floor":23,"turns":4}],"seed_played":"-236512106905414601","potions_obtained":[{"floor":1,"key":"Block Potion"},{"floor":4,"key":"SkillPotion"},{"floor":18,"key":"Block Potion"},{"floor":19,"key":"FocusPotion"}],"is_trial":false,"path_per_floor":["M","?","?","M","$","R","E","R","T","R","E","M","E","M","R","B",null,"M","M","?","?","M","E"],"character_chosen":"DEFECT","items_purchased":["Beam Cell","Conserve Battery"],"campfire_rested":2,"item_purchase_floors":[5,5],"current_hp_per_floor":[68,61,61,58,58,58,29,29,29,66,49,49,41,29,66,64,72,72,66,66,35,29,0],"gold":287,"neow_bonus":"RANDOM_COMMON_RELIC","is_prod":false,"is_daily":false,"chose_seed":false,"campfire_upgraded":2,"win_rate":0,"timestamp":1552868949,"path_taken":["M","?","?","M","$","R","E","R","T","R","E","?","E","M","R","BOSS","M","M","?","?","M","E"],"build_version":"2019-01-23","purchased_purges":0,"victory":false,"max_hp_per_floor":[75,75,75,75,75,75,75,75,75,75,75,75,75,75,75,75,75,75,75,75,75,75,75],"card_choices":[{"not_picked":["Loop","Streamline"],"picked":"Coolheaded","floor":1},{"not_picked":["Tempest","Stack"],"picked":"Melter","floor":4},{"not_picked":["Compile Driver","Beam Cell"],"picked":"Gash","floor":7},{"not_picked":["Steam Power","Streamline"],"picked":"Go for the Eyes","floor":11},{"not_picked":["Rebound","Beam Cell"],"picked":"Ball Lightning","floor":12},{"not_picked":["Steam Power","Loop"],"picked":"Redo","floor":13},{"not_picked":["Rebound","Lockon"],"picked":"Darkness","floor":14},{"not_picked":["Reboot","Seek"],"picked":"Electrodynamics","floor":16},{"not_picked":["Aggregate","Barrage+1"],"picked":"Hologram","floor":18},{"not_picked":["Barrage","FTL"],"picked":"Chaos","floor":19},{"not_picked":["Steam","White Noise"],"picked":"Cold Snap","floor":21},{"not_picked":["Double Energy","Turbo"],"picked":"Reinforced Body","floor":22}],"player_experience":410520,"relics_obtained":[{"floor":7,"key":"DataDisk"},{"floor":9,"key":"Omamori"},{"floor":11,"key":"Centennial Puzzle"},{"floor":13,"key":"Ancient Tea Set"},{"floor":21,"key":"Dead Branch"},{"floor":21,"key":"Bottled Flame"}],"event_choices":[{"cards_removed":["Strike_B"],"damage_healed":0,"gold_gain":0,"player_choice":"Card Removal","damage_taken":7,"max_hp_gain":0,"max_hp_loss":0,"event_name":"Golden Wing","floor":2,"gold_loss":0},{"damage_healed":0,"gold_gain":0,"player_choice":"Trade","damage_taken":0,"relics_obtained":["SsserpentHead"],"max_hp_gain":0,"max_hp_loss":0,"event_name":"FaceTrader","floor":3,"gold_loss":0},{"damage_healed":0,"gold_gain":0,"player_choice":"Opened","damage_taken":0,"relics_obtained":["Kunai"],"max_hp_gain":0,"max_hp_loss":0,"event_name":"The Mausoleum","floor":20,"gold_loss":0},{"damage_healed":0,"gold_gain":0,"player_choice":"Fight","damage_taken":0,"max_hp_gain":0,"max_hp_loss":0,"event_name":"Colosseum","floor":21,"gold_loss":0},{"damage_healed":0,"gold_gain":0,"player_choice":"Fought Nobs","damage_taken":0,"max_hp_gain":0,"max_hp_loss":0,"event_name":"Colosseum","floor":21,"gold_loss":0}],"is_beta":false,"boss_relics":[{"not_picked":["Empty Cage","Orrery"],"picked":"Ectoplasm"}],"items_purged_floors":[],"is_endless":false,"potions_floor_spawned":[1,4,18,19],"killed_by":"Book of Stabbing","ascension_level":13}