{"gold_per_floor":[110,35,35,59,84,124,124,142,192,192,232,232,268,83,83,83],"floor_reached":16,"playtime":683,"items_purged":["Strike_R","Strike_R"],"score":130,"play_id":"fc9ec4d3-34d5-4af4-92b1-01caf7405854","local_time":"20190630071155","is_ascension_mode":true,"campfire_choices":[{"data":"Infernal Blade","floor":10,"key":"SMITH"},{"data":"Shrug It Off","floor":12,"key":"SMITH"},{"data":"Body Slam","floor":15,"key":"SMITH"}],"neow_cost":"NONE","seed_source_timestamp":0,"circlet_count":0,"master_deck":["Strike_R","Strike_R+1","Defend_R","Defend_R","Defend_R","Defend_R","Bash","Bludgeon+1","Infernal Blade+1","Seeing Red+1","Inflame","Shrug It Off+1","Thunderclap","Twin Strike","Body Slam+1","Searing Blow","Shrug It Off"],"special_seed":0,"relics":["Burning Blood","Golden Idol","Darkstone Periapt","Whetstone","Boot"],"potions_floor_usage":[6,6,11,11],"damage_taken":[{"damage":0,"enemies":"2 Louse","floor":1,"turns":3},{"damage":5,"enemies":"Cultist","floor":4,"turns":4},{"damage":7,"enemies":"Jaw Worm","floor":5,"turns":2},{"damage":16,"enemies":"Gremlin Nob","floor":6,"turns":3},{"damage":3,"enemies":"Blue Slaver","floor":8,"turns":3},{"damage":38,"enemies":"Lagavulin","floor":11,"turns":8},{"damage":16,"enemies":"Gremlin Nob","floor":13,"turns":3},{"damage":26,"enemies":"Slime Boss","floor":16,"turns":6}],"seed_played":"-500872339793839566","potions_obtained":[{"floor":1,"key":"SpeedPotion"},{"floor":4,"key":"Energy Potion"},{"floor":5,"key":"AttackPotion"},{"floor":8,"key":"Regen Potion"}],"is_trial":false,"path_per_floor":["M","$","?","M","M","E","?","M","T","R","E","R","E","$","R","B"],"character_chosen":"IRONCLAD","items_purchased":["Searing Blow","Shrug It Off"],"campfire_rested":0,"item_purchase_floors":[14,14],"current_hp_per_floor":[80,80,60,61,60,50,50,53,53,53,36,36,26,26,26,0],"gold":83,"neow_bonus":"TRANSFORM_CARD","is_prod":false,"is_daily":false,"chose_seed":false,"campfire_upgraded":3,"win_rate":0,"timestamp":1561903915,"path_taken":["M","$","?","M","M","E","?","?","T","R","E","R","E","$","R","BOSS"],"build_version":"2019-01-23","purchased_purges":2,"victory":false,"max_hp_per_floor":[80,80,80,80,80,80,80,80,80,80,80,80,80,80,80,80],"card_choices":[{"not_picked":["Blood for Blood","Perfected Strike"],"picked":"Infernal Blade","floor":1},{"not_picked":["Thunderclap","Warcry"],"picked":"Seeing Red","floor":4},{"not_picked":["Wild Strike","Clothesline"],"picked":"Inflame","floor":5},{"not_picked":["Warcry","Ghostly Armor"],"picked":"Shrug It Off","floor":6},{"not_picked":["Warcry","Perfected Strike"],"picked":"Thunderclap","floor":8},{"not_picked":["Intimidate","Exhume"],"picked":"Twin Strike","floor":11},{"not_picked":["Pommel Strike","Pummel"],"picked":"Body Slam","floor":13}],"player_experience":46640,"relics_obtained":[{"floor":6,"key":"Darkstone Periapt"},{"floor":11,"key":"Whetstone"},{"floor":13,"key":"Boot"}],"event_choices":[{"damage_healed":0,"gold_gain":0,"player_choice":"Take Damage","damage_taken":20,"relics_obtained":["Golden Idol"],"max_hp_gain":0,"max_hp_loss":0,"event_name":"Golden Idol","floor":3,"gold_loss":0},{"damage_healed":0,"gold_gain":0,"player_choice":"Upgraded","damage_taken":0,"max_hp_gain":0,"max_hp_loss":0,"event_name":"Upgrade Shrine","floor":7,"gold_loss":0,"cards_upgraded":["Seeing Red"]}],"is_beta":false,"boss_relics":[],"items_purged_floors":[2,14],"is_endless":false,"potions_floor_spawned":[1,4,5,8],"killed_by":"Slime Boss","ascension_level":2}