{"gold_per_floor":[109,121,95,270,287,287,318,318,342,361,326,353,365,393,405,417],"floor_reached":16,"playtime":512,"items_purged":[],"score":187,"play_id":"4a2f2d0a-54b0-4afe-85a4-10c78804a777","local_time":"20181119190514","is_ascension_mode":true,"campfire_choices":[{"data":"Perfected Strike","floor":6,"key":"SMITH"},{"data":"Rampage","floor":8,"key":"SMITH"},{"data":"Intimidate","floor":13,"key":"SMITH"},{"data":"Flex","floor":15,"key":"SMITH"}],"neow_cost":"TEN_PERCENT_HP_LOSS","seed_source_timestamp":5653890152383,"circlet_count":0,"master_deck":["AscendersBane","Strike_R","Strike_R","Strike_R","Strike_R","Defend_R","Defend_R","Defend_R","Bash","Perfected Strike+1","Intimidate+1","Body Slam","Headbutt","Flex","Doubt","Wild Strike","Rampage+1","Uppercut","Twin Strike","Flex+1"],"relics":["Burning Blood","Blood Vial","Lantern","MawBank"],"potions_floor_usage":[12,16,16],"damage_taken":[{"damage":11,"enemies":"Cultist","floor":1,"turns":4},{"damage":8,"enemies":"Small Slimes","floor":2,"turns":4},{"damage":2,"enemies":"2 Louse","floor":5,"turns":3},{"damage":24,"enemies":"Gremlin Nob","floor":7,"turns":4},{"damage":14,"enemies":"Red Slaver","floor":10,"turns":3},{"damage":27,"enemies":"3 Sentries","floor":12,"turns":6},{"damage":8,"enemies":"Looter","floor":14,"turns":2},{"damage":43,"enemies":"Hexaghost","floor":16,"turns":7}],"seed_played":"7487508790362956106","potions_obtained":[{"floor":7,"key":"SkillPotion"},{"floor":12,"key":"Energy Potion"},{"floor":14,"key":"Explosive Potion"}],"is_trial":false,"path_per_floor":["M","M","$","?","M","R","E","R","T","M","?","E","R","M","R","B"],"character_chosen":"IRONCLAD","items_purchased":["Flex"],"campfire_rested":0,"item_purchase_floors":[3],"current_hp_per_floor":[63,61,61,61,65,65,47,47,47,41,58,39,39,39,39,0],"gold":417,"neow_bonus":"TRANSFORM_TWO_CARDS","is_prod":false,"is_daily":false,"chose_seed":false,"campfire_upgraded":4,"win_rate":0,"timestamp":1542683114,"path_taken":["M","M","$","?","M","R","E","R","T","M","?","E","R","M","R","BOSS"],"build_version":"2018-11-15","purchased_purges":0,"victory":false,"max_hp_per_floor":[68,68,68,68,68,68,68,68,68,68,68,68,68,68,68,68],"card_choices":[{"not_picked":["Cleave","Seeing Red"],"picked":"Body Slam","floor":1},{"not_picked":["Flex","Sentinel"],"picked":"Headbutt","floor":2},{"not_picked":["Clash","Havoc"],"picked":"Wild Strike","floor":5},{"not_picked":["Rage","Whirlwind"],"picked":"Rampage","floor":7},{"not_picked":["Thunderclap","Sword Boomerang"],"picked":"Uppercut","floor":10},{"not_picked":["Clothesline","Fiend Fire"],"picked":"Twin Strike","floor":12},{"not_picked":["Sword Boomerang","Hemokinesis"],"picked":"Flex","floor":14}],"player_experience":787475,"relics_obtained":[{"floor":7,"key":"Blood Vial"},{"floor":9,"key":"Lantern"},{"floor":12,"key":"MawBank"}],"event_choices":[{"damage_healed":0,"gold_gain":175,"player_choice":"AGREE","damage_taken":0,"max_hp_gain":0,"max_hp_loss":0,"event_name":"Liars Game","floor":4,"gold_loss":0,"cards_obtained":["Doubt"]},{"damage_healed":17,"gold_gain":0,"player_choice":"Healed","damage_taken":0,"max_hp_gain":0,"max_hp_loss":0,"event_name":"The Cleric","floor":11,"gold_loss":35}],"is_beta":false,"boss_relics":[],"items_purged_floors":[],"is_endless":false,"potions_floor_spawned":[7,12,14],"killed_by":"Hexaghost","ascension_level":14}