{"gold_per_floor":[214,68,243,243,21,21,21,33,98,139,168,200,212,224,236,344,356,386,23,23,35,50,50,81,100,100,100,100,100,112,18,18,113,113,125,138,0,0,11,11,11,11,11,11,11,25,44,54,54,54],"floor_reached":50,"playtime":3109,"items_purged":["Doubt","Regret"],"score":666,"play_id":"e9bfb44b-e443-4f42-97b0-b7086db77a77","local_time":"20190220154550","is_ascension_mode":true,"campfire_choices":[{"data":"Neutralize","floor":6,"key":"SMITH"},{"floor":13,"key":"REST"},{"data":"Dagger Spray","floor":15,"key":"SMITH"},{"data":"After Image","floor":23,"key":"SMITH"},{"floor":27,"key":"REST"},{"floor":32,"key":"REST"},{"data":"Noxious Fumes","floor":40,"key":"SMITH"},{"data":"Blade Dance","floor":44,"key":"SMITH"},{"floor":49,"key":"REST"}],"neow_cost":"NONE","seed_source_timestamp":416920298395790,"circlet_count":0,"master_deck":["Defend_G","Defend_G","Defend_G","Defend_G","Defend_G","Strike_G+1","Strike_G","Strike_G","Survivor","Neutralize+1","Caltrops+1","Escape Plan","Escape Plan","Dagger Spray+1","After Image+1","Backflip+1","Footwork","Slice+1","Leg Sweep+1","Flechettes+1","Flechettes+1","Noxious Fumes+1","Blade Dance+1","Well Laid Plans","Quick Slash+1","Bullet Time","Bouncing Flask+1","Injury","Footwork","Crippling Poison+1","Madness","Madness","Predator+1","Storm of Steel","Escape Plan"],"relics":["Ring of the Serpent","Vajra","Oddly Smooth Stone","MawBank","Smiling Mask","Pen Nib","Molten Egg 2","Question Card","Kunai","WristBlade","Red Mask","Pear"],"potions_floor_usage":[10,16,16,16,24,33,50,50,50],"damage_taken":[{"damage":1,"enemies":"Jaw Worm","floor":1,"turns":6},{"damage":17,"enemies":"Lagavulin","floor":10,"turns":6},{"damage":2,"enemies":"2 Louse","floor":11,"turns":2},{"damage":10,"enemies":"Small Slimes","floor":12,"turns":3},{"damage":31,"enemies":"Slime Boss","floor":16,"turns":7},{"damage":3,"enemies":"Spheric Guardian","floor":18,"turns":4},{"damage":0,"enemies":"Shell Parasite","floor":21,"turns":5},{"damage":1,"enemies":"Centurion and Healer","floor":22,"turns":9},{"damage":25,"enemies":"Slavers","floor":24,"turns":4},{"damage":4,"enemies":"Snake Plant","floor":25,"turns":6},{"damage":5,"enemies":"3 Cultists","floor":30,"turns":5},{"damage":9,"enemies":"Champ","floor":33,"turns":14},{"damage":10,"enemies":"3 Darklings","floor":35,"turns":5},{"damage":3,"enemies":"3 Shapes","floor":36,"turns":6},{"damage":0,"enemies":"Maw","floor":39,"turns":7},{"damage":1,"enemies":"Sphere and 2 Shapes","floor":46,"turns":8},{"damage":23,"enemies":"4 Shapes","floor":47,"turns":7},{"damage":17,"enemies":"Spire Growth","floor":48,"turns":7},{"damage":39,"enemies":"Donu and Deca","floor":50,"turns":4}],"seed_played":"7228181752034390184","potions_obtained":[{"floor":8,"key":"SkillPotion"},{"floor":8,"key":"Explosive Potion"},{"floor":8,"key":"Explosive Potion"},{"floor":11,"key":"Explosive Potion"},{"floor":16,"key":"Weak Potion"},{"floor":22,"key":"SpeedPotion"},{"floor":24,"key":"Weak Potion"},{"floor":33,"key":"Energy Potion"},{"floor":35,"key":"Explosive Potion"},{"floor":36,"key":"AttackPotion"},{"floor":46,"key":"Dexterity Potion"}],"is_trial":false,"path_per_floor":["M","$","?","?","$","R","?","?","T","E","M","M","R","$","R","B",null,"M","$","?","M","M","R","E","M","T","R","?","?","M","$","R","B",null,"M","M","?","?","M","R","?","$","T","R","$","M","M","M","R","B"],"character_chosen":"THE_SILENT","items_purchased":["Vajra","Oddly Smooth Stone","Molten Egg 2","Footwork","Well Laid Plans","Quick Slash+1"],"campfire_rested":4,"item_purchase_floors":[2,5,19,19,31,31],"current_hp_per_floor":[62,62,62,48,48,48,48,48,48,31,29,19,40,40,40,9,55,52,52,52,52,51,51,26,22,22,43,43,43,38,38,59,50,65,55,52,52,52,52,52,43,43,53,53,53,52,29,12,36,0],"gold":54,"neow_bonus":"HUNDRED_GOLD","is_prod":false,"is_daily":false,"chose_seed":false,"campfire_upgraded":5,"win_rate":0,"timestamp":1550695550,"path_taken":["M","$","?","?","$","R","?","?","T","E","M","M","R","$","R","BOSS","M","$","?","?","M","R","E","M","T","R","?","?","?","?","R","BOSS","M","M","?","?","?","R","?","$","T","R","$","M","M","M","R","BOSS"],"build_version":"2019-01-23","purchased_purges":2,"victory":false,"max_hp_per_floor":[70,70,70,70,70,70,70,70,70,70,70,70,70,70,70,70,70,70,70,70,70,70,70,70,70,70,70,70,70,70,70,70,70,70,70,70,70,70,70,70,70,70,80,80,80,80,80,80,80,80],"card_choices":[{"not_picked":["Sucker Punch","Blur"],"picked":"Caltrops","floor":1},{"not_picked":["Quick Slash","Blade Dance"],"picked":"Escape Plan","floor":10},{"not_picked":["Calculated Gamble","Quick Slash"],"picked":"Escape Plan","floor":11},{"not_picked":["Bane","All Out Attack"],"picked":"Dagger Spray","floor":12},{"not_picked":["Burst","Wraith Form v2"],"picked":"After Image","floor":16},{"not_picked":["Outmaneuver+1","Deadly Poison"],"picked":"Backflip+1","floor":18},{"not_picked":["Deflect+1","Underhanded Strike+1"],"picked":"Leg Sweep+1","floor":21},{"not_picked":["Deadly Poison","Acrobatics"],"picked":"Flechettes+1","floor":22},{"not_picked":["Backflip","Phantasmal Killer"],"picked":"Flechettes+1","floor":24},{"not_picked":["Finisher+1","Poisoned Stab+1","Backflip"],"picked":"Noxious Fumes","floor":25},{"not_picked":["Slice+1","Outmaneuver","Calculated Gamble+1"],"picked":"Blade Dance","floor":30},{"not_picked":["Adrenaline","Malaise","A Thousand Cuts"],"picked":"Bullet Time","floor":33},{"not_picked":["Quick Slash+1","Expertise+1","Caltrops"],"picked":"Bouncing Flask+1","floor":35},{"not_picked":["Expertise","Distraction+1","Acrobatics","Quick Slash+1"],"picked":"SKIP","floor":36},{"not_picked":["Dodge and Roll","Masterful Stab+1","Sucker Punch+1"],"picked":"Crippling Poison+1","floor":39},{"not_picked":["Prepared+1","Bane+1","Cloak And Dagger"],"picked":"Predator+1","floor":46},{"not_picked":["Cloak And Dagger","Escape Plan+1","Outmaneuver+1"],"picked":"Storm of Steel","floor":47},{"not_picked":["Deadly Poison+1","Deflect+1","Calculated Gamble"],"picked":"Escape Plan","floor":48}],"player_experience":293273,"relics_obtained":[{"floor":9,"key":"Smiling Mask"},{"floor":10,"key":"Pen Nib"},{"floor":24,"key":"Question Card"},{"floor":26,"key":"Kunai"},{"floor":43,"key":"Pear"}],"event_choices":[{"damage_healed":0,"gold_gain":175,"player_choice":"AGREE","damage_taken":0,"max_hp_gain":0,"max_hp_loss":0,"event_name":"Liars Game","floor":3,"gold_loss":0,"cards_obtained":["Doubt"]},{"damage_healed":0,"gold_gain":0,"player_choice":"Entered Light","damage_taken":14,"max_hp_gain":0,"max_hp_loss":0,"event_name":"Shining Light","floor":4,"gold_loss":0,"cards_upgraded":["Caltrops","Strike_G"]},{"damage_healed":0,"gold_gain":0,"player_choice":"Box","damage_taken":0,"relics_obtained":["MawBank"],"max_hp_gain":0,"max_hp_loss":0,"event_name":"Big Fish","floor":7,"gold_loss":0,"cards_obtained":["Regret"]},{"damage_healed":0,"gold_gain":0,"player_choice":"Got Potions","damage_taken":0,"max_hp_gain":0,"max_hp_loss":0,"event_name":"Lab","floor":8,"gold_loss":0},{"damage_healed":0,"gold_gain":0,"cards_transformed":["Strike_G"],"player_choice":"Transformed","damage_taken":0,"max_hp_gain":0,"max_hp_loss":0,"event_name":"Transmorgrifier","floor":20,"gold_loss":0,"cards_obtained":["Slice"]},{"damage_healed":0,"gold_gain":0,"player_choice":"Ignored","damage_taken":0,"max_hp_gain":0,"max_hp_loss":0,"event_name":"Vampires","floor":28,"gold_loss":0},{"cards_removed":["Strike_G"],"damage_healed":0,"gold_gain":0,"player_choice":"Offered Basic","damage_taken":0,"max_hp_gain":0,"max_hp_loss":0,"event_name":"Bonfire Elementals","floor":29,"gold_loss":0},{"damage_healed":0,"gold_gain":0,"player_choice":"Paid","damage_taken":0,"relics_obtained":["Red Mask"],"max_hp_gain":0,"max_hp_loss":0,"event_name":"Tomb of Lord Red Mask","floor":37,"gold_loss":138},{"damage_healed":0,"gold_gain":0,"player_choice":"2 cards matched","damage_taken":0,"max_hp_gain":0,"max_hp_loss":0,"event_name":"Match and Keep!","floor":38,"gold_loss":0,"cards_obtained":["Injury","Footwork"]},{"damage_healed":0,"gold_gain":0,"player_choice":"Embrace Madness","damage_taken":9,"max_hp_gain":0,"max_hp_loss":0,"event_name":"Winding Halls","floor":41,"gold_loss":0,"cards_obtained":["Madness","Madness"]}],"is_beta":false,"boss_relics":[{"not_picked":["Coffee Dripper","Runic Pyramid"],"picked":"Ring of the Serpent"},{"not_picked":["Tiny House","Lizard Tail"],"picked":"WristBlade"}],"items_purged_floors":[5,19],"is_endless":false,"potions_floor_spawned":[11,16,22,24,33,35,36,46],"killed_by":"Donu and Deca","ascension_level":8}