{"gold_per_floor":[118,118,128,51,51,51,76,117,192,207,207,207,207,222,222,343,343,357,28,49,69,83,122,122,166,166,180,194,233,233,258,258,388,451,472,487,500,518,541,541,579,60,86,111,111,111,111,126,126,126,126,126,75,118,118],"floor_reached":55,"playtime":5287,"items_purged":["Parasite"],"score":774,"play_id":"2bf4f252-ad71-4ad7-81bd-b4bd0fe75991","local_time":"20190504150933","is_ascension_mode":true,"campfire_choices":[{"data":"Footwork","floor":6,"key":"SMITH"},{"data":"Cloak And Dagger","floor":11,"key":"SMITH"},{"data":"Leg Sweep","floor":15,"key":"SMITH"},{"floor":24,"key":"REST"},{"floor":32,"key":"RECALL"},{"floor":40,"key":"REST"},{"data":"A Thousand Cuts","floor":45,"key":"SMITH"},{"data":"Adrenaline","floor":47,"key":"SMITH"},{"floor":49,"key":"REST"},{"data":"Cloak And Dagger","floor":52,"key":"SMITH"}],"neow_cost":"NONE","seed_source_timestamp":59515577738605,"circlet_count":0,"master_deck":["Defend_G","Defend_G","Defend_G","Defend_G","Strike_G","Strike_G","Strike_G+1","Strike_G","Strike_G","Survivor","Neutralize","Envenom+1","Leg Sweep+1","Footwork+1","Infinite Blades+1","Well Laid Plans","Cloak And Dagger+1","Acrobatics","Adrenaline+1","Dagger Spray","Footwork","Prepared+1","Burst","Blur+1","Acrobatics+1","Bullet Time+1","Footwork+1","Dash","Bouncing Flask","A Thousand Cuts+1","Cloak And Dagger+1","PiercingWail","Crippling Poison+1","Flying Knee","PiercingWail+1","Sadistic Nature","Backstab+1"],"relics":["Ring of the Snake","Golden Idol","Happy Flower","Meat on the Bone","Lizard Tail","Mummified Hand","Pantograph","StoneCalendar","Shovel","Tiny House","Bag of Preparation","War Paint","Omamori","Sundial"],"potions_floor_usage":[1,8,8,8,14,14,23,23,25,33,33,48,50,50,54],"damage_taken":[{"damage":0,"enemies":"Small Slimes","floor":1,"turns":3},{"damage":1,"enemies":"Cultist","floor":3,"turns":4},{"damage":0,"enemies":"2 Louse","floor":7,"turns":5},{"damage":23,"enemies":"Gremlin Nob","floor":8,"turns":5},{"damage":2,"enemies":"Large Slime","floor":10,"turns":6},{"damage":7,"enemies":"Lots of Slimes","floor":14,"turns":5},{"damage":4,"enemies":"Hexaghost","floor":16,"turns":12},{"damage":18,"enemies":"3 Byrds","floor":18,"turns":6},{"damage":0,"enemies":"Chosen","floor":20,"turns":5},{"damage":4,"enemies":"3 Cultists","floor":21,"turns":5},{"damage":2,"enemies":"Snake Plant","floor":22,"turns":6},{"damage":26,"enemies":"Slavers","floor":23,"turns":4},{"damage":29,"enemies":"Gremlin Leader","floor":25,"turns":14},{"damage":7,"enemies":"Chosen and Byrds","floor":27,"turns":7},{"damage":4,"enemies":"Centurion and Healer","floor":28,"turns":8},{"damage":8,"enemies":"Book of Stabbing","floor":29,"turns":7},{"damage":0,"enemies":"Snecko","floor":31,"turns":6},{"damage":32,"enemies":"Automaton","floor":33,"turns":11},{"damage":10,"enemies":"3 Shapes","floor":35,"turns":7},{"damage":4,"enemies":"3 Darklings","floor":36,"turns":6},{"damage":47,"enemies":"Transient","floor":37,"turns":5},{"damage":20,"enemies":"Writhing Mass","floor":38,"turns":7},{"damage":5,"enemies":"Jaw Worm Horde","floor":39,"turns":7},{"damage":11,"enemies":"Giant Head","floor":41,"turns":9},{"damage":0,"enemies":"Maw","floor":44,"turns":7},{"damage":19,"enemies":"3 Darklings","floor":48,"turns":4},{"damage":48,"enemies":"Awakened One","floor":50,"turns":21},{"damage":14,"enemies":"Shield and Spear","floor":54,"turns":7},{"damage":106,"enemies":"The Heart","floor":55,"turns":9}],"seed_played":"-5441168509620270442","potions_obtained":[{"floor":0,"key":"EntropicBrew"},{"floor":0,"key":"SkillPotion"},{"floor":0,"key":"Explosive Potion"},{"floor":1,"key":"LiquidBronze"},{"floor":7,"key":"Block Potion"},{"floor":20,"key":"PowerPotion"},{"floor":22,"key":"EssenceOfSteel"},{"floor":23,"key":"FearPotion"},{"floor":29,"key":"LiquidBronze"},{"floor":34,"key":"SteroidPotion"},{"floor":35,"key":"Ancient Potion"},{"floor":41,"key":"SteroidPotion"}],"is_trial":false,"path_per_floor":["M","?","M","$","?","R","M","E","T","M","R","?","?","M","R","B",null,"M","$","M","M","M","E","R","E","T","M","M","E","?","M","R","B",null,"M","M","M","M","M","R","E","$","T","M","R","?","R","M","R","B",null,"R","$","E","B"],"character_chosen":"THE_SILENT","items_purchased":["Footwork","Mummified Hand","Footwork","War Paint","AttackPotion","SkillPotion","Sadistic Nature","Strength Potion"],"campfire_rested":3,"item_purchase_floors":[4,19,19,42,42,42,42,53],"current_hp_per_floor":[70,70,69,69,65,65,65,42,42,40,40,33,33,38,38,34,65,47,47,47,43,41,27,46,29,29,34,42,34,34,34,34,39,70,60,56,21,13,20,41,42,42,42,42,42,67,67,48,67,31,67,67,67,53,0],"gold":118,"neow_bonus":"THREE_SMALL_POTIONS","is_prod":false,"is_daily":false,"chose_seed":false,"campfire_upgraded":6,"win_rate":0,"timestamp":1557007773,"path_taken":["M","?","M","?","?","R","M","E","T","M","R","?","?","M","R","BOSS","M","$","M","M","M","E","R","E","T","M","?","E","?","M","R","BOSS","M","M","?","M","M","R","E","$","T","M","R","?","R","M","R","BOSS","R","$","E","BOSS"],"build_version":"2019-01-23","purchased_purges":1,"victory":false,"max_hp_per_floor":[70,70,70,70,65,65,65,65,65,65,65,65,65,65,65,65,65,65,65,65,65,65,65,65,65,65,65,65,65,65,65,65,65,70,70,70,70,70,70,70,70,67,67,67,67,67,67,67,67,67,67,67,67,67,67],"card_choices":[{"not_picked":["Dodge and Roll","Eviscerate"],"picked":"Envenom","floor":1},{"not_picked":["Heel Hook","Poisoned Stab"],"picked":"Leg Sweep","floor":3},{"not_picked":["Prepared","Flying Knee"],"picked":"Infinite Blades","floor":7},{"not_picked":["Heel Hook","Outmaneuver"],"picked":"Well Laid Plans","floor":8},{"not_picked":["Infinite Blades","Poisoned Stab"],"picked":"Cloak And Dagger","floor":10},{"not_picked":["Sucker Punch","Quick Slash"],"picked":"Acrobatics","floor":14},{"not_picked":["Envenom","Die Die Die"],"picked":"Adrenaline","floor":16},{"not_picked":["Dagger Throw","Sucker Punch"],"picked":"Dagger Spray","floor":18},{"not_picked":["Flechettes","Quick Slash"],"picked":"Prepared+1","floor":20},{"not_picked":["Underhanded Strike","Outmaneuver"],"picked":"Burst","floor":21},{"not_picked":["Prepared","Eviscerate"],"picked":"Blur","floor":22},{"not_picked":["Distraction+1","Unload"],"picked":"Acrobatics+1","floor":23},{"not_picked":["Cloak And Dagger","Leg Sweep+1"],"picked":"Bullet Time","floor":25},{"not_picked":["PiercingWail","Setup+1"],"picked":"Footwork+1","floor":27},{"not_picked":["Expertise","Setup","Endless Agony"],"picked":"SKIP","floor":28},{"not_picked":["Leg Sweep","Footwork+1"],"picked":"Dash","floor":29},{"not_picked":["Prepared","Terror+1"],"picked":"Bouncing Flask","floor":31},{"not_picked":["Adrenaline","Corpse Explosion"],"picked":"A Thousand Cuts","floor":33},{"not_picked":["Deadly Poison","Underhanded Strike+1"],"picked":"Cloak And Dagger","floor":34},{"not_picked":["Prepared+1","Dagger Throw"],"picked":"PiercingWail","floor":35},{"not_picked":["Dodge and Roll","Slice+1","Flying Knee"],"picked":"SKIP","floor":36},{"not_picked":["Slice","Dagger Throw","Underhanded Strike+1"],"picked":"SKIP","floor":37},{"not_picked":["Wraith Form v2","Distraction+1"],"picked":"Crippling Poison","floor":38},{"not_picked":["PiercingWail+1","Bouncing Flask+1"],"picked":"Flying Knee","floor":39},{"not_picked":["All Out Attack","Predator+1"],"picked":"PiercingWail+1","floor":41},{"not_picked":["Sucker Punch+1","Reflex","Infinite Blades"],"picked":"SKIP","floor":44},{"not_picked":["Quick Slash+1","Reflex","Expertise"],"picked":"SKIP","floor":48},{"not_picked":["Slice+1","Underhanded Strike+1"],"picked":"Backstab+1","floor":54}],"player_experience":906874,"relics_obtained":[{"floor":8,"key":"Happy Flower"},{"floor":9,"key":"Meat on the Bone"},{"floor":23,"key":"Pantograph"},{"floor":25,"key":"StoneCalendar"},{"floor":29,"key":"Shovel"},{"floor":41,"key":"Bag of Preparation"},{"floor":43,"key":"Omamori"},{"floor":54,"key":"Sundial"}],"event_choices":[{"damage_healed":0,"gold_gain":0,"player_choice":"Upgraded","damage_taken":0,"max_hp_gain":0,"max_hp_loss":0,"event_name":"Upgrade Shrine","floor":2,"gold_loss":0,"cards_upgraded":["Envenom"]},{"damage_healed":0,"gold_gain":0,"player_choice":"Lose Max HP","damage_taken":0,"relics_obtained":["Golden Idol"],"max_hp_gain":0,"max_hp_loss":5,"event_name":"Golden Idol","floor":5,"gold_loss":0},{"cards_removed":["Defend_G"],"damage_healed":0,"gold_gain":0,"player_choice":"Card Removal","damage_taken":7,"max_hp_gain":0,"max_hp_loss":0,"event_name":"Golden Wing","floor":12,"gold_loss":0},{"damage_healed":0,"gold_gain":0,"player_choice":"Forge","damage_taken":0,"max_hp_gain":0,"max_hp_loss":0,"event_name":"Accursed Blacksmith","floor":13,"gold_loss":0,"cards_upgraded":["Infinite Blades"]},{"damage_healed":0,"gold_gain":0,"player_choice":"Upgraded","damage_taken":0,"max_hp_gain":0,"max_hp_loss":0,"event_name":"Upgrade Shrine","floor":30,"gold_loss":0,"cards_upgraded":["Bullet Time"]},{"damage_healed":25,"gold_gain":0,"player_choice":"Heal","damage_taken":0,"max_hp_gain":0,"max_hp_loss":0,"event_name":"MindBloom","floor":46,"gold_loss":0,"cards_obtained":["Doubt"]}],"is_beta":false,"boss_relics":[{"not_picked":["Runic Pyramid","Philosopher\u0027s Stone"],"picked":"Lizard Tail"},{"not_picked":["Runic Dome","Pandora\u0027s Box"],"picked":"Tiny House"}],"items_purged_floors":[42],"is_endless":false,"potions_floor_spawned":[1,7,10,20,22,23,29,35,41],"killed_by":"The Heart","ascension_level":1}