{"gold_per_floor":[117,117,49,63,63,63,90,110,110,124,124,157,172,184,184,285,285,299,299,314,329,345,345,144,175,175,185,201,126,126,146,146,247,247,264,264,264,275,275,375,390,400,400,414,414,5,5,5,5,5],"floor_reached":50,"playtime":2964,"items_purged":["Strike_B"],"score":676,"play_id":"6011ba22-03d8-4311-aefe-1e96231abfa8","local_time":"20190211001308","is_ascension_mode":true,"campfire_choices":[{"data":"Machine Learning","floor":6,"key":"SMITH"},{"data":"Zap","floor":11,"key":"SMITH"},{"data":"Storm","floor":15,"key":"SMITH"},{"data":"Zap","floor":23,"key":"SMITH"},{"floor":30,"key":"REST"},{"floor":32,"key":"REST"},{"data":"Storm","floor":45,"key":"SMITH"},{"data":"Loop","floor":47,"key":"SMITH"},{"floor":49,"key":"REST"}],"neow_cost":"NONE","seed_source_timestamp":917473192229207,"circlet_count":0,"master_deck":["Strike_B","Strike_B","Defend_B","Defend_B","Defend_B","Defend_B","Zap+1","Dualcast","Go for the Eyes","Self Repair","BootSequence","Machine Learning+1","Zap+1","Auto Shields","Conserve Battery","Sunder","Fusion","Storm+1","Electrodynamics","Skim+1","Glacier","Stack","Storm+1","Defragment+1","Storm+1","Conserve Battery+1","Core Surge","FTL+1","Heatsinks","Loop+1","Heatsinks","Capacitor","Heatsinks","Heatsinks","Heatsinks"],"relics":["Cracked Core","NeowsBlessing","Turnip","Mercury Hourglass","Dead Branch","Dodecahedron","Inserter","NlothsMask","The Courier","Busted Crown","Torii","Nunchaku"],"potions_floor_usage":[21,25,42,50,50],"damage_taken":[{"damage":0,"enemies":"Jaw Worm","floor":1,"turns":1},{"damage":0,"enemies":"2 Louse","floor":4,"turns":1},{"damage":0,"enemies":"Lagavulin","floor":7,"turns":1},{"damage":0,"enemies":"Cultist","floor":8,"turns":3},{"damage":6,"enemies":"Exordium Thugs","floor":10,"turns":4},{"damage":9,"enemies":"3 Sentries","floor":12,"turns":5},{"damage":0,"enemies":"Lots of Slimes","floor":13,"turns":2},{"damage":3,"enemies":"Blue Slaver","floor":14,"turns":3},{"damage":23,"enemies":"The Guardian","floor":16,"turns":10},{"damage":0,"enemies":"Chosen","floor":18,"turns":4},{"damage":10,"enemies":"Shell Parasite","floor":20,"turns":7},{"damage":13,"enemies":"Snake Plant","floor":21,"turns":4},{"damage":1,"enemies":"3 Cultists","floor":22,"turns":3},{"damage":56,"enemies":"Book of Stabbing","floor":25,"turns":8},{"damage":2,"enemies":"Sentry and Sphere","floor":27,"turns":5},{"damage":1,"enemies":"Snecko","floor":28,"turns":6},{"damage":6,"enemies":"Snake Plant","floor":31,"turns":4},{"damage":37,"enemies":"Champ","floor":33,"turns":9},{"damage":16,"enemies":"3 Darklings","floor":35,"turns":2},{"damage":0,"enemies":"3 Shapes","floor":38,"turns":3},{"damage":8,"enemies":"Mind Bloom Boss Battle","floor":40,"turns":6},{"damage":23,"enemies":"3 Darklings","floor":41,"turns":4},{"damage":0,"enemies":"Transient","floor":42,"turns":5},{"damage":12,"enemies":"Spire Growth","floor":44,"turns":4},{"damage":78,"enemies":"Donu and Deca","floor":50,"turns":6}],"seed_played":"-9179309321050691502","potions_obtained":[{"floor":1,"key":"Block Potion"},{"floor":7,"key":"Dexterity Potion"},{"floor":10,"key":"PowerPotion"},{"floor":25,"key":"LiquidBronze"},{"floor":27,"key":"Regen Potion"}],"is_trial":false,"path_per_floor":["M","?","$","M","?","R","E","M","T","M","R","E","M","M","R","B",null,"M","?","M","M","M","R","$","E","T","M","M","?","R","M","R","B",null,"M","?","?","M","?","?","M","M","T","M","R","$","R","?","R","B"],"character_chosen":"DEFECT","items_purchased":["Self Repair","Stack","Storm","Heatsinks","Loop","Heatsinks","Capacitor","Heatsinks","Heatsinks","Heatsinks"],"campfire_rested":3,"item_purchase_floors":[3,24,24,46,46,46,46,46,46,46],"current_hp_per_floor":[75,68,68,68,68,68,68,75,75,75,75,73,73,75,75,59,71,75,75,72,66,65,65,65,16,16,21,20,20,42,43,65,35,65,49,49,49,56,56,55,39,60,60,55,55,55,55,55,71,0],"gold":5,"neow_bonus":"THREE_ENEMY_KILL","is_prod":false,"is_daily":false,"chose_seed":false,"campfire_upgraded":6,"win_rate":0,"timestamp":1549861988,"path_taken":["M","?","$","M","?","R","E","M","T","?","R","E","M","M","R","BOSS","M","?","M","M","M","R","$","E","T","M","?","?","R","M","R","BOSS","M","?","?","?","?","?","?","M","T","M","R","$","R","?","R","BOSS"],"build_version":"2019-01-23","purchased_purges":1,"victory":false,"max_hp_per_floor":[75,75,75,75,75,75,75,75,75,75,75,75,75,75,75,75,75,75,75,75,75,75,75,75,75,75,75,75,75,75,75,75,75,75,75,75,75,75,75,75,75,75,75,75,75,75,75,71,71,71],"card_choices":[{"not_picked":["Barrage","Streamline"],"picked":"Go for the Eyes","floor":1},{"not_picked":["Fusion","Cold Snap"],"picked":"BootSequence","floor":4},{"not_picked":["Chaos","Sweeping Beam"],"picked":"Auto Shields","floor":7},{"not_picked":["Rebound","Chill"],"picked":"Conserve Battery","floor":8},{"not_picked":["Barrage","Self Repair"],"picked":"Cold Snap","floor":10},{"not_picked":["White Noise","Aggregate"],"picked":"Sunder","floor":12},{"not_picked":["Turbo","Hyperbeam"],"picked":"Fusion","floor":13},{"not_picked":["Ball Lightning","Redo"],"picked":"Storm","floor":14},{"not_picked":["Core Surge","Fission"],"picked":"Electrodynamics","floor":16},{"not_picked":["Steam","Steam Power"],"picked":"Skim+1","floor":18},{"not_picked":["Compile Driver","Sunder","Rebound"],"picked":"SKIP","floor":20},{"not_picked":["Barrage","Turbo","Cold Snap"],"picked":"SKIP","floor":21},{"not_picked":["Rebound","Aggregate"],"picked":"Glacier","floor":22},{"not_picked":["Steam","Biased Cognition"],"picked":"Defragment+1","floor":25},{"not_picked":["Hello World","Beam Cell","Hologram"],"picked":"SKIP","floor":27},{"not_picked":["Ball Lightning+1","Cold Snap+1"],"picked":"Storm+1","floor":28},{"not_picked":["Compile Driver","Rebound+1"],"picked":"Conserve Battery+1","floor":31},{"not_picked":["Thunder Strike","Rainbow"],"picked":"Core Surge","floor":33},{"not_picked":[],"picked":"FTL+1","floor":35},{"not_picked":["Ball Lightning+1"],"picked":"SKIP","floor":38},{"not_picked":["Gash+1"],"picked":"SKIP","floor":41},{"not_picked":["Streamline+1"],"picked":"SKIP","floor":42},{"not_picked":["Leap+1"],"picked":"SKIP","floor":44}],"player_experience":212301,"relics_obtained":[{"floor":7,"key":"Mercury Hourglass"},{"floor":9,"key":"Dead Branch"},{"floor":12,"key":"Dodecahedron"},{"floor":25,"key":"The Courier"},{"floor":40,"key":"Torii"},{"floor":43,"key":"Nunchaku"}],"event_choices":[{"damage_healed":0,"gold_gain":0,"player_choice":"Success","damage_taken":7,"relics_obtained":["Turnip"],"max_hp_gain":0,"max_hp_loss":0,"event_name":"Scrap Ooze","floor":2,"gold_loss":0},{"damage_healed":0,"gold_gain":0,"player_choice":"2 cards matched","damage_taken":0,"max_hp_gain":0,"max_hp_loss":0,"event_name":"Match and Keep!","floor":5,"gold_loss":0,"cards_obtained":["Machine Learning","Zap"]},{"damage_healed":0,"gold_gain":0,"player_choice":"Trade","damage_taken":0,"relics_obtained":["NlothsMask"],"max_hp_gain":0,"max_hp_loss":0,"event_name":"FaceTrader","floor":19,"gold_loss":0},{"cards_removed":["Strike_B"],"damage_healed":0,"gold_gain":0,"player_choice":"Gave Gold","damage_taken":0,"max_hp_gain":0,"max_hp_loss":0,"event_name":"Beggar","floor":29,"gold_loss":75},{"damage_healed":0,"gold_gain":0,"player_choice":"Memory 1","damage_taken":0,"max_hp_gain":0,"max_hp_loss":0,"event_name":"SensoryStone","floor":36,"gold_loss":0},{"damage_healed":0,"gold_gain":0,"player_choice":"Ignored","damage_taken":0,"max_hp_gain":0,"max_hp_loss":0,"event_name":"SecretPortal","floor":37,"gold_loss":0},{"cards_removed":["Cold Snap"],"damage_healed":0,"gold_gain":0,"player_choice":"Removed Attack","damage_taken":0,"max_hp_gain":0,"max_hp_loss":0,"event_name":"Falling","floor":39,"gold_loss":0},{"damage_healed":0,"gold_gain":0,"player_choice":"Fight","damage_taken":0,"max_hp_gain":0,"max_hp_loss":0,"event_name":"MindBloom","floor":40,"gold_loss":0},{"damage_healed":0,"gold_gain":0,"player_choice":"Max HP","damage_taken":0,"max_hp_gain":0,"max_hp_loss":4,"event_name":"Winding Halls","floor":48,"gold_loss":0}],"is_beta":false,"boss_relics":[{"not_picked":["Snecko Eye","Calling Bell"],"picked":"Inserter"},{"not_picked":["Tiny House","Orrery"],"picked":"Busted Crown"}],"items_purged_floors":[24],"is_endless":false,"potions_floor_spawned":[1,7,10,13,14,20,25,27,35,38],"killed_by":"Donu and Deca","ascension_level":5}