{"gold_per_floor":[111,41,41,41,54,86,86,119,168,179,52,52,81,98,98,98],"floor_reached":16,"playtime":405,"items_purged":["Strike_R"],"score":222,"play_id":"49a31215-b6d0-4741-9020-f87effad0255","local_time":"20190312214244","is_ascension_mode":true,"campfire_choices":[{"data":"Inflame","floor":7,"key":"SMITH"},{"floor":15,"key":"REST"}],"neow_cost":"NONE","seed_source_timestamp":2165470629636372,"circlet_count":0,"master_deck":["AscendersBane","Strike_R","Strike_R","Strike_R","Defend_R","Defend_R","Defend_R","Defend_R","Bash","Spot Weakness","Inflame+1","Metallicize","Heavy Blade+1","Whirlwind","Uppercut","Inflame"],"relics":["Burning Blood","NeowsBlessing","Red Skull","Bottled Flame","Smiling Mask","Omamori"],"potions_floor_usage":[10,10,13],"damage_taken":[{"damage":0,"enemies":"Small Slimes","floor":1,"turns":1},{"damage":0,"enemies":"Cultist","floor":5,"turns":1},{"damage":0,"enemies":"Gremlin Nob","floor":6,"turns":1},{"damage":42,"enemies":"Lagavulin","floor":8,"turns":7},{"damage":0,"enemies":"2 Louse","floor":10,"turns":1},{"damage":12,"enemies":"Gremlin Nob","floor":13,"turns":3},{"damage":29,"enemies":"Exordium Thugs","floor":14,"turns":4},{"damage":48,"enemies":"Hexaghost","floor":16,"turns":9}],"seed_played":"5748638762721717633","potions_obtained":[{"floor":1,"key":"SteroidPotion"},{"floor":6,"key":"Fire Potion"},{"floor":10,"key":"Strength Potion"}],"is_trial":false,"path_per_floor":["M","$","?","$","M","E","R","E","T","M","$","?","E","M","R","B"],"character_chosen":"IRONCLAD","items_purchased":["Inflame","Uppercut"],"campfire_rested":1,"item_purchase_floors":[2,11],"current_hp_per_floor":[78,78,78,78,80,80,80,44,44,50,50,50,44,21,45,0],"gold":98,"neow_bonus":"THREE_ENEMY_KILL","is_prod":false,"is_daily":false,"chose_seed":false,"campfire_upgraded":1,"win_rate":0,"timestamp":1552441364,"path_taken":["M","$","?","?","M","E","R","E","T","M","$","?","E","M","R","BOSS"],"build_version":"2019-01-23","purchased_purges":1,"victory":false,"max_hp_per_floor":[80,80,80,80,80,80,80,80,80,80,80,80,80,80,80,80],"card_choices":[{"not_picked":["Burning Pact","Havoc"],"picked":"Spot Weakness","floor":1},{"not_picked":["Entrench","Bloodletting","True Grit"],"picked":"SKIP","floor":5},{"not_picked":["Warcry","True Grit"],"picked":"Metallicize","floor":6},{"not_picked":["Warcry","Feel No Pain"],"picked":"Heavy Blade","floor":8},{"not_picked":["Iron Wave","True Grit"],"picked":"Whirlwind","floor":10},{"not_picked":["Shrug It Off","Headbutt"],"picked":"Inflame","floor":13},{"not_picked":["Searing Blow","Clash","Warcry"],"picked":"SKIP","floor":14}],"player_experience":366896,"relics_obtained":[{"floor":6,"key":"Red Skull"},{"floor":8,"key":"Bottled Flame"},{"floor":9,"key":"Smiling Mask"},{"floor":13,"key":"Omamori"}],"event_choices":[{"cards_removed":["Strike_R"],"damage_healed":0,"gold_gain":0,"player_choice":"Offered Basic","damage_taken":0,"max_hp_gain":0,"max_hp_loss":0,"event_name":"Bonfire Elementals","floor":3,"gold_loss":0},{"damage_healed":0,"gold_gain":0,"player_choice":"Upgraded","damage_taken":0,"max_hp_gain":0,"max_hp_loss":0,"event_name":"Upgrade Shrine","floor":12,"gold_loss":0,"cards_upgraded":["Heavy Blade"]}],"is_beta":false,"boss_relics":[],"items_purged_floors":[11],"is_endless":false,"potions_floor_spawned":[1,6,10],"killed_by":"Hexaghost","ascension_level":11}