{"gold_per_floor":[117,117,134,149,224,253,253,279,279,5,39,54,54,54,54,150,150,170,180,180,180,193,193,211,225,250,260,135,148,163,176,176,280,280,296,233,233,82,82,82],"floor_reached":40,"playtime":1260,"items_purged":["Strike_R","Writhe","Strike_R"],"score":448,"play_id":"292e7bb9-7c1f-455a-a1c8-ca72539f775d","local_time":"20190512151749","is_ascension_mode":false,"campfire_choices":[{"data":"Flame Barrier","floor":7,"key":"SMITH"},{"data":"Armaments","floor":13,"key":"SMITH"},{"data":"Sword Boomerang","floor":15,"key":"SMITH"},{"data":"Feed","floor":23,"key":"SMITH"},{"data":"Combust","floor":32,"key":"SMITH"}],"neow_cost":"NONE","seed_source_timestamp":502067913487483,"circlet_count":0,"master_deck":["Strike_R","Strike_R","Defend_R","Defend_R","Defend_R","Defend_R","Bash+1","Flame Barrier+1","Sword Boomerang+1","Combust+1","Armaments+1","Feed+1","Flame Barrier+1","Cleave","Rampage+1","Demon Form"],"relics":["Burning Blood","Bronze Scales","Bag of Marbles","Singing Bowl","Membership Card","Tiny Chest","Bag of Preparation","Paper Frog","Velvet Choker","Mummified Hand","Omamori","Red Skull","Black Star","Torii"],"potions_floor_usage":[6,40,40],"damage_taken":[{"damage":0,"enemies":"Small Slimes","floor":1,"turns":3},{"damage":6,"enemies":"Cultist","floor":3,"turns":3},{"damage":10,"enemies":"2 Louse","floor":4,"turns":3},{"damage":26,"enemies":"Lagavulin","floor":6,"turns":6},{"damage":20,"enemies":"3 Sentries","floor":11,"turns":6},{"damage":0,"enemies":"Exordium Wildlife","floor":12,"turns":3},{"damage":13,"enemies":"Hexaghost","floor":16,"turns":9},{"damage":0,"enemies":"Chosen","floor":18,"turns":4},{"damage":10,"enemies":"2 Thieves","floor":19,"turns":3},{"damage":11,"enemies":"Snake Plant","floor":22,"turns":3},{"damage":6,"enemies":"Cultist and Chosen","floor":24,"turns":6},{"damage":13,"enemies":"Shelled Parasite and Fungi","floor":25,"turns":6},{"damage":8,"enemies":"Snake Plant","floor":27,"turns":3},{"damage":15,"enemies":"Cultist and Chosen","floor":29,"turns":6},{"damage":15,"enemies":"Shelled Parasite and Fungi","floor":30,"turns":5},{"damage":0,"enemies":"Snake Plant","floor":31,"turns":3},{"damage":52,"enemies":"Collector","floor":33,"turns":7},{"damage":5,"enemies":"Orb Walker","floor":35,"turns":4},{"damage":137,"enemies":"Awakened One","floor":40,"turns":11}],"seed_played":"-4487541495289034313","potions_obtained":[{"floor":1,"key":"SpeedPotion"},{"floor":3,"key":"Swift Potion"},{"floor":4,"key":"SkillPotion"},{"floor":6,"key":"Weak Potion"},{"floor":31,"key":"FairyPotion"}],"is_trial":false,"path_per_floor":["M","?","M","M","?","E","R","T","T","$","E","M","R","T","R","B",null,"M","M","?","?","M","R","M","M","T","M","$","M","M","M","R","B",null,"M","$","?","$","?","B"],"character_chosen":"IRONCLAD","items_purchased":["Membership Card","Tiny Chest","Red Skull","Torii"],"campfire_rested":0,"item_purchase_floors":[10,10,28,38],"current_hp_per_floor":[80,80,80,76,65,45,45,45,45,45,33,39,39,39,39,32,82,84,82,82,82,80,80,82,77,77,77,77,70,63,69,69,23,99,105,105,107,107,107,0],"gold":82,"neow_bonus":"UPGRADE_CARD","is_prod":false,"is_daily":false,"chose_seed":false,"campfire_upgraded":5,"win_rate":0,"timestamp":1557688669,"path_taken":["M","?","M","?","?","E","R","?","T","$","E","M","R","?","R","BOSS","M","M","?","?","M","R","M","M","T","M","$","?","M","?","R","BOSS","M","$","?","$","?","BOSS"],"build_version":"2019-01-23","purchased_purges":3,"victory":false,"max_hp_per_floor":[80,80,80,80,80,80,80,80,80,80,82,82,82,82,82,82,82,84,86,86,86,89,89,91,93,93,95,95,97,99,99,99,99,99,105,105,107,107,107,111],"card_choices":[{"not_picked":["Heavy Blade","Second Wind"],"picked":"Flame Barrier","floor":1},{"not_picked":["Sever Soul","Corruption","Anger"],"picked":"SKIP","floor":3},{"not_picked":["Corruption","Flex"],"picked":"Combust","floor":4},{"not_picked":["Hemokinesis","Warcry","Clash"],"picked":"SKIP","floor":6},{"not_picked":["Berserk","Searing Blow","Fire Breathing"],"picked":"Singing Bowl","floor":11},{"not_picked":["True Grit","Clothesline"],"picked":"Armaments","floor":12},{"not_picked":["Immolate","Exhume"],"picked":"Feed","floor":16},{"not_picked":["Bloodletting+1","Clash","Thunderclap"],"picked":"Singing Bowl","floor":18},{"not_picked":["Shrug It Off","Battle Trance","Entrench+1"],"picked":"Singing Bowl","floor":19},{"not_picked":["Body Slam+1","Clothesline"],"picked":"Cleave","floor":22},{"not_picked":["Havoc","Inflame","Perfected Strike+1"],"picked":"Singing Bowl","floor":24},{"not_picked":["Hemokinesis","Twin Strike","Armaments"],"picked":"Singing Bowl","floor":25},{"not_picked":["Anger","Cleave+1","True Grit"],"picked":"Singing Bowl","floor":27},{"not_picked":["Twin Strike","Headbutt","Iron Wave"],"picked":"Singing Bowl","floor":29},{"not_picked":["Flex","Body Slam+1","Combust"],"picked":"Singing Bowl","floor":30},{"not_picked":["Berserk","Corruption"],"picked":"Rampage+1","floor":31},{"not_picked":["Immolate","Berserk"],"picked":"Demon Form","floor":33},{"not_picked":["Sword Boomerang+1","Perfected Strike+1","Wild Strike"],"picked":"Singing Bowl","floor":35},{"not_picked":["Magnetism","Madness","Purity"],"picked":"Singing Bowl","floor":37}],"player_experience":688997,"relics_obtained":[{"floor":6,"key":"Bronze Scales"},{"floor":8,"key":"Bag of Marbles"},{"floor":9,"key":"Singing Bowl"},{"floor":11,"key":"Bag of Preparation"},{"floor":14,"key":"Paper Frog"},{"floor":26,"key":"Omamori"}],"event_choices":[{"damage_healed":0,"gold_gain":0,"cards_transformed":["Strike_R"],"player_choice":"Transformed","damage_taken":0,"max_hp_gain":0,"max_hp_loss":0,"event_name":"Transmorgrifier","floor":2,"gold_loss":0,"cards_obtained":["Sword Boomerang"]},{"damage_healed":0,"gold_gain":75,"player_choice":"Gather Gold","damage_taken":11,"max_hp_gain":0,"max_hp_loss":0,"event_name":"World of Goop","floor":5,"gold_loss":0},{"damage_healed":0,"gold_gain":0,"player_choice":"Opened","damage_taken":0,"relics_obtained":["Mummified Hand"],"max_hp_gain":0,"max_hp_loss":0,"event_name":"The Mausoleum","floor":20,"gold_loss":0,"cards_obtained":["Writhe"]},{"damage_healed":0,"gold_gain":0,"player_choice":"Copied","damage_taken":0,"max_hp_gain":0,"max_hp_loss":0,"event_name":"Duplicator","floor":21,"gold_loss":0,"cards_obtained":["Flame Barrier"]},{"damage_healed":0,"gold_gain":0,"player_choice":"Memory 1","damage_taken":0,"max_hp_gain":0,"max_hp_loss":0,"event_name":"SensoryStone","floor":37,"gold_loss":0},{"damage_healed":0,"gold_gain":0,"player_choice":"Took Portal","damage_taken":0,"max_hp_gain":0,"max_hp_loss":0,"event_name":"SecretPortal","floor":39,"gold_loss":0}],"is_beta":false,"boss_relics":[{"not_picked":["Coffee Dripper","Astrolabe"],"picked":"Velvet Choker"},{"not_picked":["White Beast Statue","Snecko Eye"],"picked":"Black Star"}],"items_purged_floors":[10,28,36],"is_endless":false,"potions_floor_spawned":[1,3,4,6,19,24,27,30,31],"killed_by":"Awakened One","ascension_level":0}