{"gold_per_floor":[109,122,272,111,126,126,187,187,213,231,231,231,231],"floor_reached":13,"playtime":378,"items_purged":["Doubt"],"score":158,"play_id":"9837188c-fe09-489e-80b1-6fe82d0dbd55","local_time":"20190618194415","is_ascension_mode":true,"campfire_choices":[{"data":"Well Laid Plans","floor":6,"key":"SMITH"},{"floor":12,"key":"REST"}],"neow_cost":"NONE","seed_source_timestamp":507209236258973,"circlet_count":0,"master_deck":["AscendersBane","Defend_G","Defend_G","Defend_G+1","Defend_G","Defend_G","Strike_G","Strike_G","Strike_G","Strike_G","Strike_G","Survivor+1","Neutralize","Tactician+1","Underhanded Strike","Well Laid Plans+1","Poisoned Stab","Deadly Poison","Dagger Spray","Malaise"],"relics":["Ring of the Snake","NeowsBlessing","Tiny Chest","Dream Catcher"],"potions_floor_usage":[7,10],"damage_taken":[{"damage":0,"enemies":"Jaw Worm","floor":1,"turns":1},{"damage":0,"enemies":"Small Slimes","floor":2,"turns":1},{"damage":0,"enemies":"2 Louse","floor":5,"turns":1},{"damage":21,"enemies":"Gremlin Nob","floor":7,"turns":4},{"damage":15,"enemies":"Large Slime","floor":10,"turns":9},{"damage":24,"enemies":"Exordium Thugs","floor":13,"turns":3}],"seed_played":"-5185284699776503110","potions_obtained":[{"floor":1,"key":"Poison Potion"},{"floor":2,"key":"SpeedPotion"}],"is_trial":false,"path_per_floor":["M","M","?","$","M","R","E","?","T","M","?","R","M"],"character_chosen":"THE_SILENT","items_purchased":["Well Laid Plans"],"campfire_rested":1,"item_purchase_floors":[4],"current_hp_per_floor":[59,59,59,59,59,59,38,18,18,3,3,22,0],"gold":231,"neow_bonus":"THREE_ENEMY_KILL","is_prod":false,"is_daily":false,"chose_seed":false,"campfire_upgraded":1,"win_rate":0,"timestamp":1560912255,"path_taken":["M","M","?","$","M","R","E","?","T","M","?","R","M"],"build_version":"2019-01-23","purchased_purges":1,"victory":false,"max_hp_per_floor":[66,66,66,66,66,66,66,66,66,66,66,66,66],"card_choices":[{"not_picked":["Flying Knee","Blade Dance"],"picked":"Tactician","floor":1},{"not_picked":["Cloak And Dagger","Setup"],"picked":"Underhanded Strike","floor":2},{"not_picked":["Cloak And Dagger","PiercingWail"],"picked":"Poisoned Stab","floor":5},{"not_picked":["Blade Dance","Doppelganger"],"picked":"Deadly Poison","floor":7},{"not_picked":["Dodge and Roll","Deflect"],"picked":"Dagger Spray","floor":10},{"not_picked":["Outmaneuver","Concentrate"],"picked":"Malaise","floor":12}],"player_experience":1033791,"relics_obtained":[{"floor":7,"key":"Tiny Chest"},{"floor":9,"key":"Dream Catcher"}],"event_choices":[{"damage_healed":0,"gold_gain":150,"player_choice":"AGREE","damage_taken":0,"max_hp_gain":0,"max_hp_loss":0,"event_name":"Liars Game","floor":3,"gold_loss":0,"cards_obtained":["Doubt"]},{"damage_healed":0,"gold_gain":0,"player_choice":"Entered Light","damage_taken":20,"max_hp_gain":0,"max_hp_loss":0,"event_name":"Shining Light","floor":8,"gold_loss":0,"cards_upgraded":["Defend_G","Survivor"]},{"damage_healed":0,"gold_gain":0,"player_choice":"Grow","damage_taken":0,"max_hp_gain":0,"max_hp_loss":0,"event_name":"Living Wall","floor":11,"gold_loss":0,"cards_upgraded":["Tactician"]}],"is_beta":false,"boss_relics":[],"items_purged_floors":[4],"is_endless":false,"potions_floor_spawned":[1,2],"killed_by":"Exordium Thugs","ascension_level":18}