{"gold_per_floor":[112,124,124,149,33,68,68,68,68,68,68,68,43,59,59,188,188,212,212,233,248,264,264,298,298,324,261,273,38,38,63,63,184,184,205,205,76,76],"floor_reached":38,"playtime":1404,"items_purged":[],"score":463,"play_id":"1dc9a050-8934-4295-820a-5fc4ef6579c5","local_time":"20190628190049","is_ascension_mode":false,"campfire_choices":[{"data":"Ball Lightning","floor":7,"key":"SMITH"},{"data":"Conserve Battery","floor":10,"key":"SMITH"},{"data":"Coolheaded","floor":15,"key":"SMITH"},{"data":"Redo","floor":23,"key":"SMITH"},{"data":"Dualcast","floor":28,"key":"SMITH"},{"data":"Fission","floor":30,"key":"SMITH"},{"data":"Zap","floor":32,"key":"SMITH"}],"neow_cost":"NONE","seed_source_timestamp":1019475061768954,"circlet_count":0,"master_deck":["Defend_B","Defend_B","Defend_B","Defend_B","Zap+1","Dualcast+1","Gash","Conserve Battery+1","Ball Lightning+1","BootSequence","Gash","Coolheaded+1","Reboot","Barrage+1","Coolheaded+1","Redo+1","Sunder+1","Hologram","Bite","Bite","Bite","Bite","Bite","Hologram","Fission+1","Gash","Defragment+1","Reboot","Beam Cell+1","Dramatic Entrance","Leap","Gash"],"relics":["Cracked Core","NeowsBlessing","Juzu Bracelet","Centennial Puzzle","Lantern","Golden Idol","White Beast Statue","MutagenicStrength","Mercury Hourglass","MawBank","Eternal Feather"],"potions_floor_usage":[16,21,21,22,24,33,33,38,38,38],"damage_taken":[{"damage":0,"enemies":"Cultist","floor":1,"turns":1},{"damage":0,"enemies":"Jaw Worm","floor":2,"turns":1},{"damage":0,"enemies":"Gremlin Nob","floor":6,"turns":1},{"damage":0,"enemies":"2 Louse","floor":14,"turns":2},{"damage":23,"enemies":"Slime Boss","floor":16,"turns":9},{"damage":3,"enemies":"Spheric Guardian","floor":18,"turns":4},{"damage":1,"enemies":"3 Byrds","floor":20,"turns":6},{"damage":5,"enemies":"3 Cultists","floor":21,"turns":5},{"damage":8,"enemies":"Snake Plant","floor":22,"turns":3},{"damage":25,"enemies":"Slavers","floor":24,"turns":5},{"damage":5,"enemies":"Centurion and Healer","floor":31,"turns":3},{"damage":54,"enemies":"Collector","floor":33,"turns":11},{"damage":22,"enemies":"3 Shapes","floor":35,"turns":3},{"damage":41,"enemies":"3 Darklings","floor":38,"turns":3}],"seed_played":"-690881853844725738","potions_obtained":[{"floor":14,"key":"Strength Potion"},{"floor":18,"key":"GamblersBrew"},{"floor":20,"key":"Poison Potion"},{"floor":21,"key":"FocusPotion"},{"floor":22,"key":"Energy Potion"},{"floor":24,"key":"Fire Potion"},{"floor":31,"key":"Energy Potion"},{"floor":33,"key":"SteroidPotion"},{"floor":35,"key":"Fire Potion"}],"is_trial":false,"path_per_floor":["M","M","?","T","$","E","R","?","T","R","?","?","$","M","R","B",null,"M","?","M","M","M","R","E","?","T","?","R","$","R","M","R","B",null,"M","?","$","M"],"character_chosen":"DEFECT","items_purchased":["Ball Lightning","BootSequence","Coolheaded","Hologram","Fission","Gash","Leap","Gash","Fire Potion"],"campfire_rested":0,"item_purchase_floors":[5,5,13,29,29,29,37,37,37],"current_hp_per_floor":[75,75,72,72,72,72,72,77,77,77,74,74,74,74,74,51,74,71,71,70,65,57,57,32,32,32,32,32,32,32,33,33,5,51,33,33,33,0],"gold":76,"neow_bonus":"THREE_ENEMY_KILL","is_prod":false,"is_daily":false,"chose_seed":false,"campfire_upgraded":7,"win_rate":0.0,"timestamp":1561773649,"path_taken":["M","M","?","?","?","E","R","?","T","R","?","?","?","M","R","BOSS","M","?","M","M","M","R","E","?","T","?","R","$","R","M","R","BOSS","M","?","$","M"],"build_version":"2019-01-23","purchased_purges":0,"victory":false,"max_hp_per_floor":[75,75,75,75,75,75,75,80,80,80,74,74,74,74,74,74,74,74,74,74,74,74,74,74,51,51,51,51,51,51,51,51,51,51,51,51,51,51],"card_choices":[{"not_picked":["Reprogram","Reinforced Body"],"picked":"Gash","floor":1},{"not_picked":["Steam","Capacitor"],"picked":"Conserve Battery","floor":2},{"not_picked":["Reinforced Body","Beam Cell"],"picked":"Gash","floor":6},{"not_picked":["Turbo","Chaos"],"picked":"Cold Snap","floor":14},{"not_picked":["Biased Cognition","Multi-Cast"],"picked":"Reboot","floor":16},{"not_picked":["Ball Lightning","Turbo"],"picked":"Barrage+1","floor":18},{"not_picked":["Go for the Eyes","Conserve Battery"],"picked":"Coolheaded+1","floor":20},{"not_picked":["Cold Snap","Coolheaded"],"picked":"Redo","floor":21},{"not_picked":["Turbo","Undo"],"picked":"Sunder+1","floor":22},{"not_picked":["BootSequence","Stack"],"picked":"Hologram","floor":24},{"not_picked":["FTL","Aggregate"],"picked":"Defragment+1","floor":31},{"not_picked":["Machine Learning","Echo Form"],"picked":"Reboot","floor":33},{"not_picked":["Ball Lightning","Streamline"],"picked":"Beam Cell+1","floor":35},{"not_picked":["Forethought","Purity"],"picked":"Dramatic Entrance","floor":36}],"player_experience":22123,"relics_obtained":[{"floor":4,"key":"Centennial Puzzle"},{"floor":6,"key":"Lantern"},{"floor":24,"key":"Mercury Hourglass"},{"floor":26,"key":"MawBank"}],"event_choices":[{"damage_healed":0,"gold_gain":0,"player_choice":"Success","damage_taken":3,"relics_obtained":["Juzu Bracelet"],"max_hp_gain":0,"max_hp_loss":0,"event_name":"Scrap Ooze","floor":3,"gold_loss":0},{"damage_healed":0,"gold_gain":0,"player_choice":"Donut","damage_taken":0,"max_hp_gain":5,"max_hp_loss":0,"event_name":"Big Fish","floor":8,"gold_loss":0},{"damage_healed":0,"gold_gain":0,"player_choice":"Lose Max HP","damage_taken":0,"relics_obtained":["Golden Idol"],"max_hp_gain":0,"max_hp_loss":6,"event_name":"Golden Idol","floor":11,"gold_loss":0},{"cards_removed":["Strike_B"],"damage_healed":0,"gold_gain":0,"player_choice":"Forget","damage_taken":0,"max_hp_gain":0,"max_hp_loss":0,"event_name":"Living Wall","floor":12,"gold_loss":0},{"damage_healed":0,"gold_gain":0,"player_choice":"Inject Mutagens","damage_taken":0,"relics_obtained":["MutagenicStrength"],"max_hp_gain":0,"max_hp_loss":0,"event_name":"Drug Dealer","floor":19,"gold_loss":0},{"damage_healed":0,"gold_gain":0,"player_choice":"Became a vampire","damage_taken":0,"max_hp_gain":0,"max_hp_loss":23,"event_name":"Vampires","floor":25,"gold_loss":0,"cards_obtained":["Bite","Bite","Bite","Bite","Bite"]},{"cards_removed":["Cold Snap"],"damage_healed":0,"gold_gain":0,"player_choice":"Gave Gold","damage_taken":0,"max_hp_gain":0,"max_hp_loss":0,"event_name":"Beggar","floor":27,"gold_loss":75},{"damage_healed":0,"gold_gain":0,"player_choice":"Memory 1","damage_taken":0,"max_hp_gain":0,"max_hp_loss":0,"event_name":"SensoryStone","floor":36,"gold_loss":0}],"is_beta":false,"boss_relics":[{"not_picked":["Sozu","Runic Pyramid"],"picked":"White Beast Statue"},{"not_picked":["Fusion Hammer","Busted Crown"],"picked":"Eternal Feather"}],"items_purged_floors":[],"is_endless":false,"potions_floor_spawned":[14,18,20,21,22,24,31,33,35],"killed_by":"3 Darklings","ascension_level":0}