{"gold_per_floor":[112,1,13,13,30,30,62,62,85,85,102,102,127,146,146,146],"floor_reached":16,"playtime":563,"items_purged":["Strike_R"],"score":215,"play_id":"a51b5a5b-3819-4502-bf4d-b68c4de19176","local_time":"20190628191413","is_ascension_mode":true,"campfire_choices":[{"data":"Rampage","floor":6,"key":"SMITH"},{"data":"True Grit","floor":10,"key":"SMITH"},{"data":"Flame Barrier","floor":12,"key":"SMITH"},{"data":"Pommel Strike","floor":15,"key":"SMITH"}],"neow_cost":"NONE","seed_source_timestamp":1369219022024674,"circlet_count":0,"master_deck":["AscendersBane","Strike_R","Strike_R","Strike_R","Defend_R","Defend_R","Defend_R","Defend_R","Bash","Pommel Strike+1","Rampage+1","True Grit+1","Shrug It Off","Brutality","Flame Barrier+1","Impervious","Battle Trance"],"relics":["Burning Blood","Kunai","Gremlin Horn","Art of War","Omamori"],"potions_floor_usage":[11,13,13],"damage_taken":[{"damage":14,"enemies":"Jaw Worm","floor":1,"turns":3},{"damage":1,"enemies":"Cultist","floor":3,"turns":3},{"damage":5,"enemies":"Small Slimes","floor":5,"turns":3},{"damage":25,"enemies":"Lagavulin","floor":7,"turns":8},{"damage":5,"enemies":"Exordium Thugs","floor":11,"turns":5},{"damage":10,"enemies":"3 Sentries","floor":13,"turns":5},{"damage":0,"enemies":"3 Louse","floor":14,"turns":5},{"damage":60,"enemies":"Hexaghost","floor":16,"turns":9}],"seed_played":"-4037282187021223175","potions_obtained":[{"floor":1,"key":"Explosive Potion"},{"floor":3,"key":"Energy Potion"},{"floor":11,"key":"AttackPotion"},{"floor":14,"key":"Swift Potion"}],"is_trial":false,"path_per_floor":["M","$","M","?","M","R","E","T","T","R","M","R","E","M","R","B"],"character_chosen":"IRONCLAD","items_purchased":["Rampage"],"campfire_rested":0,"item_purchase_floors":[2],"current_hp_per_floor":[67,67,72,72,73,73,54,54,54,54,55,55,51,57,57,0],"gold":146,"neow_bonus":"TEN_PERCENT_HP_BONUS","is_prod":false,"is_daily":false,"chose_seed":false,"campfire_upgraded":4,"win_rate":0,"timestamp":1561774453,"path_taken":["M","$","M","?","?","R","E","?","T","R","?","R","E","M","R","BOSS"],"build_version":"2019-01-23","purchased_purges":1,"victory":false,"max_hp_per_floor":[82,82,82,82,82,82,82,82,82,82,82,82,82,82,82,82],"card_choices":[{"not_picked":["Rage","Twin Strike"],"picked":"Pommel Strike","floor":1},{"not_picked":["Clash","Inflame"],"picked":"True Grit","floor":3},{"not_picked":["Rage","Havoc"],"picked":"Shrug It Off","floor":5},{"not_picked":["Perfected Strike","Dual Wield"],"picked":"Brutality","floor":7},{"not_picked":["Pommel Strike","Uppercut"],"picked":"Flame Barrier","floor":11},{"not_picked":["Sever Soul","Warcry"],"picked":"Impervious","floor":13},{"not_picked":["Pommel Strike","Warcry"],"picked":"Battle Trance","floor":14}],"player_experience":1097823,"relics_obtained":[{"floor":7,"key":"Kunai"},{"floor":8,"key":"Gremlin Horn"},{"floor":9,"key":"Art of War"},{"floor":13,"key":"Omamori"}],"event_choices":[{"cards_removed":["Strike_R"],"damage_healed":0,"gold_gain":0,"player_choice":"Offered Basic","damage_taken":0,"max_hp_gain":0,"max_hp_loss":0,"event_name":"Bonfire Elementals","floor":4,"gold_loss":0}],"is_beta":false,"boss_relics":[],"items_purged_floors":[2],"is_endless":false,"potions_floor_spawned":[1,3,11,14],"killed_by":"Hexaghost","ascension_level":19}