{"gold_per_floor":[214,231,79,91,111,111,172,172,199,212,240,265,4,36,36,141,141,157,157,57,71,341,341,351,351,351,351,362,362,387,387,387,490,490,507,523,523,623,635,669,669,327,327,327,340,440,455,472,472,472,472,472,22,48,48],"floor_reached":55,"playtime":2681,"items_purged":["Strike_B","Strike_B","Defend_B","Defend_B"],"score":715,"play_id":"0dced27d-b9f7-4a66-8d87-e4337a4b9aef","local_time":"20190418141156","is_ascension_mode":false,"campfire_choices":[{"data":"Doom and Gloom","floor":6,"key":"SMITH"},{"data":"Zap","floor":8,"key":"SMITH"},{"data":"Hologram","floor":15,"key":"SMITH"},{"floor":23,"key":"REST"},{"data":"Sunder","floor":25,"key":"SMITH"},{"floor":27,"key":"RECALL"},{"data":"Seek","floor":29,"key":"SMITH"},{"floor":32,"key":"REST"},{"floor":41,"key":"REST"},{"data":"Beam Cell","floor":44,"key":"SMITH"},{"data":"Echo Form","floor":49,"key":"SMITH"},{"data":"Reinforced Body","floor":52,"key":"SMITH"}],"neow_cost":"NONE","seed_source_timestamp":735569552683422,"circlet_count":0,"master_deck":["Defend_B+1","Defend_B+1","Zap+1","Dualcast","Gash","FTL","FTL","Doom and Gloom+1","Gash","Sunder+1","Hologram+1","Beam Cell+1","Seek+1","Auto Shields","Echo Form+1","Undo+1","Rebound+1","FTL+1","Reinforced Body+1"],"relics":["Cracked Core","Tiny Chest","Blood Vial","Vajra","Boot","Kunai","Ice Cream","Busted Crown","Molten Egg 2","Shuriken","Empty Cage","Thread and Needle","Ancient Tea Set","War Paint","Frozen Egg 2","FossilizedHelix","Bag of Preparation"],"potions_floor_usage":[5,11,16,21,21,33,50,55,55,55],"damage_taken":[{"damage":1,"enemies":"Cultist","floor":1,"turns":3},{"damage":2,"enemies":"2 Louse","floor":2,"turns":2},{"damage":1,"enemies":"Jaw Worm","floor":4,"turns":2},{"damage":10,"enemies":"Exordium Wildlife","floor":5,"turns":2},{"damage":21,"enemies":"Lagavulin","floor":7,"turns":5},{"damage":9,"enemies":"Blue Slaver","floor":10,"turns":3},{"damage":0,"enemies":"3 Sentries","floor":11,"turns":3},{"damage":8,"enemies":"Lagavulin","floor":14,"turns":6},{"damage":9,"enemies":"Hexaghost","floor":16,"turns":7},{"damage":3,"enemies":"Spheric Guardian","floor":18,"turns":3},{"damage":4,"enemies":"2 Thieves","floor":21,"turns":3},{"damage":3,"enemies":"Cultist and Chosen","floor":24,"turns":5},{"damage":12,"enemies":"Snake Plant","floor":28,"turns":4},{"damage":54,"enemies":"Automaton","floor":33,"turns":7},{"damage":9,"enemies":"3 Darklings","floor":35,"turns":3},{"damage":0,"enemies":"Orb Walker","floor":36,"turns":2},{"damage":0,"enemies":"Mind Bloom Boss Battle","floor":38,"turns":3},{"damage":0,"enemies":"Transient","floor":39,"turns":5},{"damage":39,"enemies":"Nemesis","floor":40,"turns":5},{"damage":1,"enemies":"3 Darklings","floor":45,"turns":3},{"damage":0,"enemies":"4 Shapes","floor":47,"turns":4},{"damage":0,"enemies":"Spire Growth","floor":48,"turns":5},{"damage":7,"enemies":"Donu and Deca","floor":50,"turns":8},{"damage":33,"enemies":"Shield and Spear","floor":54,"turns":6},{"damage":66,"enemies":"The Heart","floor":55,"turns":9}],"seed_played":"-8325313099354946834","potions_obtained":[{"floor":1,"key":"Swift Potion"},{"floor":4,"key":"Fire Potion"},{"floor":10,"key":"AttackPotion"},{"floor":14,"key":"Fire Potion"},{"floor":16,"key":"EssenceOfSteel"},{"floor":18,"key":"Poison Potion"},{"floor":28,"key":"SteroidPotion"},{"floor":36,"key":"PowerPotion"},{"floor":45,"key":"Explosive Potion"},{"floor":48,"key":"Regen Potion"},{"floor":54,"key":"Poison Potion"}],"is_trial":false,"path_per_floor":["M","M","$","M","M","R","E","R","T","M","E","T","$","E","R","B",null,"M","?","$","M","?","R","M","R","T","R","M","R","T","T","R","B",null,"M","M","?","?","M","E","R","$","T","R","M","?","M","M","R","B",null,"R","$","E","B"],"character_chosen":"DEFECT","items_purchased":["FTL","Kunai","FTL+1","War Paint","FossilizedHelix"],"campfire_rested":3,"item_purchase_floors":[3,13,42,42,53],"current_hp_per_floor":[74,72,72,71,61,61,40,40,40,33,35,35,35,29,29,22,75,72,58,58,56,24,48,47,47,47,47,37,37,37,37,61,9,80,71,73,73,75,77,40,64,64,64,64,65,65,67,69,69,64,80,80,80,47,0],"gold":48,"neow_bonus":"HUNDRED_GOLD","is_prod":false,"is_daily":false,"chose_seed":false,"campfire_upgraded":8,"win_rate":0,"timestamp":1555611116,"path_taken":["M","M","$","M","M","R","E","R","T","M","E","?","$","E","R","BOSS","M","?","$","M","?","R","?","R","T","R","M","R","?","?","R","BOSS","M","M","?","?","M","E","R","$","T","R","M","?","M","M","R","BOSS","R","$","E","BOSS"],"build_version":"2019-01-23","purchased_purges":4,"victory":false,"max_hp_per_floor":[75,75,75,75,75,75,75,75,75,75,75,75,75,75,75,75,75,75,80,80,80,80,80,80,80,80,80,80,80,80,80,80,80,80,80,80,80,80,80,80,80,80,80,80,80,80,80,80,80,80,80,80,80,80,80],"card_choices":[{"not_picked":["Scrape","Stack"],"picked":"Gash","floor":1},{"not_picked":["Skim","Hello World"],"picked":"FTL","floor":2},{"not_picked":["Darkness","Streamline"],"picked":"Doom and Gloom","floor":4},{"not_picked":["Coolheaded","Sweeping Beam","Streamline"],"picked":"SKIP","floor":5},{"not_picked":["Sweeping Beam","Creative AI"],"picked":"Gash","floor":7},{"not_picked":["Capacitor","Force Field"],"picked":"Sunder","floor":10},{"not_picked":["Rip and Tear","Fusion"],"picked":"Hologram","floor":11},{"not_picked":["Lockon","Redo"],"picked":"Beam Cell","floor":14},{"not_picked":["Biased Cognition","Reboot"],"picked":"Seek","floor":16},{"not_picked":["Storm"],"picked":"SKIP","floor":18},{"not_picked":["Stack"],"picked":"SKIP","floor":21},{"not_picked":["Coolheaded"],"picked":"SKIP","floor":24},{"not_picked":[],"picked":"Auto Shields","floor":28},{"not_picked":[],"picked":"Echo Form","floor":33},{"not_picked":["Blizzard+1"],"picked":"SKIP","floor":35},{"not_picked":[],"picked":"Undo+1","floor":36},{"not_picked":[],"picked":"Rebound+1","floor":38},{"not_picked":["Cold Snap+1"],"picked":"SKIP","floor":39},{"not_picked":["Stack+1"],"picked":"SKIP","floor":40},{"not_picked":["Steam+1"],"picked":"SKIP","floor":45},{"not_picked":["Reinforced Body"],"picked":"SKIP","floor":47},{"not_picked":[],"picked":"Reinforced Body","floor":47},{"not_picked":["Coolheaded+1"],"picked":"SKIP","floor":48},{"not_picked":["Rebound+1"],"picked":"SKIP","floor":54}],"player_experience":606050,"relics_obtained":[{"floor":7,"key":"Tiny Chest"},{"floor":9,"key":"Blood Vial"},{"floor":11,"key":"Vajra"},{"floor":12,"key":"Boot"},{"floor":14,"key":"Ice Cream"},{"floor":26,"key":"Molten Egg 2"},{"floor":31,"key":"Shuriken"},{"floor":38,"key":"Thread and Needle"},{"floor":40,"key":"Ancient Tea Set"},{"floor":43,"key":"Frozen Egg 2"},{"floor":54,"key":"Bag of Preparation"}],"event_choices":[{"damage_healed":0,"gold_gain":0,"player_choice":"Shed Blood","damage_taken":19,"max_hp_gain":5,"max_hp_loss":0,"event_name":"Forgotten Altar","floor":19,"gold_loss":0},{"damage_healed":0,"gold_gain":270,"player_choice":"GOLD GOLD GOLD ","damage_taken":32,"max_hp_gain":0,"max_hp_loss":0,"event_name":"Knowing Skull","floor":22,"potions_obtained":[],"gold_loss":0,"cards_obtained":[]},{"damage_healed":0,"gold_gain":0,"player_choice":"Ignored","damage_taken":0,"max_hp_gain":0,"max_hp_loss":0,"event_name":"Tomb of Lord Red Mask","floor":37,"gold_loss":0},{"damage_healed":0,"gold_gain":0,"player_choice":"Fight","damage_taken":0,"max_hp_gain":0,"max_hp_loss":0,"event_name":"MindBloom","floor":38,"gold_loss":0},{"damage_healed":0,"gold_gain":100,"player_choice":"Pray","damage_taken":0,"max_hp_gain":0,"max_hp_loss":0,"event_name":"Golden Shrine","floor":46,"gold_loss":0}],"is_beta":false,"boss_relics":[{"not_picked":["Orrery","Runic Pyramid"],"picked":"Busted Crown"},{"not_picked":["Snecko Eye","Tiny House"],"picked":"Empty Cage"}],"items_purged_floors":[3,20,42,53],"is_endless":false,"potions_floor_spawned":[1,4,10,14,16,18,28,36,45,48,54],"killed_by":"The Heart","ascension_level":0}