{"gold_per_floor":[118,118,118,118,135,168,168,181,181,192,192,223,236,252,252,327,327,327,327,327,135,148,148,48,64,64,83,83,83,93,108,108,108],"floor_reached":33,"playtime":927,"items_purged":["Pain","Strike_B"],"score":540,"play_id":"4ee7a464-d642-4ea7-a133-52826a9f6c7a","local_time":"20190404211145","is_ascension_mode":true,"campfire_choices":[{"data":"Zap","floor":11,"key":"SMITH"},{"data":"Doom and Gloom","floor":15,"key":"SMITH"},{"data":"Consume","floor":23,"key":"SMITH"},{"floor":28,"key":"REST"},{"floor":32,"key":"REST"}],"neow_cost":"NONE","seed_source_timestamp":1308397216465450,"circlet_count":0,"master_deck":["AscendersBane","Strike_B","Strike_B","Strike_B","Defend_B","Defend_B","Defend_B","Defend_B","Zap+1","Dualcast","Ball Lightning","Leap","Go for the Eyes","Conserve Battery","Doom and Gloom+1","Biased Cognition+1","Capacitor+1","Consume+1","Auto Shields"],"relics":["Cracked Core","NeowsBlessing","Singing Bowl","NlothsMask","Oddly Smooth Stone","Frozen Egg 2","Eternal Feather","Letter Opener","WarpedTongs","Matryoshka"],"potions_floor_usage":[12,16,18],"damage_taken":[{"damage":0,"enemies":"Small Slimes","floor":1,"turns":1},{"damage":0,"enemies":"Cultist","floor":5,"turns":1},{"damage":0,"enemies":"Lagavulin","floor":6,"turns":1},{"damage":0,"enemies":"Jaw Worm","floor":8,"turns":3},{"damage":2,"enemies":"Exordium Thugs","floor":10,"turns":4},{"damage":4,"enemies":"Gremlin Nob","floor":12,"turns":3},{"damage":0,"enemies":"3 Louse","floor":13,"turns":3},{"damage":0,"enemies":"Large Slime","floor":14,"turns":4},{"damage":18,"enemies":"Slime Boss","floor":16,"turns":7},{"damage":1,"enemies":"Spheric Guardian","floor":18,"turns":3},{"damage":24,"enemies":"Chosen","floor":22,"turns":4},{"damage":0,"enemies":"Sentry and Sphere","floor":25,"turns":3},{"damage":31,"enemies":"Centurion and Healer","floor":27,"turns":9},{"damage":28,"enemies":"Snake Plant","floor":30,"turns":5},{"damage":26,"enemies":"Sentry and Sphere","floor":31,"turns":7},{"damage":39,"enemies":"Collector","floor":33,"turns":4}],"seed_played":"2008550374985437580","potions_obtained":[{"floor":5,"key":"Fire Potion"},{"floor":6,"key":"SmokeBomb"},{"floor":14,"key":"Strength Potion"}],"is_trial":false,"path_per_floor":["M","$","?","?","M","E","?","M","T","M","R","E","M","M","R","B",null,"M","T","?","$","M","R","$","M","T","M","R","$","M","M","R","B"],"character_chosen":"DEFECT","items_purchased":["Capacitor+1","Consume"],"campfire_rested":2,"item_purchase_floors":[21,21],"current_hp_per_floor":[64,64,46,46,46,48,48,48,48,48,48,44,46,46,46,28,65,64,64,64,64,42,51,51,53,53,22,55,55,29,5,39,0],"gold":108,"neow_bonus":"THREE_ENEMY_KILL","is_prod":false,"is_daily":false,"chose_seed":false,"campfire_upgraded":3,"win_rate":0,"timestamp":1554426705,"path_taken":["M","$","?","?","?","E","?","M","T","M","R","E","M","M","R","BOSS","M","?","?","$","M","R","$","?","T","M","R","?","M","M","R","BOSS"],"build_version":"2019-01-23","purchased_purges":2,"victory":false,"max_hp_per_floor":[71,71,71,71,71,73,73,73,73,75,75,75,77,77,77,77,77,77,77,77,77,79,79,79,81,81,81,81,81,83,85,85,85],"card_choices":[{"not_picked":["Beam Cell","Chaos"],"picked":"Ball Lightning","floor":1},{"not_picked":["Chill","Melter"],"picked":"Leap","floor":5},{"not_picked":["Beam Cell","Compile Driver","Streamline"],"picked":"Singing Bowl","floor":6},{"not_picked":["Rebound","Hologram"],"picked":"Go for the Eyes","floor":8},{"not_picked":["Streamline","Chill","Tempest"],"picked":"Singing Bowl","floor":10},{"not_picked":["Stack","Thunder Strike"],"picked":"Conserve Battery","floor":12},{"not_picked":["Gash","Skim","Streamline"],"picked":"Singing Bowl","floor":13},{"not_picked":["Gash","Streamline"],"picked":"Doom and Gloom","floor":14},{"not_picked":["Meteor Strike","Rainbow"],"picked":"Biased Cognition+1","floor":16},{"not_picked":["Turbo","Blizzard","Chill"],"picked":"Singing Bowl","floor":22},{"not_picked":["Turbo","Sweeping Beam","Compile Driver"],"picked":"Singing Bowl","floor":25},{"not_picked":["Turbo+1","Recycle"],"picked":"Auto Shields","floor":27},{"not_picked":["Steam","Reboot","Redo"],"picked":"Singing Bowl","floor":30},{"not_picked":["Gash","Chaos","Barrage"],"picked":"Singing Bowl","floor":31}],"player_experience":512975,"relics_obtained":[{"floor":6,"key":"Oddly Smooth Stone"},{"floor":12,"key":"Frozen Egg 2"},{"floor":19,"key":"Letter Opener"},{"floor":26,"key":"Matryoshka"}],"event_choices":[{"damage_healed":0,"gold_gain":0,"player_choice":"Success","damage_taken":18,"relics_obtained":["Singing Bowl"],"max_hp_gain":0,"max_hp_loss":0,"event_name":"Scrap Ooze","floor":3,"gold_loss":0},{"damage_healed":0,"gold_gain":0,"player_choice":"Trade","damage_taken":0,"relics_obtained":["NlothsMask"],"max_hp_gain":0,"max_hp_loss":0,"event_name":"FaceTrader","floor":4,"gold_loss":0},{"damage_healed":0,"gold_gain":0,"player_choice":"Got Potions","damage_taken":0,"max_hp_gain":0,"max_hp_loss":0,"event_name":"Lab","floor":7,"gold_loss":0},{"damage_healed":0,"gold_gain":0,"player_choice":"Rummage","damage_taken":0,"relics_obtained":["WarpedTongs"],"max_hp_gain":0,"max_hp_loss":0,"event_name":"Accursed Blacksmith","floor":20,"gold_loss":0,"cards_obtained":["Pain"]}],"is_beta":false,"boss_relics":[{"not_picked":["Lizard Tail","FrozenCore"],"picked":"Eternal Feather"}],"items_purged_floors":[21,24],"is_endless":false,"potions_floor_spawned":[5,6,14,18],"killed_by":"Collector","ascension_level":18}