{"gold_per_floor":[111,111,111,128,128,128,75,92,92,92,92,92,106,181,181,256,256,274,94,94,112,126,126,146,94,117,32,49,49,66,76,76,147,147,161,261,271,16,0,0,0,15,15,15,30,30,50,62,62,62],"floor_reached":51,"playtime":2551,"items_purged":[],"score":1047,"play_id":"2499df83-5697-40d3-873c-4d6d231fa0b1","local_time":"20190501182108","is_ascension_mode":true,"campfire_choices":[{"data":"Self Repair","floor":6,"key":"SMITH"},{"data":"Conserve Battery","floor":10,"key":"SMITH"},{"data":"Zap","floor":12,"key":"SMITH"},{"data":"Self Repair","floor":15,"key":"SMITH"},{"data":"Mayhem","floor":23,"key":"SMITH"},{"floor":29,"key":"REST"},{"data":"Defragment","floor":32,"key":"SMITH"},{"data":"Glacier","floor":40,"key":"SMITH"},{"data":"Reboot","floor":46,"key":"SMITH"},{"data":"Conserve Battery","floor":49,"key":"SMITH"}],"neow_cost":"NONE","seed_source_timestamp":423535286150378,"circlet_count":0,"master_deck":["AscendersBane","Strike_B","Strike_B","Strike_B","Defend_B","Zap+1","Dualcast","Cold Snap+1","Turbo","Self Repair+1","Conserve Battery+1","BootSequence+1","Self Repair+1","Rainbow","Streamline+1","Mayhem+1","Defragment+1","Conserve Battery+1","Conserve Battery+1","Auto Shields+1","Sunder","Reboot+1","Barrage+1","Glacier+1","Barrage","Conserve Battery+1"],"relics":["Cracked Core","Ornamental Fan","Empty Cage","Orichalcum","PreservedInsect","Inserter","Thread and Needle","Bottled Lightning","Red Mask","Dead Branch"],"potions_floor_usage":[16,16,31,33,33,42,45,48,50,50,50,50],"damage_taken":[{"damage":0,"enemies":"Small Slimes","floor":1,"turns":2},{"damage":2,"enemies":"Jaw Worm","floor":4,"turns":3},{"damage":4,"enemies":"Cultist","floor":8,"turns":4},{"damage":13,"enemies":"Exordium Wildlife","floor":13,"turns":5},{"damage":33,"enemies":"Hexaghost","floor":16,"turns":14},{"damage":17,"enemies":"Spheric Guardian","floor":18,"turns":4},{"damage":9,"enemies":"Shell Parasite","floor":21,"turns":5},{"damage":26,"enemies":"Centurion and Healer","floor":22,"turns":7},{"damage":65,"enemies":"Cultist and Chosen","floor":24,"turns":8},{"damage":10,"enemies":"Snecko","floor":28,"turns":7},{"damage":13,"enemies":"Snake Plant","floor":30,"turns":5},{"damage":15,"enemies":"Chosen and Byrds","floor":31,"turns":6},{"damage":27,"enemies":"Champ","floor":33,"turns":16},{"damage":53,"enemies":"3 Darklings","floor":35,"turns":7},{"damage":6,"enemies":"Mind Bloom Boss Battle","floor":36,"turns":10},{"damage":0,"enemies":"Orb Walker","floor":37,"turns":4},{"damage":14,"enemies":"Maw","floor":42,"turns":10},{"damage":23,"enemies":"Spire Growth","floor":45,"turns":9},{"damage":10,"enemies":"3 Darklings","floor":47,"turns":7},{"damage":2,"enemies":"Jaw Worm Horde","floor":48,"turns":7},{"damage":57,"enemies":"Time Eater","floor":50,"turns":13}],"seed_played":"-8759519472536755203","potions_obtained":[{"floor":1,"key":"AttackPotion"},{"floor":8,"key":"FocusPotion"},{"floor":21,"key":"PowerPotion"},{"floor":22,"key":"Poison Potion"},{"floor":31,"key":"Block Potion"},{"floor":36,"key":"SkillPotion"},{"floor":41,"key":"Swift Potion"},{"floor":42,"key":"EssenceOfSteel"},{"floor":45,"key":"SkillPotion"},{"floor":48,"key":"EntropicBrew"}],"is_trial":false,"path_per_floor":["M","?","?","M","$","R","$","M","T","R","?","R","M","?","R","B",null,"M","$","?","M","M","R","M","$","T","?","M","R","M","M","R","B",null,"M","?","M","$","?","R","?","M","T","?","M","R","M","M","R","B",null],"character_chosen":"DEFECT","items_purchased":["Conserve Battery","Mayhem","Conserve Battery","Bottled Lightning"],"campfire_rested":1,"item_purchase_floors":[7,19,25,38],"current_hp_per_floor":[68,61,61,59,59,59,59,65,65,65,65,65,62,51,51,38,66,69,69,69,75,69,69,24,24,24,24,24,46,53,58,58,51,69,36,50,70,70,70,70,70,75,75,75,72,72,75,75,75,38],"gold":62,"neow_bonus":"THREE_CARDS","is_prod":false,"is_daily":false,"chose_seed":false,"campfire_upgraded":9,"win_rate":0,"timestamp":1556760068,"path_taken":["M","?","?","M","$","R","$","?","T","R","?","R","?","?","R","BOSS","M","$","?","?","M","R","M","$","T","?","M","R","M","M","R","BOSS","M","?","M","$","?","R","?","?","T","?","M","R","M","M","R","BOSS"],"build_version":"2019-01-23","purchased_purges":0,"victory":true,"max_hp_per_floor":[75,75,75,75,75,75,75,75,75,75,75,75,75,75,75,75,75,75,75,75,75,75,75,75,75,75,75,75,75,75,75,75,75,75,75,75,75,75,75,75,75,75,75,75,75,75,75,75,75,75],"card_choices":[{"not_picked":["Go for the Eyes","Static Discharge"],"picked":"Cold Snap","floor":0},{"not_picked":["Lockon","Recycle"],"picked":"Turbo","floor":1},{"not_picked":["Cold Snap","Recycle"],"picked":"Self Repair","floor":4},{"not_picked":["Steam","Skim"],"picked":"BootSequence","floor":8},{"not_picked":["Darkness","Sweeping Beam"],"picked":"Self Repair","floor":13},{"not_picked":["Meteor Strike","All For One"],"picked":"Rainbow","floor":16},{"not_picked":["Force Field","Steam+1"],"picked":"Streamline+1","floor":18},{"not_picked":["Conserve Battery","Ball Lightning+1"],"picked":"Defragment","floor":21},{"not_picked":["Hologram+1","Stack"],"picked":"Conserve Battery+1","floor":22},{"not_picked":["Sweeping Beam","Coolheaded","Beam Cell"],"picked":"SKIP","floor":24},{"not_picked":["Hologram","Multi-Cast"],"picked":"Auto Shields+1","floor":28},{"not_picked":["Steam+1","Stack"],"picked":"Sunder","floor":30},{"not_picked":["Sweeping Beam","Coolheaded","Go for the Eyes"],"picked":"SKIP","floor":31},{"not_picked":["Amplify","Core Surge"],"picked":"Reboot","floor":33},{"not_picked":["Steam+1","Hologram"],"picked":"Barrage+1","floor":35},{"not_picked":["Melter","Leap"],"picked":"Glacier","floor":37},{"not_picked":["Turbo+1","Leap"],"picked":"Barrage","floor":42},{"not_picked":["Turbo","Redo","Static Discharge"],"picked":"SKIP","floor":45},{"not_picked":["Stack","Redo","Machine Learning"],"picked":"SKIP","floor":47},{"not_picked":["Rebound","Reinforced Body+1"],"picked":"Conserve Battery+1","floor":48}],"player_experience":850270,"relics_obtained":[{"floor":9,"key":"Ornamental Fan"},{"floor":26,"key":"Orichalcum"},{"floor":36,"key":"Thread and Needle"},{"floor":43,"key":"Dead Branch"}],"event_choices":[{"cards_removed":["Strike_B"],"damage_healed":0,"gold_gain":0,"player_choice":"Card Removal","damage_taken":7,"max_hp_gain":0,"max_hp_loss":0,"event_name":"Golden Wing","floor":2,"gold_loss":0},{"damage_healed":0,"gold_gain":0,"player_choice":"Forge","damage_taken":0,"max_hp_gain":0,"max_hp_loss":0,"event_name":"Accursed Blacksmith","floor":3,"gold_loss":0,"cards_upgraded":["Cold Snap"]},{"damage_healed":0,"gold_gain":0,"player_choice":"Upgraded","damage_taken":0,"max_hp_gain":0,"max_hp_loss":0,"event_name":"Upgrade Shrine","floor":11,"gold_loss":0,"cards_upgraded":["BootSequence"]},{"damage_healed":0,"gold_gain":75,"player_choice":"Gather Gold","damage_taken":11,"max_hp_gain":0,"max_hp_loss":0,"event_name":"World of Goop","floor":14,"gold_loss":0},{"cards_removed":["Defend_B"],"damage_healed":0,"gold_gain":0,"player_choice":"Purged","damage_taken":0,"max_hp_gain":0,"max_hp_loss":0,"event_name":"Purifier","floor":20,"gold_loss":0},{"damage_healed":0,"gold_gain":0,"player_choice":"Obtained Relic","damage_taken":0,"relics_obtained":["PreservedInsect"],"max_hp_gain":0,"max_hp_loss":0,"event_name":"Addict","floor":27,"gold_loss":85},{"damage_healed":0,"gold_gain":0,"player_choice":"Fight","damage_taken":0,"max_hp_gain":0,"max_hp_loss":0,"event_name":"MindBloom","floor":36,"gold_loss":0},{"damage_healed":0,"gold_gain":0,"player_choice":"Paid","damage_taken":0,"relics_obtained":["Red Mask"],"max_hp_gain":0,"max_hp_loss":0,"event_name":"Tomb of Lord Red Mask","floor":39,"gold_loss":16},{"damage_healed":0,"gold_gain":0,"player_choice":"Got Potions","damage_taken":0,"max_hp_gain":0,"max_hp_loss":0,"event_name":"Lab","floor":41,"gold_loss":0},{"damage_healed":0,"gold_gain":0,"player_choice":"Ignored","damage_taken":0,"max_hp_gain":0,"max_hp_loss":0,"event_name":"Mysterious Sphere","floor":44,"gold_loss":0}],"is_beta":false,"boss_relics":[{"not_picked":["Runic Pyramid","Eternal Feather"],"picked":"Empty Cage"},{"not_picked":["Coffee Dripper","Lizard Tail"],"picked":"Inserter"}],"items_purged_floors":[],"is_endless":false,"potions_floor_spawned":[1,8,21,22,31,36,42,45,48],"ascension_level":13}