{"gold_per_floor":[110,122,139,150,6,39,39,57,84,119,119,136,136,151,151,249,249,249,219,219,219,219,219,70,70,70,70],"floor_reached":27,"playtime":2156,"items_purged":["Defend_G"],"score":229,"play_id":"6962a11a-92a7-4776-a441-2b8f9240abbd","local_time":"20190429215258","is_ascension_mode":false,"campfire_choices":[{"floor":7,"key":"REST"},{"floor":15,"key":"REST"},{"floor":23,"key":"REST"}],"neow_cost":"NONE","seed_source_timestamp":129982093045400,"circlet_count":0,"master_deck":["Defend_G","Defend_G","Defend_G","Defend_G","Strike_G","Strike_G","Strike_G","Strike_G","Strike_G","Survivor","Neutralize","Well Laid Plans","Quick Slash","Flying Knee","PiercingWail","Corpse Explosion+1","Accuracy","Finisher","Venomology","Blade Dance","Quick Slash","Night Terror","Deadly Poison","Masterful Stab","Blade Dance","Prepared+1","Slice","Infinite Blades","Prepared"],"relics":["Ring of the Snake","Dream Catcher","Ninja Scroll","Ancient Tea Set","Boot","Ectoplasm","Old Coin","Mummified Hand","Gremlin Horn"],"potions_floor_usage":[8,14,16,16,16,19,19,20,20,21,22,25,27],"damage_taken":[{"damage":3,"enemies":"Small Slimes","floor":1,"turns":4},{"damage":5,"enemies":"Cultist","floor":2,"turns":6},{"damage":0,"enemies":"2 Louse","floor":3,"turns":3},{"damage":0,"enemies":"2 Fungi Beasts","floor":4,"turns":4},{"damage":42,"enemies":"Gremlin Nob","floor":6,"turns":6},{"damage":1,"enemies":"Blue Slaver","floor":8,"turns":5},{"damage":12,"enemies":"Lagavulin","floor":10,"turns":5},{"damage":14,"enemies":"Exordium Thugs","floor":12,"turns":4},{"damage":0,"enemies":"2 Fungi Beasts","floor":14,"turns":3},{"damage":34,"enemies":"Slime Boss","floor":16,"turns":9},{"damage":7,"enemies":"Shell Parasite","floor":18,"turns":2},{"damage":2,"enemies":"2 Thieves","floor":19,"turns":2},{"damage":7,"enemies":"Colosseum Slavers","floor":20,"turns":4},{"damage":43,"enemies":"Colosseum Nobs","floor":20,"turns":5},{"damage":10,"enemies":"Chosen and Byrds","floor":21,"turns":3},{"damage":3,"enemies":"Centurion and Healer","floor":22,"turns":3},{"damage":13,"enemies":"Snecko","floor":25,"turns":5},{"damage":32,"enemies":"Gremlin Leader","floor":27,"turns":3}],"seed_played":"2475622842757241649","potions_obtained":[{"floor":1,"key":"Energy Potion"},{"floor":6,"key":"Ancient Potion"},{"floor":8,"key":"Strength Potion"},{"floor":13,"key":"Block Potion"},{"floor":14,"key":"EntropicBrew"},{"floor":16,"key":"SteroidPotion"},{"floor":20,"key":"Explosive Potion"},{"floor":22,"key":"AttackPotion"},{"floor":25,"key":"FearPotion"}],"is_trial":false,"path_per_floor":["M","M","M","M","$","E","R","M","T","E","?","M","?","M","R","B",null,"M","M","?","M","M","R","$","M","T","E"],"character_chosen":"THE_SILENT","items_purchased":["Dream Catcher","Infinite Blades"],"campfire_rested":3,"item_purchase_floors":[5,24],"current_hp_per_floor":[74,69,69,69,69,27,50,49,49,37,37,23,23,23,46,12,77,70,68,18,8,5,28,28,15,15,0],"gold":70,"neow_bonus":"TEN_PERCENT_HP_BONUS","is_prod":false,"is_daily":false,"chose_seed":false,"campfire_upgraded":0,"win_rate":0.0,"timestamp":1556599978,"path_taken":["M","M","M","M","$","E","R","M","T","E","?","M","?","M","R","BOSS","M","M","?","M","M","R","$","M","T","E"],"build_version":"2019-01-23","purchased_purges":1,"victory":false,"max_hp_per_floor":[77,77,77,77,77,77,77,77,77,77,77,77,77,77,77,77,77,77,77,77,77,77,77,77,77,77,77],"card_choices":[{"not_picked":["Eviscerate","Outmaneuver"],"picked":"Well Laid Plans","floor":1},{"not_picked":["Eviscerate","Flying Knee"],"picked":"Quick Slash","floor":2},{"not_picked":["Bane","Underhanded Strike"],"picked":"Flying Knee","floor":3},{"not_picked":["Skewer","Prepared"],"picked":"PiercingWail","floor":4},{"not_picked":["Acrobatics","Dagger Spray"],"picked":"Corpse Explosion","floor":6},{"not_picked":["Skewer","Leg Sweep"],"picked":"Accuracy","floor":7},{"not_picked":["Heel Hook","Dagger Throw"],"picked":"Finisher","floor":8},{"not_picked":["Sucker Punch","Skewer"],"picked":"Venomology","floor":10},{"not_picked":["Terror","Backflip"],"picked":"Blade Dance","floor":12},{"not_picked":["Underhanded Strike","Eviscerate","Dagger Throw"],"picked":"SKIP","floor":14},{"not_picked":["Flying Knee","Blur"],"picked":"Quick Slash","floor":15},{"not_picked":["After Image","Glass Knife"],"picked":"Night Terror","floor":16},{"not_picked":["Outmaneuver","Dagger Throw"],"picked":"Deadly Poison","floor":18},{"not_picked":["Footwork","Outmaneuver"],"picked":"Masterful Stab","floor":19},{"not_picked":["Acrobatics","Phantasmal Killer"],"picked":"Blade Dance","floor":20},{"not_picked":["Deflect","Bane"],"picked":"Prepared+1","floor":21},{"not_picked":["Backflip","Dagger Spray"],"picked":"Slice","floor":22},{"not_picked":["Caltrops","Heel Hook+1"],"picked":"Prepared","floor":25}],"player_experience":77235,"relics_obtained":[{"floor":6,"key":"Ninja Scroll"},{"floor":9,"key":"Ancient Tea Set"},{"floor":10,"key":"Boot"},{"floor":20,"key":"Old Coin"},{"floor":20,"key":"Mummified Hand"},{"floor":26,"key":"Gremlin Horn"}],"event_choices":[{"damage_healed":0,"gold_gain":0,"player_choice":"Grow","damage_taken":0,"max_hp_gain":0,"max_hp_loss":0,"event_name":"Living Wall","floor":11,"gold_loss":0,"cards_upgraded":["Corpse Explosion"]},{"damage_healed":0,"gold_gain":0,"player_choice":"Got Potions","damage_taken":0,"max_hp_gain":0,"max_hp_loss":0,"event_name":"Lab","floor":13,"gold_loss":0},{"damage_healed":0,"gold_gain":0,"player_choice":"Fight","damage_taken":0,"max_hp_gain":0,"max_hp_loss":0,"event_name":"Colosseum","floor":20,"gold_loss":0},{"damage_healed":0,"gold_gain":0,"player_choice":"Fought Nobs","damage_taken":0,"max_hp_gain":0,"max_hp_loss":0,"event_name":"Colosseum","floor":20,"gold_loss":0}],"is_beta":false,"boss_relics":[{"not_picked":["Runic Dome","Sozu"],"picked":"Ectoplasm"}],"items_purged_floors":[24],"is_endless":false,"potions_floor_spawned":[1,6,8,14,16,20,20,22,25],"killed_by":"Gremlin Leader","ascension_level":0}