{"gold_per_floor":[118,85,105,116,116,145,145,155,230,116,144,144,144,155,155,259,259,277,39,39,58,58,92,92,106,129,129,146,158,158,174,174,174],"floor_reached":33,"playtime":1764,"items_purged":["Strike_G"],"score":302,"play_id":"52c982e8-f720-4215-8f83-129853233d2b","local_time":"20190615100347","is_ascension_mode":false,"campfire_choices":[{"floor":7,"key":"REST"},{"floor":13,"key":"REST"},{"floor":15,"key":"REST"},{"data":"Endless Agony","floor":24,"key":"SMITH"},{"floor":30,"key":"REST"},{"floor":32,"key":"REST"}],"neow_cost":"NONE","seed_source_timestamp":641248355823704,"circlet_count":0,"master_deck":["Defend_G","Defend_G","Defend_G","Defend_G","Defend_G","Strike_G","Strike_G","Strike_G","Strike_G","Survivor","Neutralize","Well Laid Plans","Endless Agony","Noxious Fumes","Quick Slash","Dash","Quick Slash","Glass Knife","Backflip+1","Endless Agony+1","Escape Plan","Doppelganger","Dagger Spray","Caltrops+1"],"relics":["Ring of the Snake","Girya","Matryoshka","Oddly Smooth Stone","WristBlade","Bottled Tornado","Potion Belt","Ancient Tea Set"],"potions_floor_usage":[4,6,16,16,18,23,23,23,28,29],"damage_taken":[{"damage":1,"enemies":"Small Slimes","floor":1,"turns":4},{"damage":0,"enemies":"2 Louse","floor":3,"turns":4},{"damage":1,"enemies":"Jaw Worm","floor":4,"turns":3},{"damage":34,"enemies":"Gremlin Nob","floor":6,"turns":6},{"damage":14,"enemies":"Exordium Thugs","floor":8,"turns":5},{"damage":27,"enemies":"Lagavulin","floor":11,"turns":7},{"damage":0,"enemies":"Blue Slaver","floor":14,"turns":4},{"damage":14,"enemies":"The Guardian","floor":16,"turns":13},{"damage":1,"enemies":"Chosen","floor":18,"turns":4},{"damage":14,"enemies":"Spheric Guardian","floor":21,"turns":4},{"damage":0,"enemies":"Book of Stabbing","floor":23,"turns":4},{"damage":21,"enemies":"Snake Plant","floor":25,"turns":6},{"damage":4,"enemies":"Centurion and Healer","floor":28,"turns":6},{"damage":31,"enemies":"Sentry and Sphere","floor":29,"turns":7},{"damage":13,"enemies":"Snake Plant","floor":31,"turns":4},{"damage":56,"enemies":"Automaton","floor":33,"turns":6}],"seed_played":"-3322889186829308285","potions_obtained":[{"floor":1,"key":"Energy Potion"},{"floor":4,"key":"Weak Potion"},{"floor":11,"key":"Weak Potion"},{"floor":14,"key":"GhostInAJar"},{"floor":16,"key":"Fire Potion"},{"floor":18,"key":"FearPotion"},{"floor":22,"key":"GhostInAJar"},{"floor":22,"key":"SteroidPotion"},{"floor":25,"key":"SkillPotion"},{"floor":28,"key":"SkillPotion"}],"is_trial":false,"path_per_floor":["M","?","M","M","?","E","R","M","T","$","E","?","R","M","R","B",null,"M","$","?","M","?","E","R","M","T","?","M","M","R","M","R","B"],"character_chosen":"THE_SILENT","items_purchased":["Dash","Bottled Tornado"],"campfire_rested":5,"item_purchase_floors":[10,19],"current_hp_per_floor":[76,76,76,75,75,41,64,50,50,50,23,23,46,46,69,55,77,76,76,62,48,48,48,48,27,27,54,50,19,43,30,54,0],"gold":174,"neow_bonus":"TEN_PERCENT_HP_BONUS","is_prod":false,"is_daily":false,"chose_seed":false,"campfire_upgraded":1,"win_rate":0,"timestamp":1560618227,"path_taken":["M","?","M","M","?","E","R","M","T","$","E","?","R","M","R","BOSS","M","$","?","M","?","E","R","?","T","?","M","M","R","M","R","BOSS"],"build_version":"2019-01-23","purchased_purges":1,"victory":false,"max_hp_per_floor":[77,77,77,77,77,77,77,77,77,77,77,77,77,77,77,77,77,77,77,82,82,82,82,82,82,82,82,82,82,82,82,82,82],"card_choices":[{"not_picked":["Predator","Flechettes"],"picked":"Well Laid Plans","floor":1},{"not_picked":["Acrobatics","Escape Plan"],"picked":"Endless Agony","floor":3},{"not_picked":["Accuracy","Outmaneuver","Poisoned Stab"],"picked":"SKIP","floor":4},{"not_picked":["Backstab","Underhanded Strike"],"picked":"Noxious Fumes","floor":6},{"not_picked":["Outmaneuver","Setup"],"picked":"Quick Slash","floor":8},{"not_picked":["Slice","Deflect"],"picked":"Quick Slash","floor":11},{"not_picked":["Flying Knee","Deflect","Underhanded Strike"],"picked":"SKIP","floor":14},{"not_picked":["Burst","A Thousand Cuts"],"picked":"Glass Knife","floor":16},{"not_picked":["Dagger Spray","Expertise"],"picked":"Backflip+1","floor":18},{"not_picked":["Blade Dance","Backflip+1"],"picked":"Endless Agony","floor":21},{"not_picked":["Expertise","Predator"],"picked":"Escape Plan","floor":23},{"not_picked":["PiercingWail+1","Dodge and Roll"],"picked":"Doppelganger","floor":25},{"not_picked":["Tactician","Quick Slash"],"picked":"Dagger Spray","floor":28},{"not_picked":["Accuracy+1","Blade Dance"],"picked":"Caltrops+1","floor":29},{"not_picked":["Crippling Poison","Blade Dance","Bouncing Flask"],"picked":"SKIP","floor":31}],"player_experience":381266,"relics_obtained":[{"floor":6,"key":"Girya"},{"floor":9,"key":"Matryoshka"},{"floor":11,"key":"Oddly Smooth Stone"},{"floor":23,"key":"Potion Belt"},{"floor":26,"key":"Ancient Tea Set"}],"event_choices":[{"damage_healed":0,"gold_gain":0,"player_choice":"Left Gold","damage_taken":0,"max_hp_gain":0,"max_hp_loss":0,"event_name":"World of Goop","floor":2,"gold_loss":33},{"damage_healed":0,"gold_gain":0,"player_choice":"Ignored","damage_taken":0,"max_hp_gain":0,"max_hp_loss":0,"event_name":"Liars Game","floor":5,"gold_loss":0},{"damage_healed":0,"gold_gain":0,"player_choice":"Ignored","damage_taken":0,"max_hp_gain":0,"max_hp_loss":0,"event_name":"Golden Idol","floor":12,"gold_loss":0},{"damage_healed":0,"gold_gain":0,"player_choice":"Shed Blood","damage_taken":19,"max_hp_gain":5,"max_hp_loss":0,"event_name":"Forgotten Altar","floor":20,"gold_loss":0},{"damage_healed":0,"gold_gain":0,"player_choice":"Got Potions","damage_taken":0,"max_hp_gain":0,"max_hp_loss":0,"event_name":"Lab","floor":22,"gold_loss":0},{"damage_healed":27,"gold_gain":0,"player_choice":"Heal","damage_taken":0,"max_hp_gain":0,"max_hp_loss":0,"event_name":"The Library","floor":27,"gold_loss":0}],"is_beta":false,"boss_relics":[{"not_picked":["Calling Bell","HoveringKite"],"picked":"WristBlade"}],"items_purged_floors":[10],"is_endless":false,"potions_floor_spawned":[1,4,11,14,16,18,25,28],"killed_by":"Automaton","ascension_level":0}