{"gold_per_floor":[419,387,244,261,31,63,74,74,126,168,180,208,220,256,268,406,418,445,471,0,24,39,39,59,75,75,75,89,89,112,12,12,138,138,157,170,170,193,212,212,225,244,244,278,297,297,317,3,3,3],"floor_reached":51,"playtime":2977,"items_purged":["Strike_R","Strike_R"],"score":747,"play_id":"3548bd64-14ba-48d1-ab75-69e049028aa7","local_time":"20190621121841","is_ascension_mode":false,"campfire_choices":[{"data":"Feed","floor":8,"key":"SMITH"},{"data":"Uppercut","floor":15,"key":"SMITH"},{"data":"Apotheosis","floor":23,"key":"SMITH"},{"floor":27,"key":"REST"},{"floor":29,"key":"REST"},{"floor":32,"key":"REST"},{"floor":40,"key":"REST"},{"floor":46,"key":"REST"},{"floor":49,"key":"REST"}],"neow_cost":"PERCENT_DAMAGE","seed_source_timestamp":150700392847653,"circlet_count":0,"master_deck":["Strike_R","Strike_R","Defend_R","Defend_R","Defend_R","Defend_R","Bash","Iron Wave","Feed+1","Anger","Immolate","Pommel Strike","Shrug It Off","Uppercut+1","Spot Weakness","Demon Form","Iron Wave","Dual Wield","Apotheosis+1","Battle Trance","Iron Wave+1","Warcry+1","Blood for Blood","Brutality","Battle Trance","Shrug It Off","Seeing Red+1","Parasite","Burning Pact+1","Sentinel+1","Offering"],"relics":["Burning Blood","Old Coin","PreservedInsect","MawBank","Strawberry","Golden Idol","Runic Cube","Mango","Mummified Hand","Sozu","Oddly Smooth Stone","Bird Faced Urn","Dead Branch"],"potions_floor_usage":[6,16,21,21,24,25,28,33,35],"damage_taken":[{"damage":6,"enemies":"Jaw Worm","floor":1,"turns":3},{"damage":5,"enemies":"Small Slimes","floor":4,"turns":4},{"damage":4,"enemies":"3 Sentries","floor":6,"turns":4},{"damage":1,"enemies":"Cultist","floor":7,"turns":3},{"damage":14,"enemies":"Gremlin Nob","floor":10,"turns":3},{"damage":9,"enemies":"Blue Slaver","floor":12,"turns":8},{"damage":0,"enemies":"Lots of Slimes","floor":14,"turns":1},{"damage":22,"enemies":"The Guardian","floor":16,"turns":12},{"damage":21,"enemies":"Spheric Guardian","floor":18,"turns":5},{"damage":0,"enemies":"Chosen","floor":19,"turns":4},{"damage":13,"enemies":"Shelled Parasite and Fungi","floor":21,"turns":9},{"damage":43,"enemies":"Cultist and Chosen","floor":22,"turns":8},{"damage":18,"enemies":"Sentry and Sphere","floor":24,"turns":5},{"damage":37,"enemies":"Shelled Parasite and Fungi","floor":25,"turns":8},{"damage":31,"enemies":"Snake Plant","floor":28,"turns":5},{"damage":14,"enemies":"Snecko","floor":30,"turns":5},{"damage":86,"enemies":"Automaton","floor":33,"turns":10},{"damage":23,"enemies":"Orb Walker","floor":35,"turns":5},{"damage":8,"enemies":"3 Shapes","floor":36,"turns":3},{"damage":37,"enemies":"3 Darklings","floor":38,"turns":4},{"damage":10,"enemies":"Transient","floor":39,"turns":5},{"damage":26,"enemies":"Writhing Mass","floor":41,"turns":5},{"damage":36,"enemies":"Spire Growth","floor":42,"turns":5},{"damage":48,"enemies":"Reptomancer","floor":44,"turns":8},{"damage":36,"enemies":"Transient","floor":45,"turns":5},{"damage":21,"enemies":"Sphere and 2 Shapes","floor":47,"turns":4},{"damage":68,"enemies":"Awakened One","floor":50,"turns":9}],"seed_played":"-3181811607214366253","potions_obtained":[{"floor":4,"key":"SkillPotion"},{"floor":7,"key":"Ancient Potion"},{"floor":14,"key":"PowerPotion"},{"floor":16,"key":"GamblersBrew"},{"floor":19,"key":"EssenceOfSteel"},{"floor":22,"key":"BloodPotion"},{"floor":24,"key":"Poison Potion"},{"floor":25,"key":"LiquidBronze"},{"floor":30,"key":"FearPotion"}],"is_trial":false,"path_per_floor":["M","?","$","M","$","E","M","R","T","E","?","M","?","M","R","B",null,"M","M","$","M","M","R","M","M","T","R","M","R","M","$","R","B",null,"M","M","?","M","M","R","M","M","T","E","M","R","M","$","R","B",null],"character_chosen":"IRONCLAD","items_purchased":["Feed","Immolate","Mango","Apotheosis","Dead Branch"],"campfire_rested":6,"item_purchase_floors":[3,5,20,20,48],"current_hp_per_floor":[56,56,56,60,60,65,73,73,73,76,51,52,52,62,62,50,112,101,107,121,118,81,81,82,55,55,96,75,117,113,113,146,70,150,137,135,135,104,100,146,130,104,104,62,32,80,71,71,120,66],"gold":3,"neow_bonus":"ONE_RARE_RELIC","is_prod":false,"is_daily":false,"chose_seed":false,"campfire_upgraded":3,"win_rate":0,"timestamp":1561144721,"path_taken":["M","?","$","M","$","E","M","R","T","E","?","M","?","M","R","BOSS","M","M","$","M","M","R","M","M","T","R","M","R","M","$","R","BOSS","M","?","?","M","?","R","M","M","T","E","M","R","M","$","R","BOSS"],"build_version":"2019-01-23","purchased_purges":2,"victory":true,"max_hp_per_floor":[80,80,80,83,83,86,89,89,89,100,100,104,104,108,108,112,112,116,116,130,134,134,134,134,138,138,138,142,142,146,146,146,150,150,154,154,154,154,154,154,158,162,162,162,162,162,166,166,166,166],"card_choices":[{"not_picked":["Flex","Headbutt"],"picked":"Iron Wave","floor":1},{"not_picked":["Sentinel","Rupture"],"picked":"Anger","floor":4},{"not_picked":["Havoc","Thunderclap","Heavy Blade"],"picked":"SKIP","floor":6},{"not_picked":["Clothesline","Cleave"],"picked":"Pommel Strike","floor":7},{"not_picked":["Reaper","Flame Barrier"],"picked":"Shrug It Off","floor":10},{"not_picked":["Fire Breathing","Whirlwind"],"picked":"Uppercut","floor":12},{"not_picked":["Searing Blow","Havoc"],"picked":"Spot Weakness","floor":14},{"not_picked":["Brutality","Berserk"],"picked":"Demon Form","floor":16},{"not_picked":["Shrug It Off","Thunderclap"],"picked":"Iron Wave","floor":18},{"not_picked":["Second Wind","Ghostly Armor+1"],"picked":"Dual Wield","floor":19},{"not_picked":["Sword Boomerang+1","Reckless Charge"],"picked":"Battle Trance","floor":21},{"not_picked":["Anger","Whirlwind","Clash+1"],"picked":"SKIP","floor":22},{"not_picked":["Perfected Strike","Battle Trance"],"picked":"Iron Wave+1","floor":24},{"not_picked":["Dropkick","Armaments"],"picked":"Warcry+1","floor":25},{"not_picked":["Iron Wave","Clothesline","Armaments"],"picked":"SKIP","floor":28},{"not_picked":["Armaments","Burning Pact"],"picked":"Blood for Blood","floor":30},{"not_picked":["Juggernaut","Feed"],"picked":"Brutality","floor":33},{"not_picked":["True Grit","Body Slam+1","Infernal Blade"],"picked":"SKIP","floor":35},{"not_picked":["Uppercut","Havoc+1","Sever Soul"],"picked":"SKIP","floor":36},{"not_picked":["Havoc+1","Pommel Strike+1"],"picked":"Shrug It Off","floor":38},{"not_picked":["Headbutt+1","Entrench"],"picked":"Seeing Red+1","floor":39},{"not_picked":["Uppercut","Havoc"],"picked":"Burning Pact+1","floor":41},{"not_picked":["Sword Boomerang+1","Clash","Battle Trance"],"picked":"SKIP","floor":42},{"not_picked":["Flex+1","Whirlwind"],"picked":"Sentinel+1","floor":44},{"not_picked":["Rage","True Grit+1"],"picked":"Offering","floor":45},{"not_picked":["Blood for Blood","Corruption","Infernal Blade"],"picked":"SKIP","floor":47}],"player_experience":460597,"relics_obtained":[{"floor":6,"key":"PreservedInsect"},{"floor":9,"key":"MawBank"},{"floor":10,"key":"Strawberry"},{"floor":26,"key":"Mummified Hand"},{"floor":43,"key":"Oddly Smooth Stone"},{"floor":44,"key":"Bird Faced Urn"}],"event_choices":[{"damage_healed":0,"gold_gain":0,"player_choice":"Left Gold","damage_taken":0,"max_hp_gain":0,"max_hp_loss":0,"event_name":"World of Goop","floor":2,"gold_loss":32},{"damage_healed":0,"gold_gain":0,"player_choice":"Take Damage","damage_taken":25,"relics_obtained":["Golden Idol"],"max_hp_gain":0,"max_hp_loss":0,"event_name":"Golden Idol","floor":11,"gold_loss":0},{"cards_removed":["Strike_R"],"damage_healed":0,"gold_gain":0,"player_choice":"Offered Basic","damage_taken":0,"max_hp_gain":0,"max_hp_loss":0,"event_name":"Bonfire Elementals","floor":13,"gold_loss":0},{"damage_healed":0,"gold_gain":0,"player_choice":"Copied","damage_taken":0,"max_hp_gain":0,"max_hp_loss":0,"event_name":"Duplicator","floor":37,"gold_loss":0,"cards_obtained":["Battle Trance"]}],"is_beta":false,"boss_relics":[{"not_picked":["White Beast Statue","Pandora\u0027s Box"],"picked":"Runic Cube"},{"not_picked":["Astrolabe","Mark of Pain"],"picked":"Sozu"}],"items_purged_floors":[5,31],"is_endless":false,"potions_floor_spawned":[4,7,14,16,19,22,24,25,30,38,42,44,45,47],"ascension_level":0}