{"gold_per_floor":[118,268,283,208,19,19,53,53,53,53,53,11,22,47,47,118,118,130,130,149,169,169,169],"floor_reached":23,"playtime":853,"items_purged":[],"score":419,"play_id":"20f1f34c-0072-4164-b6b4-ece0b1a33d3f","local_time":"20190622141350","is_ascension_mode":true,"campfire_choices":[{"data":"Whirlwind","floor":6,"key":"SMITH"},{"data":"Armaments","floor":8,"key":"SMITH"},{"data":"Barricade","floor":10,"key":"SMITH"},{"floor":15,"key":"REST"}],"neow_cost":"NONE","seed_source_timestamp":67495807003930,"circlet_count":0,"master_deck":["AscendersBane","Defend_R","Defend_R","Defend_R","Defend_R","Bash+1","Armaments+1","Clothesline","Whirlwind+1","Corruption","Shrug It Off","Barricade+1","Inflame","Rampage","Impervious","Feed","Ghostly Armor","Bite","Bite","Bite","Bite","Bite"],"relics":["Burning Blood","Turnip","Kunai","Boot","Self Forming Clay","Sozu"],"potions_floor_usage":[16,16,20],"damage_taken":[{"damage":7,"enemies":"2 Louse","floor":1,"turns":3},{"damage":7,"enemies":"Small Slimes","floor":3,"turns":4},{"damage":27,"enemies":"3 Sentries","floor":7,"turns":5},{"damage":12,"enemies":"Jaw Worm","floor":13,"turns":4},{"damage":25,"enemies":"Lagavulin","floor":14,"turns":7},{"damage":35,"enemies":"Slime Boss","floor":16,"turns":15},{"damage":10,"enemies":"Spheric Guardian","floor":18,"turns":9},{"damage":9,"enemies":"3 Byrds","floor":20,"turns":5},{"damage":30,"enemies":"Snake Plant","floor":21,"turns":7},{"damage":44,"enemies":"Slavers","floor":23,"turns":3}],"seed_played":"-596542594956051842","potions_obtained":[{"floor":3,"key":"SpeedPotion"},{"floor":7,"key":"Ancient Potion"},{"floor":16,"key":"Poison Potion"}],"is_trial":false,"path_per_floor":["M","?","M","?","$","R","E","R","T","R","?","$","M","E","R","B",null,"M","?","M","M","?","E"],"character_chosen":"IRONCLAD","items_purchased":["Whirlwind","Corruption","Shrug It Off","Inflame"],"campfire_rested":1,"item_purchase_floors":[5,5,5,12],"current_hp_per_floor":[67,67,66,66,66,66,45,45,45,45,40,40,34,15,37,8,58,57,57,57,36,36,0],"gold":169,"neow_bonus":"UPGRADE_CARD","is_prod":false,"is_daily":false,"chose_seed":false,"campfire_upgraded":3,"win_rate":0,"timestamp":1561227230,"path_taken":["M","?","M","?","$","R","E","R","T","R","?","$","M","E","R","BOSS","M","?","M","M","?","E"],"build_version":"2019-01-23","purchased_purges":0,"victory":false,"max_hp_per_floor":[75,75,75,75,75,75,75,75,75,75,75,75,75,75,75,75,75,78,78,81,84,58,58],"card_choices":[{"not_picked":["Body Slam","Second Wind"],"picked":"Armaments","floor":1},{"not_picked":["Clash","Heavy Blade"],"picked":"Clothesline","floor":3},{"not_picked":["Iron Wave","Wild Strike"],"picked":"Barricade","floor":7},{"not_picked":["Carnage","Dual Wield"],"picked":"Rampage","floor":13},{"not_picked":["Cleave","Shockwave"],"picked":"Impervious","floor":14},{"not_picked":["Berserk","Double Tap"],"picked":"Feed","floor":16},{"not_picked":["Cleave","Whirlwind","Carnage"],"picked":"SKIP","floor":18},{"not_picked":["Cleave","Dropkick","Bloodletting"],"picked":"SKIP","floor":20},{"not_picked":["Corruption","Armaments"],"picked":"Ghostly Armor","floor":21}],"player_experience":959031,"relics_obtained":[{"floor":7,"key":"Turnip"},{"floor":9,"key":"Kunai"},{"floor":14,"key":"Self Forming Clay"}],"event_choices":[{"damage_healed":0,"gold_gain":150,"player_choice":"AGREE","damage_taken":0,"max_hp_gain":0,"max_hp_loss":0,"event_name":"Liars Game","floor":2,"gold_loss":0,"cards_obtained":["Doubt"]},{"cards_removed":["Doubt"],"damage_healed":0,"gold_gain":0,"player_choice":"Card Removal","damage_taken":0,"max_hp_gain":0,"max_hp_loss":0,"event_name":"The Cleric","floor":4,"gold_loss":75},{"damage_healed":0,"gold_gain":0,"player_choice":"Success","damage_taken":5,"relics_obtained":["Boot"],"max_hp_gain":0,"max_hp_loss":0,"event_name":"Scrap Ooze","floor":11,"gold_loss":0},{"damage_healed":0,"gold_gain":0,"player_choice":"Ignored","damage_taken":0,"max_hp_gain":0,"max_hp_loss":0,"event_name":"Beggar","floor":19,"gold_loss":0},{"damage_healed":0,"gold_gain":0,"player_choice":"Became a vampire","damage_taken":0,"max_hp_gain":0,"max_hp_loss":26,"event_name":"Vampires","floor":22,"gold_loss":0,"cards_obtained":["Bite","Bite","Bite","Bite","Bite"]}],"is_beta":false,"boss_relics":[{"not_picked":["Orrery","Runic Dome"],"picked":"Sozu"}],"items_purged_floors":[],"is_endless":false,"potions_floor_spawned":[3,7,16],"killed_by":"Slavers","ascension_level":20}