{"gold_per_floor":[12,23,36,36,36,36,311,329,353,353,353,368,385,400,400,400],"floor_reached":16,"playtime":438,"items_purged":[],"score":160,"play_id":"36f91657-629b-4049-9d9e-460d8145a50a","local_time":"20190429230919","is_ascension_mode":true,"campfire_choices":[{"data":"Body Slam","floor":6,"key":"SMITH"},{"data":"Flame Barrier","floor":10,"key":"SMITH"},{"data":"Bludgeon","floor":15,"key":"SMITH"}],"neow_cost":"NO_GOLD","seed_source_timestamp":270152028013081,"circlet_count":0,"master_deck":["AscendersBane","Strike_R","Strike_R","Strike_R","Strike_R","Strike_R","Defend_R","Defend_R","Defend_R","Defend_R","Bash","Inflame+1","Body Slam+1","Cleave","Regret","Regret","Flame Barrier+1","Flame Barrier","Pummel","Bludgeon+1"],"relics":["Burning Blood","Turnip","Boot","Bag of Preparation"],"potions_floor_usage":[12,12,16,16],"damage_taken":[{"damage":13,"enemies":"Jaw Worm","floor":1,"turns":5},{"damage":0,"enemies":"Small Slimes","floor":2,"turns":3},{"damage":6,"enemies":"Cultist","floor":3,"turns":3},{"damage":24,"enemies":"Exordium Wildlife","floor":8,"turns":5},{"damage":13,"enemies":"Gremlin Gang","floor":12,"turns":4},{"damage":18,"enemies":"Looter","floor":13,"turns":3},{"damage":7,"enemies":"Exordium Thugs","floor":14,"turns":5},{"damage":42,"enemies":"Slime Boss","floor":16,"turns":6}],"seed_played":"-7783164573548920069","potions_obtained":[{"floor":1,"key":"Fire Potion"},{"floor":3,"key":"SpeedPotion"},{"floor":12,"key":"Ancient Potion"},{"floor":13,"key":"Block Potion"}],"is_trial":false,"path_per_floor":["M","M","M","?","$","R","?","M","T","R","?","M","M","M","R","B"],"character_chosen":"IRONCLAD","items_purchased":[],"campfire_rested":0,"item_purchase_floors":[],"current_hp_per_floor":[61,67,67,67,67,67,67,49,49,49,49,42,30,29,29,0],"gold":400,"neow_bonus":"ONE_RARE_RELIC","is_prod":false,"is_daily":false,"chose_seed":false,"campfire_upgraded":3,"win_rate":0,"timestamp":1556604559,"path_taken":["M","M","M","?","$","R","?","?","T","R","?","M","?","M","R","BOSS"],"build_version":"2019-01-23","purchased_purges":0,"victory":false,"max_hp_per_floor":[75,75,75,75,75,75,75,75,75,75,75,75,75,75,75,75],"card_choices":[{"not_picked":["Seeing Red","Second Wind"],"picked":"Inflame","floor":1},{"not_picked":["Flex","Armaments"],"picked":"Body Slam","floor":2},{"not_picked":["Pummel","Heavy Blade"],"picked":"Cleave","floor":3},{"not_picked":["Shrug It Off","Clothesline"],"picked":"Flame Barrier","floor":8},{"not_picked":["Heavy Blade","Shrug It Off"],"picked":"Flame Barrier","floor":12},{"not_picked":["Rampage","Havoc"],"picked":"Pummel","floor":13},{"not_picked":["Clothesline","Evolve"],"picked":"Bludgeon","floor":14}],"player_experience":842911,"relics_obtained":[{"floor":9,"key":"Bag of Preparation"}],"event_choices":[{"damage_healed":0,"gold_gain":0,"player_choice":"Box","damage_taken":0,"relics_obtained":["Boot"],"max_hp_gain":0,"max_hp_loss":0,"event_name":"Big Fish","floor":4,"gold_loss":0,"cards_obtained":["Regret"]},{"damage_healed":0,"gold_gain":275,"player_choice":"Desecrate","damage_taken":0,"max_hp_gain":0,"max_hp_loss":0,"event_name":"Golden Shrine","floor":7,"gold_loss":0,"cards_obtained":["Regret"]},{"damage_healed":0,"gold_gain":0,"player_choice":"Upgraded","damage_taken":0,"max_hp_gain":0,"max_hp_loss":0,"event_name":"Upgrade Shrine","floor":11,"gold_loss":0,"cards_upgraded":["Inflame"]}],"is_beta":false,"boss_relics":[],"items_purged_floors":[],"is_endless":false,"potions_floor_spawned":[1,3,12,13],"killed_by":"Slime Boss","ascension_level":14}