{"gold_per_floor":[116,129,146,160,4,32,44,63,63,63,77,112,112,127,127,127],"floor_reached":16,"playtime":1189,"items_purged":[],"score":116,"play_id":"fb6d8c2a-7e3b-4d50-a842-b1408b5ae51f","local_time":"20190128150246","is_ascension_mode":false,"campfire_choices":[{"floor":10,"key":"REST"},{"floor":15,"key":"REST"}],"neow_cost":"NONE","seed_source_timestamp":879070264543498,"circlet_count":0,"master_deck":["Defend_G","Defend_G","Defend_G","Defend_G","Defend_G","Strike_G","Strike_G","Strike_G","Strike_G","Survivor","Neutralize","Finisher","Slice","Accuracy","Cloak And Dagger","Storm of Steel","Poisoned Stab","Backflip","Backstab","Envenom","Finisher","Leg Sweep","Catalyst"],"relics":["Ring of the Snake","Bag of Marbles","Snake Skull","Question Card","Dream Catcher"],"potions_floor_usage":[],"damage_taken":[{"damage":0,"enemies":"Jaw Worm","floor":1,"turns":4},{"damage":0,"enemies":"Cultist","floor":2,"turns":1},{"damage":0,"enemies":"2 Louse","floor":3,"turns":2},{"damage":8,"enemies":"Lots of Slimes","floor":4,"turns":4},{"damage":35,"enemies":"3 Sentries","floor":6,"turns":9},{"damage":13,"enemies":"2 Fungi Beasts","floor":7,"turns":3},{"damage":7,"enemies":"3 Louse","floor":8,"turns":3},{"damage":0,"enemies":"Looter","floor":11,"turns":1},{"damage":12,"enemies":"Gremlin Nob","floor":12,"turns":3},{"damage":2,"enemies":"Blue Slaver","floor":14,"turns":3},{"damage":35,"enemies":"Slime Boss","floor":16,"turns":7}],"seed_played":"-2693904919461366100","potions_obtained":[{"floor":3,"key":"Energy Potion"},{"floor":4,"key":"SteroidPotion"},{"floor":6,"key":"GamblersBrew"},{"floor":11,"key":"Block Potion"}],"is_trial":false,"path_per_floor":["M","M","M","M","$","E","M","M","T","R","M","E","?","M","R","B"],"character_chosen":"THE_SILENT","items_purchased":["Storm of Steel"],"campfire_rested":2,"item_purchase_floors":[5],"current_hp_per_floor":[70,70,70,62,62,27,14,7,7,28,28,16,16,14,35,0],"gold":127,"neow_bonus":"RANDOM_COMMON_RELIC","is_prod":false,"is_daily":false,"chose_seed":false,"campfire_upgraded":0,"win_rate":0.0,"timestamp":1548705766,"path_taken":["M","M","M","M","$","E","M","M","T","R","M","E","?","M","R","BOSS"],"build_version":"2019-01-23","purchased_purges":0,"victory":false,"max_hp_per_floor":[70,70,70,70,70,70,70,70,70,70,70,70,70,70,70,70],"card_choices":[{"not_picked":["Blade Dance","Accuracy"],"picked":"Finisher","floor":1},{"not_picked":["PiercingWail","Sucker Punch"],"picked":"Slice","floor":2},{"not_picked":["All Out Attack","Bane"],"picked":"Accuracy","floor":3},{"not_picked":["Flying Knee","Choke"],"picked":"Cloak And Dagger","floor":4},{"not_picked":["Footwork","Cloak And Dagger"],"picked":"Poisoned Stab","floor":6},{"not_picked":["Flying Knee","Escape Plan"],"picked":"Backflip","floor":7},{"not_picked":["Deadly Poison","Dagger Throw"],"picked":"Backstab","floor":8},{"not_picked":["Slice","Cloak And Dagger","Endless Agony"],"picked":"Envenom","floor":11},{"not_picked":["Skewer","Bane","Outmaneuver"],"picked":"Finisher","floor":12},{"not_picked":["Heel Hook","Riddle With Holes","Underhanded Strike"],"picked":"Leg Sweep","floor":14},{"not_picked":["Dodge and Roll","Predator","Sucker Punch"],"picked":"Catalyst","floor":15}],"player_experience":47524,"relics_obtained":[{"floor":6,"key":"Snake Skull"},{"floor":9,"key":"Question Card"},{"floor":12,"key":"Dream Catcher"}],"event_choices":[{"cards_removed":["Strike_G"],"damage_healed":0,"gold_gain":0,"player_choice":"Card Removal","damage_taken":0,"max_hp_gain":0,"max_hp_loss":0,"event_name":"Wheel of Change","floor":13,"gold_loss":0}],"is_beta":false,"boss_relics":[],"items_purged_floors":[],"is_endless":false,"potions_floor_spawned":[3,4,6,11,14],"killed_by":"Slime Boss","ascension_level":0}