{"gold_per_floor":[119,139,152,152,77,102,118,78,147,322,322,348,358,358,358,358],"floor_reached":16,"playtime":628,"items_purged":["Strike_R"],"score":132,"play_id":"873db1c4-156e-4a36-bb19-a79ec423b63b","local_time":"20190629161022","is_ascension_mode":true,"campfire_choices":[{"floor":11,"key":"REST"},{"floor":15,"key":"REST"}],"neow_cost":"NONE","seed_source_timestamp":572978642991094,"circlet_count":0,"master_deck":["Strike_R","Strike_R","Strike_R","Defend_R","Defend_R","Defend_R","Defend_R","Bash","Cleave","Ghostly Armor","Dropkick","Battle Trance","Headbutt","Rampage","Doubt","Dropkick","Headbutt","Wild Strike+1"],"relics":["Burning Blood","Dream Catcher","Du-Vu Doll","Frozen Egg 2","Blood Vial","Molten Egg 2"],"potions_floor_usage":[6,7],"damage_taken":[{"damage":6,"enemies":"Cultist","floor":1,"turns":4},{"damage":10,"enemies":"Small Slimes","floor":2,"turns":4},{"damage":14,"enemies":"Jaw Worm","floor":3,"turns":6},{"damage":50,"enemies":"Lagavulin","floor":6,"turns":7},{"damage":5,"enemies":"3 Louse","floor":7,"turns":3},{"damage":10,"enemies":"3 Sentries","floor":12,"turns":7},{"damage":8,"enemies":"Large Slime","floor":13,"turns":7},{"damage":68,"enemies":"Hexaghost","floor":16,"turns":8}],"seed_played":"3909203268422789870","potions_obtained":[{"floor":2,"key":"SteroidPotion"},{"floor":6,"key":"FearPotion"}],"is_trial":false,"path_per_floor":["M","M","M","?","$","E","M","$","T","?","R","E","M","?","R","B"],"character_chosen":"IRONCLAD","items_purchased":["Rampage"],"campfire_rested":2,"item_purchase_floors":[8],"current_hp_per_floor":[80,76,68,68,68,24,25,25,25,25,49,45,45,42,66,0],"gold":358,"neow_bonus":"RANDOM_COMMON_RELIC","is_prod":false,"is_daily":false,"chose_seed":false,"campfire_upgraded":0,"win_rate":0,"timestamp":1561849822,"path_taken":["M","M","M","?","?","E","M","$","T","?","R","E","?","?","R","BOSS"],"build_version":"2019-01-23","purchased_purges":1,"victory":false,"max_hp_per_floor":[80,80,80,80,80,80,80,80,80,80,80,80,80,80,80,80],"card_choices":[{"not_picked":["Havoc","Clothesline"],"picked":"Cleave","floor":1},{"not_picked":["Combust","Corruption"],"picked":"Ghostly Armor","floor":2},{"not_picked":["Armaments","Sword Boomerang"],"picked":"Dropkick","floor":3},{"not_picked":["Entrench","Metallicize"],"picked":"Battle Trance","floor":6},{"not_picked":["Pommel Strike","Wild Strike"],"picked":"Headbutt","floor":7},{"not_picked":["Burning Pact","Reaper"],"picked":"Dropkick","floor":12},{"not_picked":["Flex","Perfected Strike"],"picked":"Headbutt","floor":13},{"not_picked":["True Grit","Pommel Strike+1"],"picked":"Wild Strike+1","floor":15}],"player_experience":528473,"relics_obtained":[{"floor":6,"key":"Du-Vu Doll"},{"floor":9,"key":"Frozen Egg 2"},{"floor":12,"key":"Blood Vial"}],"event_choices":[{"cards_removed":["Strike_R"],"damage_healed":0,"gold_gain":0,"player_choice":"Offered Basic","damage_taken":0,"max_hp_gain":0,"max_hp_loss":0,"event_name":"Bonfire Elementals","floor":4,"gold_loss":0},{"damage_healed":0,"gold_gain":175,"player_choice":"AGREE","damage_taken":0,"max_hp_gain":0,"max_hp_loss":0,"event_name":"Liars Game","floor":10,"gold_loss":0,"cards_obtained":["Doubt"]},{"damage_healed":0,"gold_gain":0,"player_choice":"Success","damage_taken":3,"relics_obtained":["Molten Egg 2"],"max_hp_gain":0,"max_hp_loss":0,"event_name":"Scrap Ooze","floor":14,"gold_loss":0}],"is_beta":false,"boss_relics":[],"items_purged_floors":[5],"is_endless":false,"potions_floor_spawned":[2,6],"killed_by":"Hexaghost","ascension_level":4}