{"gold_per_floor":[116,116,132,157,180,180,205,224,224,224,237,256,256,275,275,403,403,419,379,399,399,85,85,118,118,168,187,187],"floor_reached":28,"playtime":1381,"items_purged":[],"score":257,"play_id":"0b3b8119-5082-4b77-b268-135db486b30b","local_time":"20190604013241","is_ascension_mode":true,"campfire_choices":[{"data":"Armaments","floor":6,"key":"SMITH"},{"floor":10,"key":"REST"},{"floor":15,"key":"REST"},{"data":"Double Tap","floor":23,"key":"SMITH"},{"data":"Demon Form","floor":25,"key":"SMITH"}],"neow_cost":"NONE","seed_source_timestamp":710202745573827,"circlet_count":0,"master_deck":["Strike_R","Strike_R","Strike_R","Strike_R+1","Defend_R","Defend_R","Defend_R","Defend_R","Bash","Armaments+1","Cleave","Flame Barrier","Double Tap+1","Flex","Pommel Strike","Intimidate","Inflame","Demon Form+1","Heavy Blade+1","Battle Trance+1","Rampage","Dark Shackles","Heavy Blade"],"relics":["Burning Blood","Golden Idol","Kunai","Eternal Feather","Whetstone","Mercury Hourglass","Anchor"],"potions_floor_usage":[5,12,16,20,20,20,24,24,24],"damage_taken":[{"damage":9,"enemies":"Jaw Worm","floor":1,"turns":3},{"damage":3,"enemies":"Small Slimes","floor":3,"turns":5},{"damage":6,"enemies":"Cultist","floor":4,"turns":3},{"damage":23,"enemies":"Exordium Wildlife","floor":5,"turns":7},{"damage":39,"enemies":"Exordium Thugs","floor":7,"turns":4},{"damage":8,"enemies":"Blue Slaver","floor":8,"turns":4},{"damage":2,"enemies":"Large Slime","floor":11,"turns":5},{"damage":8,"enemies":"Red Slaver","floor":12,"turns":3},{"damage":3,"enemies":"Looter","floor":14,"turns":3},{"damage":58,"enemies":"The Guardian","floor":16,"turns":12},{"damage":20,"enemies":"Chosen","floor":18,"turns":6},{"damage":0,"enemies":"3 Byrds","floor":20,"turns":2},{"damage":35,"enemies":"Gremlin Leader","floor":24,"turns":6},{"damage":42,"enemies":"Snake Plant","floor":27,"turns":4},{"damage":29,"enemies":"Centurion and Healer","floor":28,"turns":5}],"seed_played":"-8436957525263046214","potions_obtained":[{"floor":1,"key":"Weak Potion"},{"floor":8,"key":"BloodPotion"},{"floor":11,"key":"Poison Potion"},{"floor":14,"key":"SkillPotion"},{"floor":19,"key":"Explosive Potion"},{"floor":19,"key":"Fruit Juice"},{"floor":19,"key":"SkillPotion"},{"floor":20,"key":"Poison Potion"},{"floor":21,"key":"FearPotion"},{"floor":21,"key":"LiquidBronze"}],"is_trial":false,"path_per_floor":["M","?","M","M","M","R","M","M","T","R","M","M","?","M","R","B",null,"M","?","M","?","$","R","E","R","T","M","M"],"character_chosen":"IRONCLAD","items_purchased":["Whetstone","Rampage","Dark Shackles"],"campfire_rested":2,"item_purchase_floors":[22,22,22],"current_hp_per_floor":[77,74,74,74,57,57,24,22,22,44,48,46,46,49,71,19,74,60,60,71,71,71,79,50,62,62,26,0],"gold":187,"neow_bonus":"TRANSFORM_CARD","is_prod":false,"is_daily":false,"chose_seed":false,"campfire_upgraded":3,"win_rate":0,"timestamp":1559637161,"path_taken":["M","?","M","M","M","R","M","M","T","R","M","M","?","M","R","BOSS","M","?","?","?","$","R","E","R","T","M","M"],"build_version":"2019-01-23","purchased_purges":0,"victory":false,"max_hp_per_floor":[80,74,74,74,74,74,74,74,74,74,74,74,74,74,74,74,74,74,74,79,79,79,79,79,79,79,79,79],"card_choices":[{"not_picked":["Flex","Headbutt"],"picked":"Cleave","floor":1},{"not_picked":["Heavy Blade","Clash","Disarm"],"picked":"SKIP","floor":3},{"not_picked":["Body Slam","Shrug It Off"],"picked":"Flame Barrier","floor":4},{"not_picked":["Shrug It Off","Clothesline"],"picked":"Double Tap","floor":5},{"not_picked":["Fire Breathing","Pommel Strike"],"picked":"Flex","floor":7},{"not_picked":["Wild Strike","Fire Breathing"],"picked":"Pommel Strike","floor":8},{"not_picked":["Pommel Strike","Sword Boomerang","Clash"],"picked":"SKIP","floor":11},{"not_picked":["Sword Boomerang","Armaments"],"picked":"Intimidate","floor":12},{"not_picked":["Bloodletting","Wild Strike"],"picked":"Inflame","floor":14},{"not_picked":["Exhume","Feed"],"picked":"Demon Form","floor":16},{"not_picked":["True Grit","Wild Strike"],"picked":"Heavy Blade","floor":18},{"not_picked":["Second Wind","Searing Blow"],"picked":"Battle Trance+1","floor":20},{"not_picked":["Combust","Pommel Strike","Shockwave"],"picked":"SKIP","floor":24},{"not_picked":["Carnage","Pommel Strike"],"picked":"Heavy Blade","floor":27}],"player_experience":302239,"relics_obtained":[{"floor":9,"key":"Kunai"},{"floor":24,"key":"Mercury Hourglass"},{"floor":26,"key":"Anchor"}],"event_choices":[{"damage_healed":0,"gold_gain":0,"player_choice":"Lose Max HP","damage_taken":0,"relics_obtained":["Golden Idol"],"max_hp_gain":0,"max_hp_loss":6,"event_name":"Golden Idol","floor":2,"gold_loss":0},{"damage_healed":0,"gold_gain":0,"player_choice":"Ignored","damage_taken":0,"max_hp_gain":0,"max_hp_loss":0,"event_name":"Liars Game","floor":13,"gold_loss":0},{"damage_healed":0,"gold_gain":0,"player_choice":"Bought 3 Potions","damage_taken":0,"max_hp_gain":0,"max_hp_loss":0,"event_name":"The Woman in Blue","floor":19,"gold_loss":0},{"damage_healed":0,"gold_gain":0,"player_choice":"Got Potions","damage_taken":0,"max_hp_gain":0,"max_hp_loss":0,"event_name":"Lab","floor":21,"gold_loss":0}],"is_beta":false,"boss_relics":[{"not_picked":["Tiny House","Coffee Dripper"],"picked":"Eternal Feather"}],"items_purged_floors":[],"is_endless":false,"potions_floor_spawned":[1,8,11,14,20],"killed_by":"Centurion and Healer","ascension_level":2}