{"gold_per_floor":[14,29,29,29,48,48,82,42,66,66,86,11,26,56,56,135,135,154,173,173,187,205,205,221,238,265,265,282,282,36,64,64,141,141,156,56,56,56,66,66],"floor_reached":40,"playtime":1776,"items_purged":["Strike_G","Injury"],"score":752,"play_id":"ebc972d7-8945-4df8-83d1-c34beaa3c81a","local_time":"20190407141518","is_ascension_mode":true,"campfire_choices":[{"data":"Noxious Fumes","floor":6,"key":"SMITH"},{"floor":10,"key":"REST"},{"data":"Leg Sweep","floor":15,"key":"SMITH"},{"data":"Noxious Fumes","floor":23,"key":"SMITH"},{"floor":27,"key":"REST"},{"floor":32,"key":"REST"}],"neow_cost":"NO_GOLD","seed_source_timestamp":158508980352256,"circlet_count":0,"master_deck":["AscendersBane","Defend_G","Defend_G","Defend_G+1","Defend_G","Defend_G","Strike_G","Strike_G","Strike_G","Strike_G","Survivor","Neutralize","Noxious Fumes+1","Poisoned Stab","Footwork","Cloak And Dagger","Dash","Deadly Poison","Noxious Fumes+1","Leg Sweep+1","Caltrops","Prepared+1","Envenom","Bane","Blur+1","Backflip","Dash","Catalyst","Dagger Spray","Tools of the Trade","Footwork","Catalyst","Backflip"],"relics":["Ring of the Snake","Ice Cream","Bag of Preparation","Bronze Scales","Pen Nib","Gremlin Horn","Cursed Key","Orichalcum","War Paint","Bottled Flame","Sozu"],"potions_floor_usage":[14,14,16,31,33],"damage_taken":[{"damage":7,"enemies":"Jaw Worm","floor":1,"turns":5},{"damage":0,"enemies":"Small Slimes","floor":2,"turns":4},{"damage":2,"enemies":"Cultist","floor":5,"turns":4},{"damage":20,"enemies":"3 Sentries","floor":7,"turns":7},{"damage":0,"enemies":"Large Slime","floor":11,"turns":5},{"damage":0,"enemies":"Exordium Thugs","floor":13,"turns":5},{"damage":13,"enemies":"Gremlin Nob","floor":14,"turns":4},{"damage":1,"enemies":"Hexaghost","floor":16,"turns":10},{"damage":3,"enemies":"Shell Parasite","floor":18,"turns":5},{"damage":0,"enemies":"3 Byrds","floor":19,"turns":2},{"damage":6,"enemies":"Shelled Parasite and Fungi","floor":21,"turns":5},{"damage":8,"enemies":"Snake Plant","floor":22,"turns":4},{"damage":0,"enemies":"Centurion and Healer","floor":24,"turns":6},{"damage":22,"enemies":"Shelled Parasite and Fungi","floor":25,"turns":5},{"damage":0,"enemies":"Chosen and Byrds","floor":28,"turns":6},{"damage":8,"enemies":"Book of Stabbing","floor":31,"turns":6},{"damage":17,"enemies":"Collector","floor":33,"turns":8},{"damage":15,"enemies":"3 Darklings","floor":35,"turns":6},{"damage":2,"enemies":"Orb Walker","floor":39,"turns":4},{"damage":44,"enemies":"Reptomancer","floor":40,"turns":2}],"seed_played":"5976481154079626341","potions_obtained":[{"floor":2,"key":"EntropicBrew"},{"floor":5,"key":"Energy Potion"},{"floor":22,"key":"Energy Potion"},{"floor":33,"key":"PowerPotion"}],"is_trial":false,"path_per_floor":["M","M","?","?","M","R","E","$","T","R","M","$","M","E","R","B",null,"M","M","?","M","M","R","M","M","T","R","M","?","$","E","R","B",null,"M","$","?","$","M","E"],"character_chosen":"THE_SILENT","items_purchased":["Dash","Catalyst","War Paint"],"campfire_rested":3,"item_purchase_floors":[8,30,30],"current_hp_per_floor":[52,52,52,41,39,39,19,19,19,38,38,38,38,25,25,24,56,53,53,53,47,39,39,39,17,17,36,36,36,36,28,47,30,57,42,42,42,42,40,0],"gold":66,"neow_bonus":"ONE_RARE_RELIC","is_prod":false,"is_daily":false,"chose_seed":false,"campfire_upgraded":3,"win_rate":0,"timestamp":1554660918,"path_taken":["M","M","?","?","M","R","E","$","T","R","M","$","M","E","R","BOSS","M","M","?","M","?","R","M","M","T","R","M","?","$","E","R","BOSS","M","$","?","?","M","E"],"build_version":"2019-01-23","purchased_purges":2,"victory":false,"max_hp_per_floor":[66,66,66,66,66,66,66,66,66,66,66,66,66,66,66,66,66,66,66,66,66,66,66,66,66,66,66,66,66,66,66,66,66,66,66,66,66,66,66,66],"card_choices":[{"not_picked":["Outmaneuver","Backflip"],"picked":"Noxious Fumes","floor":1},{"not_picked":["Endless Agony","Flechettes"],"picked":"Poisoned Stab","floor":2},{"not_picked":["Cloak And Dagger","Underhanded Strike"],"picked":"Footwork","floor":5},{"not_picked":["Predator","Acrobatics"],"picked":"Cloak And Dagger","floor":7},{"not_picked":["Quick Slash","Underhanded Strike"],"picked":"Deadly Poison","floor":11},{"not_picked":["Dash","Choke"],"picked":"Noxious Fumes","floor":13},{"not_picked":["Dodge and Roll","Well Laid Plans"],"picked":"Leg Sweep","floor":14},{"not_picked":["Reflex","Riddle With Holes"],"picked":"Caltrops","floor":18},{"not_picked":["Dagger Spray","Outmaneuver"],"picked":"Prepared+1","floor":19},{"not_picked":["Skewer","Reflex","Deadly Poison"],"picked":"SKIP","floor":21},{"not_picked":["Outmaneuver","Slice"],"picked":"Bane","floor":22},{"not_picked":["Outmaneuver","Dagger Throw"],"picked":"Blur","floor":24},{"not_picked":["Blade Dance","Deflect"],"picked":"Backflip","floor":25},{"not_picked":["Acrobatics","Dagger Throw"],"picked":"Dash","floor":28},{"not_picked":["Dagger Throw","Choke"],"picked":"Dagger Spray","floor":31},{"not_picked":["Storm of Steel","Envenom"],"picked":"Tools of the Trade","floor":33},{"not_picked":["Outmaneuver","Acrobatics"],"picked":"Footwork","floor":35},{"not_picked":["Dagger Spray","Poisoned Stab"],"picked":"Backflip","floor":39}],"player_experience":535071,"relics_obtained":[{"floor":7,"key":"Bronze Scales"},{"floor":9,"key":"Pen Nib"},{"floor":14,"key":"Gremlin Horn"},{"floor":26,"key":"Orichalcum"},{"floor":31,"key":"Bottled Flame"}],"event_choices":[{"damage_healed":0,"gold_gain":0,"player_choice":"Ignored","damage_taken":0,"max_hp_gain":0,"max_hp_loss":0,"event_name":"Shining Light","floor":3,"gold_loss":0},{"damage_healed":0,"gold_gain":0,"player_choice":"Success","damage_taken":11,"relics_obtained":["Bag of Preparation"],"max_hp_gain":0,"max_hp_loss":0,"event_name":"Scrap Ooze","floor":4,"gold_loss":0},{"damage_healed":0,"gold_gain":0,"player_choice":"1 cards matched","damage_taken":0,"max_hp_gain":0,"max_hp_loss":0,"event_name":"Match and Keep!","floor":20,"gold_loss":0,"cards_obtained":["Envenom"]},{"damage_healed":0,"gold_gain":0,"player_choice":"Ignored","damage_taken":0,"max_hp_gain":0,"max_hp_loss":0,"event_name":"Vampires","floor":29,"gold_loss":0},{"damage_healed":0,"gold_gain":0,"player_choice":"Copied","damage_taken":0,"max_hp_gain":0,"max_hp_loss":0,"event_name":"Duplicator","floor":37,"gold_loss":0,"cards_obtained":["Catalyst"]}],"is_beta":false,"boss_relics":[{"not_picked":["Velvet Choker","Snecko Eye"],"picked":"Cursed Key"},{"not_picked":["Empty Cage","HoveringKite"],"picked":"Sozu"}],"items_purged_floors":[12,36],"is_endless":false,"potions_floor_spawned":[2,5,11,13,14,22,24,25,28,33,39],"killed_by":"Reptomancer","ascension_level":16}