{"gold_per_floor":[112,129,141,141,208,243,162,176,227,227,227,237,237,265,265,265],"floor_reached":16,"playtime":529,"items_purged":[],"score":165,"play_id":"7586cdfa-4b81-4e46-8f74-949e6bc8063e","local_time":"20190301074731","is_ascension_mode":true,"campfire_choices":[{"floor":10,"key":"REST"},{"data":"Noxious Fumes","floor":13,"key":"SMITH"},{"floor":15,"key":"REST"}],"neow_cost":"NONE","seed_source_timestamp":1168433302047487,"circlet_count":0,"master_deck":["AscendersBane","Defend_G","Defend_G+1","Defend_G","Defend_G","Defend_G","Strike_G","Strike_G","Strike_G","Strike_G","Strike_G","Survivor","Neutralize","After Image+1","Predator","Leg Sweep","Cloak And Dagger","Noxious Fumes+1","Adrenaline","Wraith Form v2","Cloak And Dagger","Tools of the Trade"],"relics":["Ring of the Snake","Mercury Hourglass","Oddly Smooth Stone","Bronze Scales"],"potions_floor_usage":[6,14],"damage_taken":[{"damage":0,"enemies":"Jaw Worm","floor":1,"turns":5},{"damage":5,"enemies":"Small Slimes","floor":2,"turns":4},{"damage":0,"enemies":"2 Louse","floor":3,"turns":2},{"damage":30,"enemies":"Lagavulin","floor":6,"turns":12},{"damage":0,"enemies":"Looter","floor":8,"turns":3},{"damage":5,"enemies":"Blue Slaver","floor":12,"turns":5},{"damage":28,"enemies":"Gremlin Nob","floor":14,"turns":4},{"damage":24,"enemies":"The Guardian","floor":16,"turns":2}],"seed_played":"482021976036868345","potions_obtained":[{"floor":2,"key":"SkillPotion"},{"floor":8,"key":"Poison Potion"},{"floor":14,"key":"Explosive Potion"}],"is_trial":false,"path_per_floor":["M","M","M","?","?","E","$","M","T","R","?","M","R","E","R","B"],"character_chosen":"THE_SILENT","items_purchased":["Adrenaline"],"campfire_rested":2,"item_purchase_floors":[7],"current_hp_per_floor":[63,58,58,44,44,14,14,14,14,35,35,30,30,2,23,0],"gold":265,"neow_bonus":"ONE_RANDOM_RARE_CARD","is_prod":false,"is_daily":false,"chose_seed":false,"campfire_upgraded":1,"win_rate":0,"timestamp":1551444451,"path_taken":["M","M","M","?","?","E","$","M","T","R","?","M","R","E","R","BOSS"],"build_version":"2019-01-23","purchased_purges":0,"victory":false,"max_hp_per_floor":[70,70,70,70,70,70,70,70,70,70,70,70,70,70,70,70],"card_choices":[{"not_picked":["Sucker Punch","Blade Dance"],"picked":"Predator","floor":1},{"not_picked":["Deflect","Underhanded Strike"],"picked":"Leg Sweep","floor":2},{"not_picked":["Sucker Punch","Catalyst"],"picked":"Cloak And Dagger","floor":3},{"not_picked":["Dodge and Roll","Endless Agony"],"picked":"Noxious Fumes","floor":6},{"not_picked":["Masterful Stab","Dagger Spray"],"picked":"Wraith Form v2","floor":8},{"not_picked":["Flying Knee","Sucker Punch"],"picked":"Cloak And Dagger","floor":12},{"not_picked":["Finisher","Reflex"],"picked":"Tools of the Trade","floor":14}],"player_experience":346892,"relics_obtained":[{"floor":6,"key":"Mercury Hourglass"},{"floor":9,"key":"Oddly Smooth Stone"},{"floor":14,"key":"Bronze Scales"}],"event_choices":[{"damage_healed":0,"gold_gain":0,"player_choice":"Entered Light","damage_taken":14,"max_hp_gain":0,"max_hp_loss":0,"event_name":"Shining Light","floor":4,"gold_loss":0,"cards_upgraded":["After Image","Defend_G"]},{"damage_healed":0,"gold_gain":67,"player_choice":"Gained Gold","damage_taken":0,"max_hp_gain":0,"max_hp_loss":0,"event_name":"Golden Wing","floor":5,"gold_loss":0},{"damage_healed":0,"gold_gain":0,"player_choice":"Ignored","damage_taken":0,"max_hp_gain":0,"max_hp_loss":0,"event_name":"Liars Game","floor":11,"gold_loss":0}],"is_beta":false,"boss_relics":[],"items_purged_floors":[],"is_endless":false,"potions_floor_spawned":[2,8,14],"killed_by":"The Guardian","ascension_level":10}