{"gold_per_floor":[111,111,286,303,303,335,335,360,360,360,390,390,10,26,26,98,98,116,126,126,76,87,87,114,114,114,149,161,161,111,36,36,36],"floor_reached":33,"playtime":1394,"items_purged":["Doubt","Strike_R","Strike_R"],"score":551,"play_id":"2b2bd6a3-04d3-4251-8253-0ffeae0c979c","local_time":"20190318101552","is_ascension_mode":true,"campfire_choices":[{"data":"Cleave","floor":7,"key":"SMITH"},{"data":"Armaments","floor":12,"key":"SMITH"},{"data":"Armaments","floor":15,"key":"SMITH"},{"data":"Double Tap","floor":23,"key":"SMITH"},{"floor":25,"key":"REST"},{"data":"Spot Weakness","floor":29,"key":"SMITH"},{"floor":32,"key":"REST"}],"neow_cost":"NONE","seed_source_timestamp":2641681181066473,"circlet_count":0,"master_deck":["AscendersBane","Strike_R","Strike_R","Defend_R","Defend_R","Defend_R+1","Defend_R","Bash+1","Cleave+1","Sword Boomerang","Iron Wave","Armaments+1","Armaments+1","Carnage+1","Shrug It Off","Double Tap+1","Iron Wave+1","Spot Weakness+1"],"relics":["Burning Blood","NeowsBlessing","Nunchaku","Anchor","WingedGreaves","Molten Egg 2","Smiling Mask","Meat on the Bone","Busted Crown","Dodecahedron","Singing Bowl","Blood Vial"],"potions_floor_usage":[8,18,24,33],"damage_taken":[{"damage":0,"enemies":"Jaw Worm","floor":1,"turns":1},{"damage":0,"enemies":"2 Louse","floor":4,"turns":1},{"damage":0,"enemies":"Lagavulin","floor":6,"turns":1},{"damage":26,"enemies":"Gremlin Nob","floor":8,"turns":5},{"damage":47,"enemies":"3 Sentries","floor":11,"turns":10},{"damage":0,"enemies":"Small Slimes","floor":14,"turns":3},{"damage":44,"enemies":"Slime Boss","floor":16,"turns":11},{"damage":18,"enemies":"3 Byrds","floor":18,"turns":4},{"damage":21,"enemies":"Shell Parasite","floor":19,"turns":6},{"damage":23,"enemies":"Shelled Parasite and Fungi","floor":22,"turns":7},{"damage":23,"enemies":"Slavers","floor":24,"turns":6},{"damage":53,"enemies":"Book of Stabbing","floor":27,"turns":6},{"damage":0,"enemies":"Centurion and Healer","floor":28,"turns":5},{"damage":120,"enemies":"Champ","floor":33,"turns":19}],"seed_played":"7501037135382400843","potions_obtained":[{"floor":1,"key":"FairyPotion"},{"floor":6,"key":"EssenceOfSteel"},{"floor":11,"key":"LiquidBronze"},{"floor":18,"key":"FearPotion"},{"floor":24,"key":"BloodPotion"}],"is_trial":false,"path_per_floor":["M","?","?","M","?","E","R","E","T","?","E","R","$","M","R","B",null,"M","M","?","$","M","R","E","R","T","E","M","R","$","?","R","B"],"character_chosen":"IRONCLAD","items_purchased":["Meat on the Bone","Carnage+1"],"campfire_rested":2,"item_purchase_floors":[13,13],"current_hp_per_floor":[74,67,67,73,58,64,64,44,44,69,28,28,28,46,46,20,61,49,46,46,46,41,41,36,58,58,25,47,47,47,47,70,0],"gold":36,"neow_bonus":"THREE_ENEMY_KILL","is_prod":false,"is_daily":false,"chose_seed":false,"campfire_upgraded":5,"win_rate":0,"timestamp":1552918552,"path_taken":["M","?","?","?","?","E","R","E","T","?","E","R","$","M","R","BOSS","M","M","?","$","M","R","E","R","T","E","M","R","$","?","R","BOSS"],"build_version":"2019-01-23","purchased_purges":3,"victory":false,"max_hp_per_floor":[75,75,75,75,75,75,75,75,75,75,75,75,75,75,75,75,75,75,75,75,75,75,75,75,75,75,77,79,79,79,79,79,79],"card_choices":[{"not_picked":["Pummel","Metallicize"],"picked":"Cleave","floor":1},{"not_picked":["Anger","Hemokinesis"],"picked":"Sword Boomerang","floor":4},{"not_picked":["Pummel","Evolve"],"picked":"Iron Wave","floor":6},{"not_picked":["Pommel Strike","Entrench"],"picked":"Armaments","floor":8},{"not_picked":["Rupture","Warcry"],"picked":"Armaments","floor":11},{"not_picked":["Pommel Strike+1","Sword Boomerang+1"],"picked":"Shrug It Off","floor":14},{"not_picked":["Exhume","Limit Break"],"picked":"Double Tap","floor":16},{"not_picked":["Flex"],"picked":"SKIP","floor":18},{"not_picked":[],"picked":"Iron Wave+1","floor":19},{"not_picked":["Warcry"],"picked":"SKIP","floor":22},{"not_picked":["Anger+1"],"picked":"SKIP","floor":24},{"not_picked":["Wild Strike+1"],"picked":"Singing Bowl","floor":27},{"not_picked":["Shockwave"],"picked":"Singing Bowl","floor":28}],"player_experience":414678,"relics_obtained":[{"floor":6,"key":"Anchor"},{"floor":8,"key":"WingedGreaves"},{"floor":9,"key":"Molten Egg 2"},{"floor":11,"key":"Smiling Mask"},{"floor":24,"key":"Dodecahedron"},{"floor":26,"key":"Singing Bowl"},{"floor":27,"key":"Blood Vial"}],"event_choices":[{"damage_healed":0,"gold_gain":0,"player_choice":"Success","damage_taken":7,"relics_obtained":["Nunchaku"],"max_hp_gain":0,"max_hp_loss":0,"event_name":"Scrap Ooze","floor":2,"gold_loss":0},{"damage_healed":0,"gold_gain":175,"player_choice":"AGREE","damage_taken":0,"max_hp_gain":0,"max_hp_loss":0,"event_name":"Liars Game","floor":3,"gold_loss":0,"cards_obtained":["Doubt"]},{"damage_healed":0,"gold_gain":0,"player_choice":"Entered Light","damage_taken":15,"max_hp_gain":0,"max_hp_loss":0,"event_name":"Shining Light","floor":5,"gold_loss":0,"cards_upgraded":["Bash","Defend_R"]},{"damage_healed":25,"gold_gain":0,"player_choice":"Banana","damage_taken":0,"max_hp_gain":0,"max_hp_loss":0,"event_name":"Big Fish","floor":10,"gold_loss":0},{"damage_healed":0,"gold_gain":0,"player_choice":"Read","damage_taken":0,"max_hp_gain":0,"max_hp_loss":0,"event_name":"The Library","floor":20,"gold_loss":0,"cards_obtained":["Spot Weakness"]},{"cards_removed":["Strike_R"],"damage_healed":0,"gold_gain":0,"player_choice":"Gave Gold","damage_taken":0,"max_hp_gain":0,"max_hp_loss":0,"event_name":"Beggar","floor":31,"gold_loss":75}],"is_beta":false,"boss_relics":[{"not_picked":["Philosopher\u0027s Stone","Fusion Hammer"],"picked":"Busted Crown"}],"items_purged_floors":[13,21,30],"is_endless":false,"potions_floor_spawned":[1,6,11,18,24,28],"killed_by":"Champ","ascension_level":14}