{"gold_per_floor":[110,260,260,280,298,298,9,9,9,9,9,29,64,85,85,85],"floor_reached":16,"playtime":359,"items_purged":["Doubt"],"score":180,"play_id":"ccc26c7b-ef2f-4834-938d-85e394f4dc12","local_time":"20190602174434","is_ascension_mode":true,"campfire_choices":[{"data":"BootSequence","floor":6,"key":"SMITH"},{"data":"Loop","floor":11,"key":"SMITH"},{"data":"Amplify","floor":15,"key":"SMITH"}],"neow_cost":"NONE","seed_source_timestamp":95170014231698,"circlet_count":0,"master_deck":["AscendersBane","Strike_B","Strike_B","Strike_B","Strike_B","Defend_B","Defend_B","Defend_B","Defend_B","Zap","Dualcast","Conserve Battery","BootSequence+1","Streamline","Loop+1","Amplify+1","Hello World","Conserve Battery"],"relics":["Cracked Core","NeowsBlessing","Golden Idol","Bag of Marbles","Meat on the Bone","Bottled Tornado"],"potions_floor_usage":[12,16],"damage_taken":[{"damage":0,"enemies":"Small Slimes","floor":1,"turns":1},{"damage":0,"enemies":"Jaw Worm","floor":4,"turns":1},{"damage":0,"enemies":"2 Louse","floor":5,"turns":1},{"damage":0,"enemies":"Exordium Wildlife","floor":12,"turns":1},{"damage":21,"enemies":"Lagavulin","floor":13,"turns":9},{"damage":16,"enemies":"Lots of Slimes","floor":14,"turns":4},{"damage":26,"enemies":"Hexaghost","floor":16,"turns":4}],"seed_played":"5963565566137306247","potions_obtained":[{"floor":4,"key":"AttackPotion"},{"floor":13,"key":"Swift Potion"}],"is_trial":false,"path_per_floor":["M","?","?","M","M","R","$","?","T","$","R","M","E","M","R","B"],"character_chosen":"DEFECT","items_purchased":["Loop","Amplify"],"campfire_rested":0,"item_purchase_floors":[7,7],"current_hp_per_floor":[64,64,64,64,64,64,64,38,38,38,38,38,29,25,25,0],"gold":85,"neow_bonus":"THREE_ENEMY_KILL","is_prod":false,"is_daily":false,"chose_seed":false,"campfire_upgraded":3,"win_rate":0,"timestamp":1559522674,"path_taken":["M","?","?","?","M","R","$","?","T","$","R","M","E","M","R","BOSS"],"build_version":"2019-01-23","purchased_purges":1,"victory":false,"max_hp_per_floor":[71,71,64,64,64,64,64,64,64,64,64,64,64,64,64,64],"card_choices":[{"not_picked":["Chill","Cold Snap"],"picked":"Conserve Battery","floor":1},{"not_picked":["Beam Cell","Turbo"],"picked":"BootSequence","floor":4},{"not_picked":["Skim","Barrage"],"picked":"Streamline","floor":5},{"not_picked":["Rip and Tear","Sunder"],"picked":"Hello World","floor":12},{"not_picked":["Rebound","Doom and Gloom"],"picked":"Conserve Battery","floor":13},{"not_picked":["Conserve Battery","Compile Driver","Streamline"],"picked":"SKIP","floor":14}],"player_experience":948289,"relics_obtained":[{"floor":9,"key":"Meat on the Bone"},{"floor":13,"key":"Bottled Tornado"}],"event_choices":[{"damage_healed":0,"gold_gain":150,"player_choice":"AGREE","damage_taken":0,"max_hp_gain":0,"max_hp_loss":0,"event_name":"Liars Game","floor":2,"gold_loss":0,"cards_obtained":["Doubt"]},{"damage_healed":0,"gold_gain":0,"player_choice":"Lose Max HP","damage_taken":0,"relics_obtained":["Golden Idol"],"max_hp_gain":0,"max_hp_loss":7,"event_name":"Golden Idol","floor":3,"gold_loss":0},{"damage_healed":0,"gold_gain":0,"player_choice":"Success","damage_taken":26,"relics_obtained":["Bag of Marbles"],"max_hp_gain":0,"max_hp_loss":0,"event_name":"Scrap Ooze","floor":8,"gold_loss":0}],"is_beta":false,"boss_relics":[],"items_purged_floors":[7],"is_endless":false,"potions_floor_spawned":[4,13],"killed_by":"Hexaghost","ascension_level":16}