{"gold_per_floor":[111,122,47,67,32,58,58,84,108,108,208,63,63,81,81,180,180,198,215,72,72,88,116,116,132,159,159,159,159,186,186,186,186],"floor_reached":33,"playtime":1513,"items_purged":["Strike_R"],"score":285,"play_id":"54181994-51d7-4d72-b682-d38d0a584183","local_time":"20190514092412","is_ascension_mode":true,"campfire_choices":[{"data":"Fiend Fire","floor":7,"key":"SMITH"},{"data":"Impervious","floor":13,"key":"SMITH"},{"data":"Flame Barrier","floor":15,"key":"SMITH"},{"floor":24,"key":"REST"},{"floor":27,"key":"REST"},{"floor":32,"key":"REST"}],"neow_cost":"NONE","seed_source_timestamp":73455087767963,"circlet_count":0,"master_deck":["Strike_R","Strike_R","Strike_R","Strike_R+1","Defend_R","Defend_R","Defend_R","Bash","Fiend Fire+1","Cleave","Rampage+1","Whirlwind+1","Impervious+1","Flame Barrier+1","Berserk+1","Ghostly Armor","Shrug It Off","Disarm"],"relics":["Burning Blood","Art of War","Omamori","Juzu Bracelet","Whetstone","Busted Crown","Lantern","Oddly Smooth Stone","Potion Belt","PreservedInsect"],"potions_floor_usage":[6,8,23,33],"damage_taken":[{"damage":6,"enemies":"Cultist","floor":1,"turns":3},{"damage":1,"enemies":"2 Louse","floor":2,"turns":2},{"damage":6,"enemies":"Jaw Worm","floor":4,"turns":3},{"damage":21,"enemies":"3 Sentries","floor":6,"turns":6},{"damage":4,"enemies":"Gremlin Nob","floor":8,"turns":3},{"damage":5,"enemies":"Looter","floor":14,"turns":2},{"damage":57,"enemies":"Hexaghost","floor":16,"turns":11},{"damage":19,"enemies":"2 Thieves","floor":18,"turns":4},{"damage":10,"enemies":"Shell Parasite","floor":19,"turns":5},{"damage":31,"enemies":"Sentry and Sphere","floor":22,"turns":6},{"damage":24,"enemies":"Gremlin Leader","floor":23,"turns":4},{"damage":21,"enemies":"Centurion and Healer","floor":25,"turns":4},{"damage":132,"enemies":"Automaton","floor":33,"turns":12}],"seed_played":"-6235837209321937005","potions_obtained":[{"floor":4,"key":"Fire Potion"},{"floor":6,"key":"Weak Potion"},{"floor":18,"key":"Ancient Potion"},{"floor":22,"key":"Strength Potion"}],"is_trial":false,"path_per_floor":["M","M","$","M","$","E","R","E","T","?","?","$","R","M","R","B",null,"M","M","$","?","M","E","R","M","T","R","?","?","T","?","R","B"],"character_chosen":"IRONCLAD","items_purchased":["Whirlwind","Whetstone","Lantern"],"campfire_rested":3,"item_purchase_floors":[5,12,20],"current_hp_per_floor":[80,80,80,80,80,65,65,67,67,67,67,67,67,68,68,17,80,67,63,63,63,38,20,44,29,29,53,53,53,53,53,77,0],"gold":186,"neow_bonus":"ONE_RANDOM_RARE_CARD","is_prod":false,"is_daily":false,"chose_seed":false,"campfire_upgraded":3,"win_rate":0,"timestamp":1557851052,"path_taken":["M","M","?","M","$","E","R","E","T","?","?","?","R","M","R","BOSS","M","M","$","?","M","E","R","M","T","R","?","?","?","?","R","BOSS"],"build_version":"2019-01-23","purchased_purges":1,"victory":false,"max_hp_per_floor":[80,80,80,80,80,80,80,80,80,80,80,80,80,80,80,80,80,80,80,80,80,80,80,80,80,80,80,80,80,80,80,80,80],"card_choices":[{"not_picked":["Body Slam","Infernal Blade"],"picked":"Cleave","floor":1},{"not_picked":["Flex","Thunderclap"],"picked":"Rampage","floor":2},{"not_picked":["Cleave","Clash","Havoc"],"picked":"SKIP","floor":4},{"not_picked":["Rage","Bludgeon"],"picked":"Impervious","floor":6},{"not_picked":["Twin Strike","Dropkick","Uppercut"],"picked":"SKIP","floor":8},{"not_picked":["Hemokinesis","Inflame"],"picked":"Flame Barrier","floor":14},{"not_picked":["Immolate","Demon Form"],"picked":"Berserk","floor":16},{"not_picked":["Iron Wave"],"picked":"SKIP","floor":18},{"not_picked":["Heavy Blade"],"picked":"SKIP","floor":19},{"not_picked":["Dual Wield+1"],"picked":"SKIP","floor":22},{"not_picked":[],"picked":"Ghostly Armor","floor":23},{"not_picked":[],"picked":"Shrug It Off","floor":25}],"player_experience":192469,"relics_obtained":[{"floor":6,"key":"Art of War"},{"floor":8,"key":"Omamori"},{"floor":9,"key":"Juzu Bracelet"},{"floor":23,"key":"Oddly Smooth Stone"},{"floor":26,"key":"Potion Belt"},{"floor":30,"key":"PreservedInsect"}],"event_choices":[{"damage_healed":0,"gold_gain":0,"player_choice":"Upgraded","damage_taken":0,"max_hp_gain":0,"max_hp_loss":0,"event_name":"Upgrade Shrine","floor":10,"gold_loss":0,"cards_upgraded":["Whirlwind"]},{"damage_healed":0,"gold_gain":100,"player_choice":"Pray","damage_taken":0,"max_hp_gain":0,"max_hp_loss":0,"event_name":"Golden Shrine","floor":11,"gold_loss":0},{"damage_healed":0,"gold_gain":0,"player_choice":"Ignored","damage_taken":0,"max_hp_gain":0,"max_hp_loss":0,"event_name":"Beggar","floor":21,"gold_loss":0},{"damage_healed":0,"gold_gain":0,"player_choice":"Forge","damage_taken":0,"max_hp_gain":0,"max_hp_loss":0,"event_name":"Accursed Blacksmith","floor":28,"gold_loss":0,"cards_upgraded":["Berserk"]},{"damage_healed":0,"gold_gain":0,"player_choice":"Ignored","damage_taken":0,"max_hp_gain":0,"max_hp_loss":0,"event_name":"Vampires","floor":29,"gold_loss":0},{"damage_healed":0,"gold_gain":0,"cards_transformed":["Defend_R"],"player_choice":"Transformed","damage_taken":0,"max_hp_gain":0,"max_hp_loss":0,"event_name":"Transmorgrifier","floor":31,"gold_loss":0,"cards_obtained":["Disarm"]}],"is_beta":false,"boss_relics":[{"not_picked":["Snecko Eye","White Beast Statue"],"picked":"Busted Crown"}],"items_purged_floors":[3],"is_endless":false,"potions_floor_spawned":[4,6,18,22],"killed_by":"Automaton","ascension_level":1}