{"gold_per_floor":[116,128,146,166,146,176,176,202,227,242,277,297,316,330,330,431,431,442,462,462],"floor_reached":20,"playtime":1104,"items_purged":[],"score":225,"play_id":"9c67a026-4a11-45cf-99e9-88ba9f0354f2","local_time":"20190428162517","is_ascension_mode":false,"campfire_choices":[{"floor":7,"key":"REST"},{"floor":15,"key":"REST"}],"neow_cost":"NONE","seed_source_timestamp":24976215336474,"circlet_count":0,"master_deck":["Strike_R","Strike_R","Strike_R","Defend_R","Defend_R","Defend_R","Defend_R","Bash","Demon Form","Wild Strike","Perfected Strike","Perfected Strike","Wild Strike","Inflame","Rage","Anger","Perfected Strike","Anger","Immolate","Fire Breathing","Perfected Strike"],"relics":["Burning Blood","Strawberry","Bag of Preparation","Potion Belt","Smiling Mask","Empty Cage"],"potions_floor_usage":[],"damage_taken":[{"damage":8,"enemies":"Small Slimes","floor":1,"turns":4},{"damage":6,"enemies":"Cultist","floor":2,"turns":3},{"damage":0,"enemies":"2 Louse","floor":3,"turns":1},{"damage":5,"enemies":"Looter","floor":4,"turns":2},{"damage":36,"enemies":"Lagavulin","floor":6,"turns":6},{"damage":26,"enemies":"3 Sentries","floor":8,"turns":6},{"damage":16,"enemies":"Lots of Slimes","floor":10,"turns":4},{"damage":22,"enemies":"Gremlin Nob","floor":11,"turns":4},{"damage":3,"enemies":"Exordium Wildlife","floor":12,"turns":3},{"damage":16,"enemies":"Exordium Thugs","floor":13,"turns":3},{"damage":4,"enemies":"2 Fungi Beasts","floor":14,"turns":2},{"damage":11,"enemies":"Slime Boss","floor":16,"turns":6},{"damage":24,"enemies":"2 Thieves","floor":18,"turns":3},{"damage":42,"enemies":"Shell Parasite","floor":19,"turns":5},{"damage":35,"enemies":"Cultist and Chosen","floor":20,"turns":6}],"seed_played":"5876762071407534328","potions_obtained":[{"floor":2,"key":"Strength Potion"},{"floor":3,"key":"Swift Potion"},{"floor":5,"key":"Explosive Potion"},{"floor":10,"key":"EntropicBrew"},{"floor":13,"key":"Regen Potion"}],"is_trial":false,"path_per_floor":["M","M","M","M","?","E","R","E","T","M","E","M","M","M","R","B",null,"M","M","M"],"character_chosen":"IRONCLAD","items_purchased":[],"campfire_rested":2,"item_purchase_floors":[],"current_hp_per_floor":[78,78,80,80,80,57,83,63,63,53,37,40,30,32,58,53,87,69,33,0],"gold":462,"neow_bonus":"ONE_RANDOM_RARE_CARD","is_prod":false,"is_daily":false,"chose_seed":false,"campfire_upgraded":0,"win_rate":0.0,"timestamp":1556493917,"path_taken":["M","M","M","M","?","E","R","E","T","M","E","M","M","M","R","BOSS","M","M","M"],"build_version":"2019-01-23","purchased_purges":0,"victory":false,"max_hp_per_floor":[80,80,80,80,80,87,87,87,87,87,87,87,87,87,87,87,87,87,87,87],"card_choices":[{"not_picked":["Iron Wave","Rage"],"picked":"Wild Strike","floor":1},{"not_picked":["Limit Break","True Grit"],"picked":"Perfected Strike","floor":2},{"not_picked":["Warcry","Rampage"],"picked":"Perfected Strike","floor":3},{"not_picked":["Ghostly Armor","Anger"],"picked":"Wild Strike","floor":4},{"not_picked":["Rupture","Thunderclap"],"picked":"Inflame","floor":6},{"not_picked":["Bludgeon","Juggernaut"],"picked":"Rage","floor":8},{"not_picked":["Headbutt","Havoc"],"picked":"Anger","floor":10},{"not_picked":["Dual Wield","Sentinel"],"picked":"Perfected Strike","floor":11},{"not_picked":["Demon Form","Sword Boomerang","Warcry"],"picked":"SKIP","floor":12},{"not_picked":["Warcry","Pummel"],"picked":"Anger","floor":13},{"not_picked":["Thunderclap","Sentinel","Reckless Charge"],"picked":"SKIP","floor":14},{"not_picked":["Barricade","Dark Embrace"],"picked":"Immolate","floor":16},{"not_picked":["Power Through","Cleave"],"picked":"Fire Breathing","floor":18},{"not_picked":["Battle Trance","Intimidate"],"picked":"Perfected Strike","floor":19}],"player_experience":42992,"relics_obtained":[{"floor":6,"key":"Strawberry"},{"floor":8,"key":"Bag of Preparation"},{"floor":9,"key":"Potion Belt"},{"floor":11,"key":"Smiling Mask"}],"event_choices":[{"damage_healed":0,"gold_gain":0,"player_choice":"Bought 1 Potion","damage_taken":0,"max_hp_gain":0,"max_hp_loss":0,"event_name":"The Woman in Blue","floor":5,"gold_loss":0}],"is_beta":false,"boss_relics":[{"not_picked":["Astrolabe","Black Star"],"picked":"Empty Cage"}],"items_purged_floors":[],"is_endless":false,"potions_floor_spawned":[2,3,6,10,13,16,19],"killed_by":"Cultist and Chosen","ascension_level":0}