{"gold_per_floor":[117,117,117,42,57,90,90,100,127,139,156,182,182,197,197,276,276,293,303,327,358,260,272,295,307,319,346,375,398,37,50,50,121,121,140,11,11,11,29,29,0,0,71,71,87,87,117,133,133,133],"floor_reached":51,"playtime":2447,"items_purged":["Regret"],"score":1374,"play_id":"f2475d10-83a0-480b-b82d-6511115afaea","local_time":"20190604010021","is_ascension_mode":true,"campfire_choices":[{"data":"Dash","floor":7,"key":"SMITH"},{"data":"Poisoned Stab","floor":13,"key":"SMITH"},{"data":"Poisoned Stab","floor":15,"key":"SMITH"},{"data":"Footwork","floor":23,"key":"SMITH"},{"data":"Wraith Form v2","floor":25,"key":"SMITH"},{"data":"Noxious Fumes","floor":32,"key":"SMITH"},{"data":"Wraith Form v2","floor":40,"key":"SMITH"},{"data":"Footwork","floor":42,"key":"SMITH"},{"data":"Wraith Form v2","floor":44,"key":"SMITH"},{"data":"After Image","floor":49,"key":"SMITH"}],"neow_cost":"NONE","seed_source_timestamp":1343349837951,"circlet_count":0,"master_deck":["AscendersBane","Survivor","Neutralize","Dash+1","Poisoned Stab+1","Terror","Poisoned Stab+1","Wraith Form v2+1","Footwork+1","Well Laid Plans+1","Deadly Poison","Leg Sweep","Noxious Fumes+1","PiercingWail","Footwork+1","Bouncing Flask","Wraith Form v2+1","Adrenaline","Flechettes","Wraith Form v2+1","Endless Agony","Grand Finale","Quick Slash","Bouncing Flask","Endless Agony","Footwork","Footwork","Backflip","Writhe","Cloak And Dagger","After Image+1"],"relics":["Ring of the Snake","NeowsBlessing","Oddly Smooth Stone","Mummified Hand","Dream Catcher","Paper Crane","Coffee Dripper","MawBank","Shuriken","Kunai","Pandora\u0027s Box","Red Mask","Pear","The Courier"],"potions_floor_usage":[11,12,16,16,24,29,33,50],"damage_taken":[{"damage":0,"enemies":"2 Louse","floor":1,"turns":1},{"damage":0,"enemies":"Jaw Worm","floor":5,"turns":1},{"damage":0,"enemies":"Gremlin Nob","floor":6,"turns":1},{"damage":0,"enemies":"Cultist","floor":8,"turns":3},{"damage":0,"enemies":"2 Fungi Beasts","floor":10,"turns":3},{"damage":10,"enemies":"Gremlin Gang","floor":11,"turns":6},{"damage":16,"enemies":"3 Sentries","floor":12,"turns":14},{"damage":0,"enemies":"3 Louse","floor":14,"turns":4},{"damage":1,"enemies":"The Guardian","floor":16,"turns":11},{"damage":4,"enemies":"Chosen","floor":18,"turns":4},{"damage":11,"enemies":"Shell Parasite","floor":19,"turns":5},{"damage":5,"enemies":"Snecko","floor":21,"turns":6},{"damage":2,"enemies":"3 Cultists","floor":24,"turns":5},{"damage":5,"enemies":"Sentry and Sphere","floor":27,"turns":8},{"damage":3,"enemies":"Snake Plant","floor":28,"turns":5},{"damage":1,"enemies":"Shelled Parasite and Fungi","floor":29,"turns":6},{"damage":0,"enemies":"3 Cultists","floor":31,"turns":6},{"damage":14,"enemies":"Collector","floor":33,"turns":8},{"damage":4,"enemies":"3 Darklings","floor":35,"turns":5},{"damage":1,"enemies":"3 Shapes","floor":39,"turns":6},{"damage":0,"enemies":"Jaw Worm Horde","floor":45,"turns":6},{"damage":1,"enemies":"Giant Head","floor":47,"turns":9},{"damage":1,"enemies":"Sphere and 2 Shapes","floor":48,"turns":6},{"damage":27,"enemies":"Time Eater","floor":50,"turns":13}],"seed_played":"5546752337979354811","potions_obtained":[{"floor":5,"key":"Swift Potion"},{"floor":6,"key":"GhostInAJar"},{"floor":11,"key":"Ancient Potion"},{"floor":12,"key":"SpeedPotion"},{"floor":18,"key":"Explosive Potion"},{"floor":21,"key":"AttackPotion"},{"floor":24,"key":"Strength Potion"},{"floor":27,"key":"AttackPotion"},{"floor":39,"key":"Strength Potion"},{"floor":47,"key":"SteroidPotion"}],"is_trial":false,"path_per_floor":["M","?","?","$","M","E","R","M","T","M","M","E","R","M","R","B",null,"M","M","T","M","?","R","M","R","T","M","M","M","$","M","R","B",null,"M","$","?","?","M","R","?","R","T","R","M","?","E","M","R","B",null],"character_chosen":"THE_SILENT","items_purchased":["Kunai","Footwork","Footwork","Backflip"],"campfire_rested":0,"item_purchase_floors":[30,30,36,36],"current_hp_per_floor":[59,59,39,39,39,39,39,39,39,39,29,13,13,13,13,12,53,49,38,38,33,33,33,31,31,31,26,23,22,22,22,22,8,52,48,48,48,61,60,60,60,60,70,70,70,70,69,68,68,41],"gold":133,"neow_bonus":"THREE_ENEMY_KILL","is_prod":false,"is_daily":false,"chose_seed":false,"campfire_upgraded":10,"win_rate":0,"timestamp":1559624421,"path_taken":["M","?","?","?","M","E","R","M","T","M","M","E","R","M","R","BOSS","M","M","?","M","?","R","M","R","T","M","?","M","$","M","R","BOSS","M","$","?","?","M","R","?","R","T","R","?","?","E","M","R","BOSS"],"build_version":"2019-01-23","purchased_purges":1,"victory":true,"max_hp_per_floor":[66,66,66,66,66,66,66,66,66,66,66,66,66,66,66,66,66,66,66,66,66,66,66,66,66,66,66,66,66,66,66,66,66,66,66,66,66,66,66,66,66,66,76,76,76,76,76,76,76,76],"card_choices":[{"not_picked":["Sucker Punch","Blade Dance"],"picked":"Dash","floor":1},{"not_picked":["Acrobatics","Slice","Outmaneuver"],"picked":"SKIP","floor":5},{"not_picked":["Acrobatics","Concentrate","Tactician"],"picked":"SKIP","floor":6},{"not_picked":["Prepared","Acrobatics"],"picked":"Poisoned Stab","floor":8},{"not_picked":["Poisoned Stab","Quick Slash"],"picked":"Terror","floor":10},{"not_picked":["Calculated Gamble","Concentrate","Slice"],"picked":"SKIP","floor":11},{"not_picked":["Sucker Punch","Riddle With Holes"],"picked":"Poisoned Stab","floor":12},{"not_picked":["Dagger Spray","Crippling Poison","Prepared"],"picked":"SKIP","floor":14},{"not_picked":["Night Terror","Unload"],"picked":"Wraith Form v2","floor":16},{"not_picked":["All Out Attack","Deflect+1"],"picked":"Footwork","floor":18},{"not_picked":["Caltrops","Outmaneuver"],"picked":"Well Laid Plans+1","floor":19},{"not_picked":["Quick Slash","Deflect"],"picked":"Deadly Poison","floor":21},{"not_picked":["Dodge and Roll","Quick Slash"],"picked":"Leg Sweep","floor":24},{"not_picked":["Poisoned Stab","Tactician","Flying Knee+1"],"picked":"SKIP","floor":27},{"not_picked":["PiercingWail","Bullet Time"],"picked":"Noxious Fumes","floor":28},{"not_picked":["Flying Knee","Sucker Punch"],"picked":"PiercingWail","floor":29},{"not_picked":["Leg Sweep","Quick Slash"],"picked":"Bouncing Flask","floor":31},{"not_picked":["Venomology","Malaise"],"picked":"Wraith Form v2","floor":33},{"not_picked":["Underhanded Strike","Dagger Spray"],"picked":"Footwork","floor":35},{"not_picked":["Quick Slash+1","Riddle With Holes"],"picked":"Cloak And Dagger","floor":39},{"not_picked":["Finisher+1","Blade Dance","Setup+1"],"picked":"SKIP","floor":45},{"not_picked":["Deflect","PiercingWail"],"picked":"After Image","floor":47},{"not_picked":["Blade Dance","Flying Knee","Outmaneuver"],"picked":"SKIP","floor":48}],"player_experience":824563,"relics_obtained":[{"floor":6,"key":"Mummified Hand"},{"floor":9,"key":"Dream Catcher"},{"floor":12,"key":"Paper Crane"},{"floor":20,"key":"MawBank"},{"floor":26,"key":"Shuriken"},{"floor":43,"key":"Pear"},{"floor":47,"key":"The Courier"}],"event_choices":[{"damage_healed":0,"gold_gain":0,"player_choice":"Box","damage_taken":0,"relics_obtained":["Oddly Smooth Stone"],"max_hp_gain":0,"max_hp_loss":0,"event_name":"Big Fish","floor":2,"gold_loss":0,"cards_obtained":["Regret"]},{"damage_healed":0,"gold_gain":0,"player_choice":"Entered Light","damage_taken":20,"max_hp_gain":0,"max_hp_loss":0,"event_name":"Shining Light","floor":3,"gold_loss":0,"cards_upgraded":["Strike_G","Defend_G"]},{"cards_removed":["Strike_G"],"damage_healed":0,"gold_gain":0,"player_choice":"Upgrade and Remove","damage_taken":0,"max_hp_gain":0,"max_hp_loss":0,"event_name":"Designer","floor":22,"gold_loss":110,"cards_upgraded":["Defend_G"]},{"damage_healed":0,"gold_gain":0,"player_choice":"Ignored","damage_taken":0,"max_hp_gain":0,"max_hp_loss":0,"event_name":"Mysterious Sphere","floor":37,"gold_loss":0},{"damage_healed":13,"gold_gain":0,"player_choice":"Writhe","damage_taken":0,"max_hp_gain":0,"max_hp_loss":0,"event_name":"Winding Halls","floor":38,"gold_loss":0,"cards_obtained":["Writhe"]},{"damage_healed":0,"gold_gain":0,"player_choice":"Paid","damage_taken":0,"relics_obtained":["Red Mask"],"max_hp_gain":0,"max_hp_loss":0,"event_name":"Tomb of Lord Red Mask","floor":41,"gold_loss":29},{"cards_removed":["Flying Knee"],"damage_healed":0,"gold_gain":0,"player_choice":"Removed Attack","damage_taken":0,"max_hp_gain":0,"max_hp_loss":0,"event_name":"Falling","floor":46,"gold_loss":0}],"is_beta":false,"boss_relics":[{"not_picked":["Black Star","Tiny House"],"picked":"Coffee Dripper"},{"not_picked":["Runic Dome","Fusion Hammer"],"picked":"Pandora\u0027s Box"}],"items_purged_floors":[4],"is_endless":false,"potions_floor_spawned":[5,6,11,12,18,21,24,27,39,47,48],"ascension_level":19}