{"gold_per_floor":[110,33,49,49,49,79,79,139,139,139,139,155,178,178,178,271,271,264,189,189,212,212,212,42,42,42,42,67,85,85,105,105,177,177,188,188,200,150,161,161,173,26,26,26,26,26,39,50,50,50],"floor_reached":51,"playtime":2382,"items_purged":[],"score":1109,"play_id":"94867744-2740-4d03-94ed-6f0743c8af52","local_time":"20190503203518","is_ascension_mode":true,"campfire_choices":[{"floor":7,"key":"REST"},{"floor":11,"key":"REST"},{"floor":15,"key":"REST"},{"floor":23,"key":"REST"},{"data":"Glacier","floor":25,"key":"SMITH"},{"data":"Defragment","floor":32,"key":"SMITH"},{"floor":40,"key":"REST"},{"floor":44,"key":"REST"},{"data":"Apotheosis","floor":46,"key":"SMITH"},{"data":"Leap","floor":49,"key":"SMITH"}],"neow_cost":"NONE","seed_source_timestamp":604546647868678,"circlet_count":0,"master_deck":["AscendersBane","Strike_B+1","Strike_B+1","Defend_B+1","Defend_B+1","Defend_B+1","Defend_B+1","Zap","Dualcast","Ball Lightning","Ball Lightning","Defragment+1","White Noise","Stack","Glacier+1","Conserve Battery+1","Leap+1","Echo Form+1","Writhe","Apotheosis+1","Barrage+1","Meteor Strike+1","Capacitor+1","Self Repair+1","Loop+1"],"relics":["FrozenCore","Gambling Chip","Tiny Chest","Molten Egg 2","Bloody Idol","Frozen Egg 2","Snecko Eye","Symbiotic Virus","Gremlin Horn","Potion Belt","Cables"],"potions_floor_usage":[6,8,16,29,29,29,39,41,41,50,50],"damage_taken":[{"damage":12,"enemies":"Jaw Worm","floor":1,"turns":3},{"damage":7,"enemies":"Small Slimes","floor":3,"turns":3},{"damage":15,"enemies":"Lagavulin","floor":6,"turns":5},{"damage":12,"enemies":"Gremlin Nob","floor":8,"turns":4},{"damage":0,"enemies":"2 Louse","floor":12,"turns":1},{"damage":2,"enemies":"Large Slime","floor":13,"turns":5},{"damage":21,"enemies":"Hexaghost","floor":16,"turns":14},{"damage":22,"enemies":"2 Thieves","floor":18,"turns":4},{"damage":0,"enemies":"Spheric Guardian","floor":21,"turns":4},{"damage":1,"enemies":"Centurion and Healer","floor":28,"turns":11},{"damage":6,"enemies":"Cultist and Chosen","floor":29,"turns":6},{"damage":0,"enemies":"Snecko","floor":31,"turns":4},{"damage":19,"enemies":"Champ","floor":33,"turns":16},{"damage":11,"enemies":"Orb Walker","floor":35,"turns":3},{"damage":27,"enemies":"3 Darklings","floor":37,"turns":4},{"damage":13,"enemies":"Maw","floor":39,"turns":6},{"damage":0,"enemies":"Transient","floor":41,"turns":5},{"damage":20,"enemies":"Writhing Mass","floor":47,"turns":6},{"damage":16,"enemies":"Maw","floor":48,"turns":6},{"damage":14,"enemies":"Donu and Deca","floor":50,"turns":11}],"seed_played":"-6698844027413288365","potions_obtained":[{"floor":1,"key":"Block Potion"},{"floor":3,"key":"SteroidPotion"},{"floor":13,"key":"Poison Potion"},{"floor":18,"key":"EntropicBrew"},{"floor":33,"key":"FearPotion"},{"floor":37,"key":"Fire Potion"},{"floor":39,"key":"GamblersBrew"},{"floor":41,"key":"Weak Potion"},{"floor":47,"key":"LiquidBronze"}],"is_trial":false,"path_per_floor":["M","$","M","?","?","E","R","E","T","?","R","M","M","T","R","B",null,"M","?","?","M","?","R","$","R","T","?","M","M","?","M","R","B",null,"M","?","M","?","M","R","M","$","T","R","$","R","M","M","R","B",null],"character_chosen":"DEFECT","items_purchased":["Defragment","Apotheosis","Potion Belt"],"campfire_rested":6,"item_purchase_floors":[2,24,42],"current_hp_per_floor":[52,52,45,38,17,2,23,11,11,11,30,30,28,28,47,26,55,33,33,33,33,33,52,52,52,52,64,63,57,57,62,62,48,60,54,54,32,32,24,43,58,58,58,64,64,64,59,64,64,60],"gold":50,"neow_bonus":"THREE_CARDS","is_prod":false,"is_daily":false,"chose_seed":false,"campfire_upgraded":4,"win_rate":0,"timestamp":1556940918,"path_taken":["M","$","M","?","?","E","R","E","T","?","R","M","M","?","R","BOSS","M","?","?","M","?","R","?","R","T","?","M","?","?","M","R","BOSS","M","?","M","?","M","R","M","$","T","R","$","R","M","?","R","BOSS"],"build_version":"2019-01-23","purchased_purges":0,"victory":true,"max_hp_per_floor":[71,71,71,71,71,71,71,71,71,64,64,64,64,64,64,64,64,64,64,64,64,64,64,64,64,64,64,64,64,64,64,64,64,64,64,64,64,64,64,64,64,64,64,64,64,64,64,64,64,64],"card_choices":[{"not_picked":["Stack","Aggregate"],"picked":"Ball Lightning","floor":0},{"not_picked":["Darkness","Sweeping Beam"],"picked":"Ball Lightning","floor":1},{"not_picked":["Skim","Consume"],"picked":"White Noise","floor":3},{"not_picked":["Beam Cell","Tempest"],"picked":"Stack","floor":6},{"not_picked":["Sunder","Fission"],"picked":"Glacier","floor":8},{"not_picked":["Ball Lightning+1","Darkness"],"picked":"Conserve Battery","floor":12},{"not_picked":["Gash+1","Rip and Tear+1"],"picked":"Leap","floor":13},{"not_picked":["Rainbow","All For One+1"],"picked":"Echo Form+1","floor":16},{"not_picked":["Coolheaded","Steam Power","Beam Cell+1"],"picked":"SKIP","floor":18},{"not_picked":["Sweeping Beam+1","Hologram","Barrage+1"],"picked":"SKIP","floor":21},{"not_picked":["Steam","Compile Driver+1","Go for the Eyes+1"],"picked":"SKIP","floor":28},{"not_picked":["Recycle","Beam Cell+1"],"picked":"Barrage+1","floor":29},{"not_picked":["Steam","Fusion","Chill"],"picked":"SKIP","floor":31},{"not_picked":["Reboot","Echo Form+1"],"picked":"Meteor Strike+1","floor":33},{"not_picked":["FTL+1","Coolheaded"],"picked":"Capacitor+1","floor":35},{"not_picked":["Go for the Eyes+1","Double Energy","Compile Driver+1"],"picked":"SKIP","floor":37},{"not_picked":["Hello World+1","Recycle"],"picked":"Self Repair+1","floor":39},{"not_picked":["Leap","Force Field+1","Rebound+1"],"picked":"SKIP","floor":41},{"not_picked":["Beam Cell+1","Tempest"],"picked":"Loop+1","floor":47},{"not_picked":["Heatsinks+1","Compile Driver+1","Leap"],"picked":"SKIP","floor":48}],"player_experience":904492,"relics_obtained":[{"floor":6,"key":"Gambling Chip"},{"floor":8,"key":"Tiny Chest"},{"floor":9,"key":"Molten Egg 2"},{"floor":14,"key":"Frozen Egg 2"},{"floor":26,"key":"Gremlin Horn"},{"floor":43,"key":"Cables"}],"event_choices":[{"cards_removed":["Strike_B"],"damage_healed":0,"gold_gain":0,"player_choice":"Card Removal","damage_taken":7,"max_hp_gain":0,"max_hp_loss":0,"event_name":"Golden Wing","floor":4,"gold_loss":0},{"damage_healed":0,"gold_gain":0,"player_choice":"Entered Light","damage_taken":21,"max_hp_gain":0,"max_hp_loss":0,"event_name":"Shining Light","floor":5,"gold_loss":0,"cards_upgraded":["Defend_B","Defend_B"]},{"damage_healed":0,"gold_gain":0,"player_choice":"Lose Max HP","damage_taken":0,"relics_obtained":["Golden Idol"],"max_hp_gain":0,"max_hp_loss":7,"event_name":"Golden Idol","floor":10,"gold_loss":0},{"cards_removed":["Strike_B"],"damage_healed":0,"gold_gain":0,"player_choice":"Gave Gold","damage_taken":0,"max_hp_gain":0,"max_hp_loss":0,"event_name":"Beggar","floor":19,"gold_loss":75},{"damage_healed":0,"gold_gain":0,"player_choice":"Opened","damage_taken":0,"relics_obtained":["Symbiotic Virus"],"max_hp_gain":0,"max_hp_loss":0,"event_name":"The Mausoleum","floor":20,"gold_loss":0,"cards_obtained":["Writhe"]},{"damage_healed":0,"gold_gain":0,"player_choice":"Simplicity","damage_taken":0,"max_hp_gain":0,"max_hp_loss":0,"event_name":"Back to Basics","floor":22,"gold_loss":0,"cards_upgraded":["Strike_B","Strike_B","Defend_B","Defend_B"]},{"damage_healed":13,"gold_gain":0,"player_choice":"Heal","damage_taken":0,"max_hp_gain":0,"max_hp_loss":0,"event_name":"The Library","floor":27,"gold_loss":0},{"damage_healed":0,"gold_gain":0,"player_choice":"Gave Idol","damage_taken":0,"relics_obtained":["Bloody Idol"],"max_hp_gain":0,"max_hp_loss":0,"event_name":"Forgotten Altar","floor":30,"relics_lost":["Golden Idol"],"gold_loss":0},{"damage_healed":0,"gold_gain":0,"player_choice":"Ignored","damage_taken":0,"max_hp_gain":0,"max_hp_loss":0,"event_name":"Mysterious Sphere","floor":36,"gold_loss":0},{"damage_healed":0,"gold_gain":0,"player_choice":"Upgrade","damage_taken":0,"max_hp_gain":0,"max_hp_loss":0,"event_name":"Designer","floor":38,"gold_loss":50,"cards_upgraded":["Conserve Battery"]}],"is_beta":false,"boss_relics":[{"not_picked":["Orrery","Inserter"],"picked":"Snecko Eye"},{"not_picked":["Runic Pyramid","Coffee Dripper"],"picked":"FrozenCore"}],"items_purged_floors":[],"is_endless":false,"potions_floor_spawned":[1,3,13,18,33,37,39,41,47],"ascension_level":15}