{"gold_per_floor":[109,109,120,120,131,158,158,186,216,236,80,80,46,63,63,159,159,179,179,179,190,151,151,170,203,280,290,290,306,329,329,329,329],"floor_reached":33,"playtime":1919,"items_purged":[],"score":563,"play_id":"d6b624fe-b01c-4a2b-b2dd-ff03fd3d2127","local_time":"20190222203313","is_ascension_mode":true,"campfire_choices":[{"floor":7,"key":"REST"},{"floor":12,"key":"REST"},{"data":"Inflame","floor":15,"key":"SMITH"},{"data":"Heavy Blade","floor":23,"key":"SMITH"},{"data":"Mind Blast","floor":28,"key":"SMITH"},{"floor":32,"key":"REST"}],"neow_cost":"TEN_PERCENT_HP_LOSS","seed_source_timestamp":0,"circlet_count":0,"master_deck":["AscendersBane","Strike_R+1","Strike_R+1","Strike_R+1","Strike_R+1","Strike_R+1","Defend_R+1","Defend_R+1","Defend_R+1","Defend_R+1","Bash","Mind Blast+1","Thinking Ahead","Flame Barrier","Cleave","Shockwave","Inflame+1","Pommel Strike","Heavy Blade+1","Flame Barrier","Offering","Shrug It Off","Carnage","Ghostly Armor","Clothesline","Flame Barrier","Writhe"],"special_seed":0,"relics":["Burning Blood","Omamori","Sundial","Bag of Marbles","Tiny Chest","Red Skull","Cursed Key","Enchiridion","Pen Nib","Darkstone Periapt","Bag of Preparation","PreservedInsect"],"potions_floor_usage":[6,16,25,25,27,33,33],"damage_taken":[{"damage":0,"enemies":"Small Slimes","floor":1,"turns":3},{"damage":10,"enemies":"Cultist","floor":3,"turns":4},{"damage":9,"enemies":"Jaw Worm","floor":5,"turns":5},{"damage":30,"enemies":"3 Sentries","floor":6,"turns":6},{"damage":40,"enemies":"Gremlin Nob","floor":8,"turns":5},{"damage":10,"enemies":"Gremlin Gang","floor":10,"turns":3},{"damage":0,"enemies":"Exordium Wildlife","floor":14,"turns":3},{"damage":11,"enemies":"Hexaghost","floor":16,"turns":7},{"damage":19,"enemies":"Spheric Guardian","floor":18,"turns":4},{"damage":0,"enemies":"Chosen","floor":21,"turns":3},{"damage":17,"enemies":"Centurion and Healer","floor":24,"turns":4},{"damage":14,"enemies":"Slavers","floor":25,"turns":5},{"damage":4,"enemies":"Snake Plant","floor":27,"turns":3},{"damage":13,"enemies":"Cultist and Chosen","floor":29,"turns":5},{"damage":64,"enemies":"Champ","floor":33,"turns":10}],"seed_played":"-6562994337667210306","potions_obtained":[{"floor":4,"key":"AttackPotion"},{"floor":4,"key":"Energy Potion"},{"floor":4,"key":"FearPotion"},{"floor":5,"key":"Regen Potion"},{"floor":6,"key":"PowerPotion"},{"floor":16,"key":"Energy Potion"},{"floor":25,"key":"AttackPotion"},{"floor":27,"key":"AttackPotion"}],"is_trial":false,"path_per_floor":["M","?","M","?","M","E","R","E","T","M","$","R","$","M","R","B",null,"M","?","?","M","$","R","M","E","T","M","R","M","T","?","R","B"],"character_chosen":"IRONCLAD","items_purchased":["Red Skull","Flame Barrier","Carnage"],"campfire_rested":3,"item_purchase_floors":[11,13,22],"current_hp_per_floor":[72,65,61,61,58,34,55,21,21,17,17,38,38,44,44,39,64,51,51,35,41,41,41,30,36,36,38,38,31,31,37,60,0],"gold":329,"neow_bonus":"RANDOM_COLORLESS_2","is_prod":false,"is_daily":false,"chose_seed":false,"campfire_upgraded":3,"win_rate":0,"timestamp":1550885593,"path_taken":["M","?","M","?","?","E","R","E","T","M","?","R","$","M","R","BOSS","M","?","?","M","?","R","?","E","T","M","R","M","?","?","R","BOSS"],"build_version":"2019-01-23","purchased_purges":0,"victory":false,"max_hp_per_floor":[72,72,72,72,72,72,72,72,72,72,72,72,72,72,72,72,72,72,72,72,72,72,72,72,72,72,72,72,72,72,78,78,78],"card_choices":[{"not_picked":["True Grit","Headbutt"],"picked":"Flame Barrier","floor":1},{"not_picked":["Body Slam","Twin Strike"],"picked":"Cleave","floor":3},{"not_picked":["Twin Strike","Infernal Blade"],"picked":"Shockwave","floor":5},{"not_picked":["Impervious","True Grit"],"picked":"Inflame","floor":6},{"not_picked":["Entrench","Exhume"],"picked":"Pommel Strike","floor":8},{"not_picked":["Hemokinesis","Fire Breathing"],"picked":"Heavy Blade","floor":10},{"not_picked":["Warcry","Flex","Anger"],"picked":"SKIP","floor":14},{"not_picked":["Dark Embrace","Barricade"],"picked":"Offering","floor":16},{"not_picked":["Dropkick","Hemokinesis"],"picked":"Shrug It Off","floor":18},{"not_picked":["Pommel Strike","True Grit","Havoc"],"picked":"SKIP","floor":21},{"not_picked":["Warcry","Reckless Charge"],"picked":"Ghostly Armor","floor":24},{"not_picked":["Body Slam","Sword Boomerang"],"picked":"Clothesline","floor":25},{"not_picked":["Intimidate","Iron Wave+1"],"picked":"Flame Barrier","floor":27},{"not_picked":["Clash","Hemokinesis+1","Rage"],"picked":"SKIP","floor":29}],"player_experience":308523,"relics_obtained":[{"floor":6,"key":"Sundial"},{"floor":8,"key":"Bag of Marbles"},{"floor":9,"key":"Tiny Chest"},{"floor":20,"key":"Enchiridion"},{"floor":25,"key":"Pen Nib"},{"floor":26,"key":"Darkstone Periapt"},{"floor":30,"key":"Bag of Preparation"}],"event_choices":[{"damage_healed":0,"gold_gain":0,"player_choice":"Success","damage_taken":7,"relics_obtained":["Omamori"],"max_hp_gain":0,"max_hp_loss":0,"event_name":"Scrap Ooze","floor":2,"gold_loss":0},{"damage_healed":0,"gold_gain":0,"player_choice":"Got Potions","damage_taken":0,"max_hp_gain":0,"max_hp_loss":0,"event_name":"Lab","floor":4,"gold_loss":0},{"damage_healed":0,"gold_gain":0,"player_choice":"Simplicity","damage_taken":0,"max_hp_gain":0,"max_hp_loss":0,"event_name":"Back to Basics","floor":19,"gold_loss":0,"cards_upgraded":["Strike_R","Strike_R","Strike_R","Strike_R","Strike_R","Defend_R","Defend_R","Defend_R","Defend_R"]},{"damage_healed":0,"gold_gain":0,"player_choice":"Obtained Book","damage_taken":16,"max_hp_gain":0,"max_hp_loss":0,"event_name":"Cursed Tome","floor":20,"gold_loss":0},{"damage_healed":0,"gold_gain":0,"player_choice":"Opened","damage_taken":0,"relics_obtained":["PreservedInsect"],"max_hp_gain":0,"max_hp_loss":0,"event_name":"The Mausoleum","floor":31,"gold_loss":0,"cards_obtained":["Writhe"]}],"is_beta":false,"boss_relics":[{"not_picked":["Sozu","Runic Dome"],"picked":"Cursed Key"}],"items_purged_floors":[],"is_endless":false,"potions_floor_spawned":[5,6,10,16,18,25,27],"killed_by":"Champ","ascension_level":10}