{"gold_per_floor":[211,211,211,211,211,237,253,283,283,283,298,311,311,325,325,325],"floor_reached":16,"playtime":488,"items_purged":[],"score":215,"play_id":"f82dcec5-c67c-4b89-995d-4def89ace815","local_time":"20190622200954","is_ascension_mode":true,"campfire_choices":[{"data":"Feed","floor":10,"key":"SMITH"},{"data":"True Grit","floor":13,"key":"SMITH"},{"data":"Strike_R","floor":15,"key":"SMITH"}],"neow_cost":"NONE","seed_source_timestamp":854238483286136,"circlet_count":0,"master_deck":["AscendersBane","Strike_R","Strike_R","Strike_R+1","Strike_R+1","Strike_R+1","Defend_R","Defend_R","Defend_R","Defend_R","Bash+1","Sever Soul+1","Feed+1","Ghostly Armor","True Grit+1"],"relics":["Burning Blood","Bottled Lightning","Letter Opener","Singing Bowl"],"potions_floor_usage":[16,16],"damage_taken":[{"damage":2,"enemies":"Cultist","floor":1,"turns":4},{"damage":32,"enemies":"Gremlin Nob","floor":6,"turns":4},{"damage":12,"enemies":"Jaw Worm","floor":7,"turns":2},{"damage":35,"enemies":"Lagavulin","floor":8,"turns":5},{"damage":0,"enemies":"2 Louse","floor":11,"turns":1},{"damage":4,"enemies":"2 Fungi Beasts","floor":12,"turns":3},{"damage":9,"enemies":"Exordium Thugs","floor":14,"turns":5},{"damage":46,"enemies":"Hexaghost","floor":16,"turns":7}],"seed_played":"-1900724995168052601","potions_obtained":[{"floor":1,"key":"BloodPotion"},{"floor":7,"key":"LiquidBronze"}],"is_trial":false,"path_per_floor":["M","?","?","?","?","E","M","E","T","R","M","M","R","M","R","B"],"character_chosen":"IRONCLAD","items_purchased":[],"campfire_rested":0,"item_purchase_floors":[],"current_hp_per_floor":[72,72,49,74,74,48,42,16,16,16,28,34,34,33,33,0],"gold":325,"neow_bonus":"HUNDRED_GOLD","is_prod":false,"is_daily":false,"chose_seed":false,"campfire_upgraded":3,"win_rate":0,"timestamp":1561259394,"path_taken":["M","?","?","?","?","E","M","E","T","R","M","M","R","M","R","BOSS"],"build_version":"2019-01-23","purchased_purges":0,"victory":false,"max_hp_per_floor":[75,75,75,75,75,75,75,78,78,78,84,88,88,90,90,90],"card_choices":[{"not_picked":["Flex","Clothesline"],"picked":"Sever Soul","floor":1},{"not_picked":["Feel No Pain","Armaments","Headbutt"],"picked":"SKIP","floor":6},{"not_picked":["Headbutt","Twin Strike"],"picked":"Feed","floor":7},{"not_picked":["Metallicize","True Grit"],"picked":"Ghostly Armor","floor":8},{"not_picked":["Fire Breathing","Pommel Strike","Seeing Red"],"picked":"Singing Bowl","floor":11},{"not_picked":["Headbutt","Pummel"],"picked":"True Grit","floor":12},{"not_picked":["Shrug It Off","Iron Wave","Headbutt"],"picked":"Singing Bowl","floor":14}],"player_experience":1051301,"relics_obtained":[{"floor":6,"key":"Bottled Lightning"},{"floor":8,"key":"Letter Opener"},{"floor":9,"key":"Singing Bowl"}],"event_choices":[{"damage_healed":0,"gold_gain":0,"player_choice":"Grow","damage_taken":0,"max_hp_gain":0,"max_hp_loss":0,"event_name":"Living Wall","floor":2,"gold_loss":0,"cards_upgraded":["Sever Soul"]},{"damage_healed":0,"gold_gain":0,"player_choice":"Entered Light","damage_taken":23,"max_hp_gain":0,"max_hp_loss":0,"event_name":"Shining Light","floor":3,"gold_loss":0,"cards_upgraded":["Strike_R","Strike_R"]},{"damage_healed":25,"gold_gain":0,"player_choice":"Banana","damage_taken":0,"max_hp_gain":0,"max_hp_loss":0,"event_name":"Big Fish","floor":4,"gold_loss":0},{"damage_healed":0,"gold_gain":0,"player_choice":"Upgraded","damage_taken":0,"max_hp_gain":0,"max_hp_loss":0,"event_name":"Upgrade Shrine","floor":5,"gold_loss":0,"cards_upgraded":["Bash"]}],"is_beta":false,"boss_relics":[],"items_purged_floors":[],"is_endless":false,"potions_floor_spawned":[1,7,12],"killed_by":"Hexaghost","ascension_level":19}