{"gold_per_floor":[109,184,184,112,112,112,145,38,65,65,94,104,104,115,115,216,216,226,226,151,169,45,77,77,87,114,114,127,143,169,169,169,268,268,281,281,291,39,39,39,39,59,114,114,214,229,248,262,262,262],"floor_reached":51,"playtime":1638,"items_purged":["Defend_R","Strike_R"],"score":1007,"play_id":"7b5bdc19-41e1-4415-8f11-997991afd9c9","local_time":"20190222173333","is_ascension_mode":true,"campfire_choices":[{"data":"Armaments","floor":6,"key":"SMITH"},{"floor":10,"key":"REST"},{"data":"Bludgeon","floor":13,"key":"SMITH"},{"data":"Flame Barrier","floor":15,"key":"SMITH"},{"data":"Limit Break","floor":27,"key":"SMITH"},{"floor":32,"key":"REST"},{"data":"Limit Break","floor":40,"key":"SMITH"},{"data":"Double Tap","floor":49,"key":"SMITH"}],"neow_cost":"TEN_PERCENT_HP_LOSS","seed_source_timestamp":597647928249478,"circlet_count":0,"master_deck":["Strike_R","Strike_R","Strike_R","Defend_R","Defend_R","Bash","Bludgeon+1","Pommel Strike","Shrug It Off","Armaments+1","Flame Barrier+1","Ghostly Armor","Perfected Strike+1","Clothesline+1","Limit Break+1","Dropkick+1","Body Slam+1","Flame Barrier","Flex","Perfected Strike+1","Perfected Strike+1","Cleave+1","Inflame","Necronomicurse","Limit Break+1","Spot Weakness+1","Headbutt+1","Double Tap+1","Dramatic Entrance+1","Body Slam+1","Thunderclap+1","Whirlwind+1","Perfected Strike+1"],"relics":["Burning Blood","Happy Flower","Oddly Smooth Stone","Bag of Marbles","Ancient Tea Set","Molten Egg 2","Velvet Choker","Ice Cream","Darkstone Periapt","Red Skull","Anchor","Necronomicon","Empty Cage","Strawberry","Nunchaku"],"potions_floor_usage":[16,50,50],"damage_taken":[{"damage":15,"enemies":"Small Slimes","floor":1,"turns":3},{"damage":29,"enemies":"3 Sentries","floor":7,"turns":8},{"damage":16,"enemies":"Gremlin Nob","floor":11,"turns":3},{"damage":0,"enemies":"Jaw Worm","floor":12,"turns":2},{"damage":0,"enemies":"Cultist","floor":14,"turns":2},{"damage":33,"enemies":"Hexaghost","floor":16,"turns":10},{"damage":0,"enemies":"Shell Parasite","floor":18,"turns":5},{"damage":0,"enemies":"Chosen","floor":21,"turns":4},{"damage":40,"enemies":"Gremlin Leader","floor":23,"turns":7},{"damage":6,"enemies":"Centurion and Healer","floor":25,"turns":4},{"damage":0,"enemies":"Sentry and Sphere","floor":28,"turns":3},{"damage":0,"enemies":"Snake Plant","floor":29,"turns":2},{"damage":5,"enemies":"Book of Stabbing","floor":30,"turns":4},{"damage":44,"enemies":"Automaton","floor":33,"turns":5},{"damage":7,"enemies":"3 Shapes","floor":35,"turns":5},{"damage":24,"enemies":"3 Darklings","floor":37,"turns":5},{"damage":0,"enemies":"Transient","floor":42,"turns":5},{"damage":0,"enemies":"Mind Bloom Boss Battle","floor":45,"turns":1},{"damage":0,"enemies":"4 Shapes","floor":46,"turns":1},{"damage":1,"enemies":"Maw","floor":47,"turns":4},{"damage":0,"enemies":"Sphere and 2 Shapes","floor":48,"turns":2},{"damage":47,"enemies":"Donu and Deca","floor":50,"turns":6}],"seed_played":"-5343842016663965436","potions_obtained":[{"floor":1,"key":"Strength Potion"},{"floor":11,"key":"FearPotion"},{"floor":12,"key":"AttackPotion"},{"floor":21,"key":"SpeedPotion"},{"floor":46,"key":"BloodPotion"},{"floor":48,"key":"Dexterity Potion"}],"is_trial":false,"path_per_floor":["M","?","T","$","?","R","E","$","T","R","E","M","R","M","R","B",null,"M","?","?","M","$","E","?","M","T","R","M","M","E","?","R","B",null,"M","?","M","$","?","R","?","M","T","$","?","M","M","M","R","B",null],"character_chosen":"IRONCLAD","items_purchased":["Shrug It Off","Armaments","Flame Barrier","Ghostly Armor","Flex","Double Tap"],"campfire_rested":2,"item_purchase_floors":[4,4,8,8,22,38],"current_hp_per_floor":[63,52,52,52,52,52,29,29,29,50,40,46,46,52,52,25,60,66,66,66,72,72,38,44,44,44,44,50,56,57,47,72,34,72,71,71,53,53,53,53,53,59,66,66,72,78,83,87,87,46],"gold":262,"neow_bonus":"THREE_RARE_CARDS","is_prod":false,"is_daily":false,"chose_seed":false,"campfire_upgraded":6,"win_rate":0,"timestamp":1550874813,"path_taken":["M","?","?","?","?","R","E","$","T","R","E","M","R","?","R","BOSS","M","?","?","M","?","E","?","M","T","R","M","M","E","?","R","BOSS","M","?","M","$","?","R","?","M","T","$","?","M","M","M","R","BOSS"],"build_version":"2019-01-23","purchased_purges":2,"victory":true,"max_hp_per_floor":[72,72,72,72,72,72,72,72,72,72,72,72,72,72,72,72,72,72,72,72,72,72,72,78,78,78,78,78,78,78,84,84,84,84,84,84,84,84,80,80,80,80,87,87,87,87,87,87,87,87],"card_choices":[{"not_picked":["Exhume","Barricade"],"picked":"Bludgeon","floor":0},{"not_picked":["Blood for Blood","Bloodletting"],"picked":"Pommel Strike","floor":1},{"not_picked":["Flex","Clash","Corruption"],"picked":"SKIP","floor":7},{"not_picked":["Dual Wield","Twin Strike","Intimidate"],"picked":"SKIP","floor":11},{"not_picked":["Pommel Strike+1","Rupture"],"picked":"Perfected Strike+1","floor":12},{"not_picked":["Disarm","Reckless Charge+1"],"picked":"Clothesline+1","floor":14},{"not_picked":["Brutality","Bludgeon+1"],"picked":"Limit Break","floor":16},{"not_picked":["Sword Boomerang+1","Power Through"],"picked":"Dropkick+1","floor":18},{"not_picked":["Searing Blow+1","Havoc+1"],"picked":"Flame Barrier","floor":21},{"not_picked":["Seeing Red","Feel No Pain+1"],"picked":"Perfected Strike+1","floor":23},{"not_picked":["Anger+1","Warcry"],"picked":"Perfected Strike+1","floor":25},{"not_picked":["Havoc","Intimidate"],"picked":"Cleave+1","floor":28},{"not_picked":["Blood for Blood+1","Body Slam+1"],"picked":"Inflame","floor":29},{"not_picked":["Cleave+1","Impervious","Fire Breathing"],"picked":"SKIP","floor":30},{"not_picked":["Berserk","Brutality"],"picked":"Limit Break","floor":33},{"not_picked":["Carnage+1","Pommel Strike+1"],"picked":"Spot Weakness+1","floor":35},{"not_picked":["Havoc","Cleave+1"],"picked":"Headbutt+1","floor":37},{"not_picked":["Good Instincts","Madness"],"picked":"Dramatic Entrance+1","floor":41},{"not_picked":["Iron Wave+1","Sword Boomerang+1"],"picked":"Body Slam+1","floor":42},{"not_picked":["Warcry","Wild Strike+1"],"picked":"Thunderclap+1","floor":45},{"not_picked":["Fiend Fire+1","Rupture+1"],"picked":"Whirlwind+1","floor":46},{"not_picked":["Reckless Charge+1","Armaments"],"picked":"Perfected Strike+1","floor":47},{"not_picked":["Warcry","Havoc","Cleave+1"],"picked":"SKIP","floor":48}],"player_experience":306885,"relics_obtained":[{"floor":3,"key":"Happy Flower"},{"floor":5,"key":"Oddly Smooth Stone"},{"floor":7,"key":"Bag of Marbles"},{"floor":9,"key":"Ancient Tea Set"},{"floor":11,"key":"Molten Egg 2"},{"floor":23,"key":"Ice Cream"},{"floor":26,"key":"Red Skull"},{"floor":30,"key":"Anchor"},{"floor":31,"key":"Necronomicon"},{"floor":43,"key":"Strawberry"},{"floor":45,"key":"Nunchaku"}],"event_choices":[{"damage_healed":0,"gold_gain":75,"player_choice":"Gather Gold","damage_taken":11,"max_hp_gain":0,"max_hp_loss":0,"event_name":"World of Goop","floor":2,"gold_loss":0},{"damage_healed":0,"gold_gain":0,"player_choice":"Relic","damage_taken":0,"max_hp_gain":0,"max_hp_loss":0,"event_name":"Wheel of Change","floor":5,"gold_loss":0},{"damage_healed":0,"gold_gain":0,"player_choice":"Read","damage_taken":0,"max_hp_gain":0,"max_hp_loss":0,"event_name":"The Library","floor":19,"gold_loss":0,"cards_obtained":["Body Slam"]},{"cards_removed":["Strike_R"],"damage_healed":0,"gold_gain":0,"player_choice":"Gave Gold","damage_taken":0,"max_hp_gain":0,"max_hp_loss":0,"event_name":"Beggar","floor":20,"gold_loss":75},{"damage_healed":0,"gold_gain":0,"player_choice":"Stole Relic","damage_taken":0,"relics_obtained":["Darkstone Periapt"],"max_hp_gain":0,"max_hp_loss":0,"event_name":"Addict","floor":24,"gold_loss":0,"cards_obtained":["Shame"]},{"damage_healed":0,"gold_gain":0,"player_choice":"Obtained Book","damage_taken":16,"max_hp_gain":0,"max_hp_loss":0,"event_name":"Cursed Tome","floor":31,"gold_loss":0},{"damage_healed":0,"gold_gain":0,"player_choice":"Ignored","damage_taken":0,"max_hp_gain":0,"max_hp_loss":0,"event_name":"Mysterious Sphere","floor":36,"gold_loss":0},{"damage_healed":0,"gold_gain":0,"player_choice":"Max HP","damage_taken":0,"max_hp_gain":0,"max_hp_loss":4,"event_name":"Winding Halls","floor":39,"gold_loss":0},{"damage_healed":0,"gold_gain":0,"player_choice":"Memory 1","damage_taken":0,"max_hp_gain":0,"max_hp_loss":0,"event_name":"SensoryStone","floor":41,"gold_loss":0},{"damage_healed":0,"gold_gain":0,"player_choice":"Fight","damage_taken":0,"max_hp_gain":0,"max_hp_loss":0,"event_name":"MindBloom","floor":45,"gold_loss":0}],"is_beta":false,"boss_relics":[{"not_picked":["Ectoplasm","Black Star"],"picked":"Velvet Choker"},{"not_picked":["White Beast Statue","Runic Pyramid"],"picked":"Empty Cage"}],"items_purged_floors":[22,38],"is_endless":false,"potions_floor_spawned":[1,11,12,14,21,25,28,37,46,48],"ascension_level":9}