{"gold_per_floor":[117,127,127,144,69,69,82,82,82,146,146,159,184,200,200,200],"floor_reached":16,"playtime":501,"items_purged":["Regret"],"score":224,"play_id":"6d88fadf-a367-4bc2-8c5f-dfbb5009f4aa","local_time":"20190609174606","is_ascension_mode":true,"campfire_choices":[{"data":"Go for the Eyes","floor":6,"key":"SMITH"},{"data":"Creative AI","floor":11,"key":"SMITH"},{"floor":15,"key":"REST"}],"neow_cost":"NONE","seed_source_timestamp":495678978882826,"circlet_count":0,"master_deck":["AscendersBane","Strike_B","Strike_B","Strike_B","Strike_B","Defend_B","Defend_B","Defend_B","Defend_B","Zap","Dualcast","Compile Driver","Conserve Battery","Go for the Eyes+1","Pain","Creative AI+1","Beam Cell","Ball Lightning","Melter"],"relics":["Cracked Core","NeowsBlessing","Unceasing Top","WarpedTongs","FossilizedHelix","Tiny Chest","Frozen Egg 2"],"potions_floor_usage":[12,16,16],"damage_taken":[{"damage":0,"enemies":"2 Louse","floor":1,"turns":1},{"damage":0,"enemies":"Jaw Worm","floor":2,"turns":1},{"damage":0,"enemies":"Cultist","floor":4,"turns":1},{"damage":5,"enemies":"Looter","floor":7,"turns":3},{"damage":11,"enemies":"Lagavulin","floor":10,"turns":6},{"damage":0,"enemies":"Lots of Slimes","floor":12,"turns":1},{"damage":23,"enemies":"3 Sentries","floor":13,"turns":4},{"damage":14,"enemies":"3 Louse","floor":14,"turns":4},{"damage":33,"enemies":"Hexaghost","floor":16,"turns":9}],"seed_played":"-4351256884385548255","potions_obtained":[{"floor":1,"key":"Strength Potion"},{"floor":10,"key":"AttackPotion"},{"floor":13,"key":"Swift Potion"}],"is_trial":false,"path_per_floor":["M","M","?","M","$","R","M","?","T","E","R","M","E","M","R","B"],"character_chosen":"DEFECT","items_purchased":[],"campfire_rested":1,"item_purchase_floors":[],"current_hp_per_floor":[64,64,64,64,64,64,59,59,59,48,48,48,25,11,32,0],"gold":200,"neow_bonus":"THREE_ENEMY_KILL","is_prod":false,"is_daily":false,"chose_seed":false,"campfire_upgraded":2,"win_rate":0,"timestamp":1560116766,"path_taken":["M","M","?","M","$","R","M","?","T","E","R","?","E","M","R","BOSS"],"build_version":"2019-01-23","purchased_purges":1,"victory":false,"max_hp_per_floor":[71,71,71,71,71,71,71,71,71,71,71,71,71,71,71,71],"card_choices":[{"not_picked":["Undo","Conserve Battery"],"picked":"Compile Driver","floor":1},{"not_picked":["Hologram","Go for the Eyes"],"picked":"Conserve Battery","floor":2},{"not_picked":["Undo","Streamline"],"picked":"Go for the Eyes","floor":4},{"not_picked":["Gash","Recycle","Force Field"],"picked":"SKIP","floor":7},{"not_picked":["Cold Snap","Redo"],"picked":"Creative AI","floor":10},{"not_picked":["Compile Driver","Stack"],"picked":"Beam Cell","floor":12},{"not_picked":["Compile Driver","Biased Cognition"],"picked":"Ball Lightning","floor":13},{"not_picked":["Genetic Algorithm","Compile Driver"],"picked":"Melter","floor":14}],"player_experience":871976,"relics_obtained":[{"floor":9,"key":"FossilizedHelix"},{"floor":10,"key":"Tiny Chest"},{"floor":13,"key":"Frozen Egg 2"}],"event_choices":[{"damage_healed":0,"gold_gain":0,"player_choice":"Box","damage_taken":0,"relics_obtained":["Unceasing Top"],"max_hp_gain":0,"max_hp_loss":0,"event_name":"Big Fish","floor":3,"gold_loss":0,"cards_obtained":["Regret"]},{"damage_healed":0,"gold_gain":0,"player_choice":"Rummage","damage_taken":0,"relics_obtained":["WarpedTongs"],"max_hp_gain":0,"max_hp_loss":0,"event_name":"Accursed Blacksmith","floor":8,"gold_loss":0,"cards_obtained":["Pain"]}],"is_beta":false,"boss_relics":[],"items_purged_floors":[5],"is_endless":false,"potions_floor_spawned":[1,10,13],"killed_by":"Hexaghost","ascension_level":20}