{"gold_per_floor":[10,10,30,205,1,31,50,50,50,50],"floor_reached":10,"playtime":282,"items_purged":["Doubt"],"score":112,"play_id":"e6dc8a06-4522-4af0-bc5a-adbc8e9c1c5d","local_time":"20181120190310","is_ascension_mode":true,"campfire_choices":[{"data":"Body Slam","floor":8,"key":"SMITH"}],"neow_cost":"NO_GOLD","seed_source_timestamp":5088492299645,"circlet_count":0,"master_deck":["AscendersBane","Strike_R","Strike_R","Strike_R","Defend_R","Defend_R","Defend_R","Defend_R","Bash","Anger","Brutality","Whirlwind","Carnage","Body Slam+1","Power Through","Flex"],"relics":["Burning Blood","Bronze Scales","Mercury Hourglass"],"potions_floor_usage":[],"damage_taken":[{"damage":20,"enemies":"Small Slimes","floor":1,"turns":3},{"damage":16,"enemies":"Cultist","floor":3,"turns":4},{"damage":50,"enemies":"3 Sentries","floor":6,"turns":8},{"damage":7,"enemies":"Jaw Worm","floor":7,"turns":2},{"damage":20,"enemies":"Lagavulin","floor":10,"turns":3}],"seed_played":"-5164007404229823469","potions_obtained":[{"floor":1,"key":"LiquidBronze"},{"floor":6,"key":"Weak Potion"}],"is_trial":false,"path_per_floor":["M","?","M","?","$","E","M","R","T","E"],"character_chosen":"IRONCLAD","items_purchased":["Body Slam","Power Through"],"campfire_rested":0,"item_purchase_floors":[5,5],"current_hp_per_floor":[54,75,65,65,65,21,20,20,20,0],"gold":50,"neow_bonus":"TRANSFORM_TWO_CARDS","is_prod":false,"is_daily":false,"chose_seed":false,"campfire_upgraded":1,"win_rate":0,"timestamp":1542769390,"path_taken":["M","?","?","?","$","E","M","R","T","E"],"build_version":"2018-11-15","purchased_purges":1,"victory":false,"max_hp_per_floor":[75,75,75,75,75,75,75,75,75,75],"card_choices":[{"not_picked":["Rage","Iron Wave"],"picked":"Whirlwind","floor":1},{"not_picked":["Reckless Charge","Dropkick"],"picked":"Carnage","floor":3},{"not_picked":["Headbutt","Burning Pact"],"picked":"Flex","floor":6},{"not_picked":["Blood for Blood","Second Wind","Reckless Charge"],"picked":"SKIP","floor":7}],"player_experience":806288,"relics_obtained":[{"floor":6,"key":"Bronze Scales"},{"floor":9,"key":"Mercury Hourglass"}],"event_choices":[{"damage_healed":21,"gold_gain":0,"player_choice":"Full Heal","damage_taken":0,"max_hp_gain":0,"max_hp_loss":0,"event_name":"Wheel of Change","floor":2,"gold_loss":0},{"damage_healed":0,"gold_gain":175,"player_choice":"AGREE","damage_taken":0,"max_hp_gain":0,"max_hp_loss":0,"event_name":"Liars Game","floor":4,"gold_loss":0,"cards_obtained":["Doubt"]}],"is_beta":false,"boss_relics":[],"items_purged_floors":[5],"is_endless":false,"potions_floor_spawned":[1,6],"killed_by":"Lagavulin","ascension_level":14}