{"gold_per_floor":[111,128,53,67,86,111,111,122,190,203,238,252,252,262,262,367,367,381,392,84,101,121,132,159,159,159,178,203,128,128,140,140,140],"floor_reached":33,"playtime":3026,"items_purged":["Decay","Strike_R"],"score":305,"play_id":"6b466927-de5d-4df8-8a91-da540f817ec9","local_time":"20190130172651","is_ascension_mode":false,"campfire_choices":[{"data":"Armaments","floor":7,"key":"SMITH"},{"data":"True Grit","floor":13,"key":"SMITH"},{"floor":15,"key":"REST"},{"floor":25,"key":"REST"},{"data":"Demon Form","floor":30,"key":"SMITH"},{"floor":32,"key":"REST"}],"neow_cost":"CURSE","seed_source_timestamp":1058677827966342,"circlet_count":0,"master_deck":["Strike_R","Strike_R","Strike_R","Defend_R","Defend_R","Defend_R","Defend_R","Pommel Strike","Blood for Blood","Burning Pact","Armaments+1","True Grit+1","Twin Strike","Blood for Blood","Inflame","Cleave","Blood for Blood","Shrug It Off","Intimidate","Demon Form+1","Anger+1","Flex+1","Flex+1","Shrug It Off"],"relics":["Burning Blood","Vajra","Letter Opener","Nunchaku","Cursed Key","MealTicket","Oddly Smooth Stone","Anchor","Molten Egg 2"],"potions_floor_usage":[6,6,11,16,28,28],"damage_taken":[{"damage":9,"enemies":"Cultist","floor":1,"turns":4},{"damage":7,"enemies":"Jaw Worm","floor":2,"turns":4},{"damage":2,"enemies":"Small Slimes","floor":4,"turns":4},{"damage":15,"enemies":"Gremlin Gang","floor":5,"turns":7},{"damage":40,"enemies":"Lagavulin","floor":6,"turns":11},{"damage":7,"enemies":"3 Louse","floor":8,"turns":3},{"damage":3,"enemies":"Large Slime","floor":10,"turns":6},{"damage":6,"enemies":"Gremlin Nob","floor":11,"turns":3},{"damage":22,"enemies":"Exordium Thugs","floor":12,"turns":5},{"damage":8,"enemies":"Gremlin Gang","floor":14,"turns":7},{"damage":31,"enemies":"Hexaghost","floor":16,"turns":9},{"damage":6,"enemies":"3 Byrds","floor":18,"turns":6},{"damage":9,"enemies":"Shell Parasite","floor":19,"turns":4},{"damage":18,"enemies":"Shelled Parasite and Fungi","floor":21,"turns":5},{"damage":10,"enemies":"Chosen and Byrds","floor":22,"turns":6},{"damage":19,"enemies":"Cultist and Chosen","floor":23,"turns":6},{"damage":28,"enemies":"Slavers","floor":24,"turns":4},{"damage":19,"enemies":"Centurion and Healer","floor":27,"turns":6},{"damage":12,"enemies":"Book of Stabbing","floor":28,"turns":5},{"damage":21,"enemies":"Snake Plant","floor":31,"turns":4},{"damage":69,"enemies":"Champ","floor":33,"turns":9}],"seed_played":"-2872899359181651245","potions_obtained":[{"floor":1,"key":"EssenceOfSteel"},{"floor":5,"key":"Regen Potion"},{"floor":6,"key":"FearPotion"},{"floor":11,"key":"GamblersBrew"},{"floor":14,"key":"Regen Potion"},{"floor":18,"key":"SteroidPotion"},{"floor":21,"key":"BloodPotion"},{"floor":24,"key":"Dexterity Potion"}],"is_trial":false,"path_per_floor":["M","M","$","M","M","E","R","M","T","M","E","M","R","M","R","B",null,"M","M","$","M","M","M","E","R","T","M","E","?","R","M","R","B"],"character_chosen":"IRONCLAD","items_purchased":["MealTicket"],"campfire_rested":3,"item_purchase_floors":[20],"current_hp_per_floor":[77,76,76,80,71,51,51,50,50,53,53,37,37,35,59,49,80,80,77,77,65,61,48,26,50,50,37,39,39,39,24,47,0],"gold":140,"neow_bonus":"TRANSFORM_TWO_CARDS","is_prod":false,"is_daily":false,"chose_seed":false,"campfire_upgraded":3,"win_rate":0.0,"timestamp":1548887211,"path_taken":["M","M","$","M","M","E","R","M","T","M","E","M","R","M","R","BOSS","M","?","$","M","M","M","E","R","T","M","E","?","R","M","R","BOSS"],"build_version":"2019-01-23","purchased_purges":2,"victory":false,"max_hp_per_floor":[80,80,80,80,80,80,80,80,80,80,80,80,80,80,80,80,80,80,80,80,80,80,80,80,80,80,80,80,77,77,77,77,77],"card_choices":[{"not_picked":["Perfected Strike","Heavy Blade"],"picked":"Burning Pact","floor":1},{"not_picked":["Pommel Strike","Second Wind"],"picked":"Armaments","floor":2},{"not_picked":["Combust","Anger"],"picked":"True Grit","floor":4},{"not_picked":["Metallicize","Headbutt"],"picked":"Twin Strike","floor":5},{"not_picked":["Feed","Body Slam"],"picked":"Blood for Blood","floor":6},{"not_picked":["Sever Soul","Metallicize"],"picked":"Inflame","floor":8},{"not_picked":["Intimidate","Perfected Strike"],"picked":"Cleave","floor":10},{"not_picked":["Disarm","Pummel"],"picked":"Blood for Blood","floor":11},{"not_picked":["Twin Strike","Rage"],"picked":"Shrug It Off","floor":12},{"not_picked":["Cleave","Anger"],"picked":"Intimidate","floor":14},{"not_picked":["Barricade","Double Tap"],"picked":"Demon Form","floor":16},{"not_picked":["Pommel Strike+1","Power Through"],"picked":"Anger+1","floor":18},{"not_picked":["Reckless Charge","Ghostly Armor+1"],"picked":"Flex+1","floor":19},{"not_picked":["Clothesline","Heavy Blade"],"picked":"Flex+1","floor":21},{"not_picked":["Headbutt","Pommel Strike","Infernal Blade"],"picked":"SKIP","floor":22},{"not_picked":["Perfected Strike","Clash","Clothesline"],"picked":"SKIP","floor":23},{"not_picked":["Searing Blow","Twin Strike"],"picked":"Shrug It Off","floor":24},{"not_picked":["Clash","Entrench","Uppercut"],"picked":"SKIP","floor":27},{"not_picked":["Offering","Sever Soul+1","Seeing Red"],"picked":"SKIP","floor":28},{"not_picked":["Shrug It Off","Dual Wield","Wild Strike+1"],"picked":"SKIP","floor":31}],"player_experience":87638,"relics_obtained":[{"floor":6,"key":"Vajra"},{"floor":9,"key":"Letter Opener"},{"floor":11,"key":"Nunchaku"},{"floor":24,"key":"Oddly Smooth Stone"},{"floor":26,"key":"Anchor"},{"floor":28,"key":"Molten Egg 2"}],"event_choices":[{"cards_removed":["Parasite"],"damage_healed":0,"gold_gain":0,"player_choice":"Gave Gold","damage_taken":0,"max_hp_gain":0,"max_hp_loss":0,"event_name":"Beggar","floor":29,"gold_loss":75}],"is_beta":false,"boss_relics":[{"not_picked":["Velvet Choker","Philosopher\u0027s Stone"],"picked":"Cursed Key"}],"items_purged_floors":[3,20],"is_endless":false,"potions_floor_spawned":[1,5,6,11,14,18,21,22,24],"killed_by":"Champ","ascension_level":0}