{"gold_per_floor":[114,114,127,146,169,202,202,218,218,218],"floor_reached":10,"playtime":269,"items_purged":[],"score":119,"play_id":"84b605f0-e3cb-4ed0-a7ad-e15f07d43ecb","local_time":"20190320213626","is_ascension_mode":true,"campfire_choices":[{"data":"True Grit","floor":7,"key":"SMITH"}],"neow_cost":"NONE","seed_source_timestamp":14520147507074,"circlet_count":0,"master_deck":["AscendersBane","Strike_R","Strike_R","Strike_R","Strike_R","Strike_R","Defend_R","Defend_R","Defend_R","Defend_R","Bash","Evolve","Shrug It Off","Pommel Strike","True Grit+1","Clothesline"],"relics":["Burning Blood","NeowsBlessing","Juzu Bracelet","Oddly Smooth Stone","Letter Opener"],"potions_floor_usage":[6,6,10],"damage_taken":[{"damage":0,"enemies":"Jaw Worm","floor":1,"turns":1},{"damage":0,"enemies":"Cultist","floor":3,"turns":1},{"damage":0,"enemies":"2 Louse","floor":4,"turns":1},{"damage":30,"enemies":"Lagavulin","floor":6,"turns":7},{"damage":24,"enemies":"Lots of Slimes","floor":8,"turns":7},{"damage":54,"enemies":"Gremlin Nob","floor":10,"turns":5}],"seed_played":"-4142293435951021128","potions_obtained":[{"floor":1,"key":"Strength Potion"},{"floor":2,"key":"FearPotion"},{"floor":6,"key":"SneckoOil"}],"is_trial":false,"path_per_floor":["M","?","M","M","T","E","R","M","T","E"],"character_chosen":"IRONCLAD","items_purchased":[],"campfire_rested":0,"item_purchase_floors":[],"current_hp_per_floor":[74,74,75,75,75,51,51,33,33,0],"gold":218,"neow_bonus":"THREE_ENEMY_KILL","is_prod":false,"is_daily":false,"chose_seed":false,"campfire_upgraded":1,"win_rate":0,"timestamp":1553132186,"path_taken":["M","?","?","M","?","E","R","M","T","E"],"build_version":"2019-01-23","purchased_purges":0,"victory":false,"max_hp_per_floor":[75,75,75,75,75,75,75,75,75,75],"card_choices":[{"not_picked":["Wild Strike","Second Wind"],"picked":"Evolve","floor":1},{"not_picked":["Clash","Body Slam"],"picked":"Shrug It Off","floor":3},{"not_picked":["Twin Strike","True Grit"],"picked":"Pommel Strike","floor":4},{"not_picked":["Heavy Blade","Infernal Blade"],"picked":"True Grit","floor":6},{"not_picked":["Sword Boomerang","Evolve"],"picked":"Clothesline","floor":8}],"player_experience":431335,"relics_obtained":[{"floor":5,"key":"Juzu Bracelet"},{"floor":6,"key":"Oddly Smooth Stone"},{"floor":9,"key":"Letter Opener"}],"event_choices":[{"damage_healed":0,"gold_gain":0,"player_choice":"Got Potions","damage_taken":0,"max_hp_gain":0,"max_hp_loss":0,"event_name":"Lab","floor":2,"gold_loss":0}],"is_beta":false,"boss_relics":[],"items_purged_floors":[],"is_endless":false,"potions_floor_spawned":[1,6],"killed_by":"Gremlin Nob","ascension_level":15}