{"gold_per_floor":[116,127,52,72,72,97,97,109,109,142,157,175,175,191,191,191],"floor_reached":16,"playtime":674,"items_purged":["Regret"],"score":182,"play_id":"e8ab2946-fab2-4a4a-8e03-2577ff9efb80","local_time":"20180817021205","is_ascension_mode":true,"campfire_choices":[{"floor":7,"key":"REST"},{"floor":13,"key":"REST"},{"data":"Tools of the Trade","floor":15,"key":"SMITH"}],"neow_cost":"CURSE","seed_source_timestamp":34395205424987,"circlet_count":0,"master_deck":["Defend_G","Defend_G","Defend_G","Defend_G","Defend_G","Strike_G","Strike_G","Strike_G","Strike_G","Strike_G","Survivor","Neutralize","AscendersBane","Glass Knife","Dagger Throw","Well Laid Plans","PiercingWail","Backstab","Underhanded Strike","Tools of the Trade+1","Prepared","All Out Attack","Dagger Spray"],"relics":["Ring of the Snake","Shuriken","Unceasing Top","Thread and Needle","Smiling Mask"],"potions_floor_usage":[6,8,10,16],"damage_taken":[{"damage":0,"enemies":"2 Louse","floor":1,"turns":2},{"damage":3,"enemies":"Cultist","floor":2,"turns":4},{"damage":0,"enemies":"Jaw Worm","floor":4,"turns":3},{"damage":25,"enemies":"Lagavulin","floor":6,"turns":6},{"damage":4,"enemies":"Looter","floor":8,"turns":2},{"damage":6,"enemies":"Gremlin Nob","floor":10,"turns":3},{"damage":3,"enemies":"3 Louse","floor":11,"turns":4},{"damage":4,"enemies":"Large Slime","floor":12,"turns":4},{"damage":4,"enemies":"Blue Slaver","floor":14,"turns":4},{"damage":42,"enemies":"Slime Boss","floor":16,"turns":5}],"seed_played":"-6063967891797204276","potions_obtained":[{"floor":1,"key":"SteroidPotion"},{"floor":6,"key":"Dexterity Potion"},{"floor":8,"key":"SteroidPotion"},{"floor":10,"key":"LiquidBronze"},{"floor":14,"key":"SteroidPotion"}],"is_trial":false,"path_per_floor":["M","M","$","M","?","E","R","M","T","E","M","M","R","M","R"],"character_chosen":"THE_SILENT","items_purchased":[],"campfire_rested":2,"item_purchase_floors":[],"current_hp_per_floor":[63,60,60,60,42,17,38,34,34,28,25,21,42,38,38,0],"gold":191,"neow_bonus":"THREE_RARE_CARDS","is_prod":false,"is_daily":false,"chose_seed":false,"campfire_upgraded":1,"win_rate":0,"timestamp":1534497125,"path_taken":["M","M","$","M","?","E","R","M","T","E","M","M","R","M","R","BOSS"],"build_version":"2018-08-16","purchased_purges":1,"victory":false,"max_hp_per_floor":[70,70,70,70,70,70,70,70,70,70,70,70,70,70,70,70],"card_choices":[{"not_picked":["Envenom","Die Die Die"],"picked":"Glass Knife","floor":0},{"not_picked":["Bane","Endless Agony"],"picked":"Dagger Throw","floor":1},{"not_picked":["Cloak And Dagger","Blur"],"picked":"Well Laid Plans","floor":2},{"not_picked":["Setup","Outmaneuver"],"picked":"PiercingWail","floor":4},{"not_picked":["Deflect","Dagger Spray"],"picked":"Backstab","floor":6},{"not_picked":["PiercingWail","Quick Slash"],"picked":"Underhanded Strike","floor":8},{"not_picked":["Poisoned Stab","Finisher"],"picked":"Tools of the Trade","floor":10},{"not_picked":["Reflex","Cloak And Dagger"],"picked":"Prepared","floor":11},{"not_picked":["Dagger Spray","Quick Slash"],"picked":"All Out Attack","floor":12},{"not_picked":["PiercingWail","Bane"],"picked":"Dagger Spray","floor":14}],"player_experience":773999,"relics_obtained":[{"floor":6,"key":"Unceasing Top"},{"floor":9,"key":"Thread and Needle"},{"floor":10,"key":"Smiling Mask"}],"event_choices":[{"event_name":"Scrap Ooze","player_choice":"success","floor":5,"damage_taken":18}],"is_beta":true,"boss_relics":[],"items_purged_floors":[3],"is_endless":false,"potions_floor_spawned":[1,6,8,10,14],"killed_by":"Slime Boss","ascension_level":12}