{"gold_per_floor":[116,127,147,158,172,198,214,225,225,244,244,244,244,275,275,377,377,388,402,432,444,454,454,154,169,169,169,19,19,54,54,54,54],"floor_reached":33,"playtime":1905,"items_purged":["Strike_R","Strike_R"],"score":306,"play_id":"c7ac6df9-535b-4e89-b9bb-0ae0912abb49","local_time":"20190429005233","is_ascension_mode":false,"campfire_choices":[{"data":"Immolate","floor":13,"key":"SMITH"},{"data":"Rampage","floor":15,"key":"SMITH"},{"floor":23,"key":"REST"},{"floor":27,"key":"REST"},{"floor":32,"key":"REST"}],"neow_cost":"NONE","seed_source_timestamp":54613531477929,"circlet_count":0,"master_deck":["Defend_R+1","Defend_R+1","Defend_R+1","Bash","Pommel Strike","Pommel Strike","Immolate+1","Headbutt","Rampage","Sever Soul","Cleave","Rampage","Rampage+1","Double Tap","Twin Strike","Headbutt","Wild Strike","Carnage","Flex+1","Bite","Bite","Bite","Bite","Bite","Warcry"],"relics":["Burning Blood","Lantern","Strawberry","War Paint","Vajra","Empty Cage","Tiny Chest","Pen Nib","Orichalcum"],"potions_floor_usage":[16,22,30,30],"damage_taken":[{"damage":8,"enemies":"Jaw Worm","floor":1,"turns":3},{"damage":0,"enemies":"Small Slimes","floor":2,"turns":3},{"damage":0,"enemies":"Cultist","floor":3,"turns":2},{"damage":0,"enemies":"3 Louse","floor":4,"turns":2},{"damage":5,"enemies":"Looter","floor":5,"turns":2},{"damage":24,"enemies":"3 Sentries","floor":6,"turns":4},{"damage":6,"enemies":"Red Slaver","floor":7,"turns":4},{"damage":0,"enemies":"2 Fungi Beasts","floor":8,"turns":2},{"damage":0,"enemies":"3 Louse","floor":10,"turns":1},{"damage":15,"enemies":"Lagavulin","floor":14,"turns":5},{"damage":62,"enemies":"Hexaghost","floor":16,"turns":10},{"damage":25,"enemies":"3 Byrds","floor":18,"turns":5},{"damage":18,"enemies":"Shell Parasite","floor":19,"turns":4},{"damage":30,"enemies":"Snake Plant","floor":21,"turns":4},{"damage":22,"enemies":"Snecko","floor":22,"turns":4},{"damage":12,"enemies":"Centurion and Healer","floor":25,"turns":2},{"damage":61,"enemies":"Slavers","floor":30,"turns":7},{"damage":83,"enemies":"Automaton","floor":33,"turns":6}],"seed_played":"6544981831062101525","potions_obtained":[{"floor":2,"key":"SteroidPotion"},{"floor":3,"key":"AttackPotion"},{"floor":5,"key":"SpeedPotion"},{"floor":7,"key":"Regen Potion"},{"floor":19,"key":"Block Potion"},{"floor":25,"key":"Explosive Potion"},{"floor":30,"key":"SpeedPotion"}],"is_trial":false,"path_per_floor":["M","M","M","M","M","E","M","M","T","M","?","?","R","E","R","B",null,"M","M","?","M","M","R","$","M","T","R","$","?","E","?","R","B"],"character_chosen":"IRONCLAD","items_purchased":["Blood Vial","Carnage","Block Potion"],"campfire_rested":3,"item_purchase_floors":[24,24,28],"current_hp_per_floor":[78,80,80,80,80,69,69,75,75,81,64,87,87,78,78,22,87,68,56,56,32,28,54,54,50,50,76,76,76,31,31,57,0],"gold":54,"neow_bonus":"RANDOM_COMMON_RELIC","is_prod":false,"is_daily":false,"chose_seed":false,"campfire_upgraded":2,"win_rate":0.0,"timestamp":1556524353,"path_taken":["M","M","M","M","M","E","M","M","T","M","?","?","R","E","R","BOSS","M","M","?","M","M","R","$","M","T","R","?","?","E","?","R","BOSS"],"build_version":"2019-01-23","purchased_purges":2,"victory":false,"max_hp_per_floor":[80,80,80,80,80,87,87,87,87,87,87,87,87,87,87,87,87,87,87,87,87,87,87,87,87,87,87,87,87,87,87,87,87],"card_choices":[{"not_picked":["True Grit","Sever Soul"],"picked":"Pommel Strike","floor":1},{"not_picked":["Armaments","Flex"],"picked":"Pommel Strike","floor":2},{"not_picked":["Twin Strike","True Grit"],"picked":"Immolate","floor":3},{"not_picked":["Shrug It Off","Clash"],"picked":"Headbutt","floor":4},{"not_picked":["Burning Pact","Iron Wave","Body Slam"],"picked":"SKIP","floor":5},{"not_picked":["True Grit","Iron Wave"],"picked":"Rampage","floor":6},{"not_picked":["Seeing Red","Metallicize"],"picked":"Sever Soul","floor":7},{"not_picked":["Searing Blow","Ghostly Armor"],"picked":"Cleave","floor":8},{"not_picked":["Iron Wave","Sword Boomerang"],"picked":"Rampage","floor":10},{"not_picked":["Seeing Red","Anger"],"picked":"Rampage","floor":14},{"not_picked":["Brutality","Berserk"],"picked":"Double Tap","floor":16},{"not_picked":["Hemokinesis","Power Through"],"picked":"Twin Strike","floor":18},{"not_picked":["Battle Trance","Havoc"],"picked":"Headbutt","floor":19},{"not_picked":["Dual Wield+1","Shrug It Off","Disarm"],"picked":"SKIP","floor":21},{"not_picked":["Clash","Reaper"],"picked":"Wild Strike","floor":22},{"not_picked":["Pommel Strike","Shockwave"],"picked":"Flex+1","floor":25},{"not_picked":["Thunderclap","Armaments"],"picked":"Warcry","floor":30}],"player_experience":46446,"relics_obtained":[{"floor":6,"key":"Strawberry"},{"floor":9,"key":"War Paint"},{"floor":14,"key":"Vajra"},{"floor":26,"key":"Pen Nib"},{"floor":30,"key":"Orichalcum"}],"event_choices":[{"damage_healed":0,"gold_gain":0,"player_choice":"Entered Light","damage_taken":17,"max_hp_gain":0,"max_hp_loss":0,"event_name":"Shining Light","floor":11,"gold_loss":0,"cards_upgraded":["Strike_R","Defend_R"]},{"damage_healed":29,"gold_gain":0,"player_choice":"Banana","damage_taken":0,"max_hp_gain":0,"max_hp_loss":0,"event_name":"Big Fish","floor":12,"gold_loss":0},{"damage_healed":0,"gold_gain":0,"player_choice":"Gave Potion","damage_taken":0,"relics_obtained":["Tiny Chest"],"max_hp_gain":0,"max_hp_loss":0,"event_name":"WeMeetAgain","floor":20,"gold_loss":0},{"damage_healed":0,"gold_gain":0,"player_choice":"Became a vampire (Vial)","damage_taken":0,"max_hp_gain":0,"max_hp_loss":0,"event_name":"Vampires","floor":29,"relics_lost":["Blood Vial"],"gold_loss":0,"cards_obtained":["Bite","Bite","Bite","Bite","Bite"]},{"damage_healed":0,"gold_gain":0,"player_choice":"Ignored","damage_taken":0,"max_hp_gain":0,"max_hp_loss":0,"event_name":"Beggar","floor":31,"gold_loss":0}],"is_beta":false,"boss_relics":[{"not_picked":["Runic Pyramid","Black Star"],"picked":"Empty Cage"}],"items_purged_floors":[24,28],"is_endless":false,"potions_floor_spawned":[2,3,5,7,14,19,25,30],"killed_by":"Automaton","ascension_level":0}