{"gold_per_floor":[118,137,137,137,137,202,251,272,299,82,107,140,155,169,169,267,267,282,197,197,197,0,0,40,40,40,54,3,3,3,19,19,19],"floor_reached":33,"playtime":772,"items_purged":[],"score":536,"play_id":"7c9b1065-a515-4398-8c0b-ec94dcbc0c9d","local_time":"20190321194532","is_ascension_mode":true,"campfire_choices":[{"data":"Armaments","floor":15,"key":"SMITH"},{"data":"Double Tap","floor":23,"key":"SMITH"},{"floor":25,"key":"REST"},{"floor":32,"key":"REST"}],"neow_cost":"NONE","seed_source_timestamp":93762137800131,"circlet_count":0,"master_deck":["AscendersBane","Strike_R+1","Strike_R","Strike_R","Strike_R","Strike_R","Defend_R","Defend_R","Defend_R+1","Defend_R","Bash","Perfected Strike+1","Rampage","Sword Boomerang","Armaments+1","Perfected Strike","Double Tap+1","Twin Strike+1","Shrug It Off+1","Shrug It Off","Normality","Flame Barrier"],"relics":["Burning Blood","NeowsBlessing","Golden Idol","Tiny Chest","Omamori","Vajra","ClockworkSouvenir","Pen Nib","Cursed Key","Red Skull","Centennial Puzzle","Bag of Marbles","War Paint","Matryoshka","Frozen Egg 2","Letter Opener"],"potions_floor_usage":[12,16,16,24,33],"damage_taken":[{"damage":0,"enemies":"Small Slimes","floor":1,"turns":1},{"damage":0,"enemies":"2 Louse","floor":2,"turns":1},{"damage":0,"enemies":"Lagavulin","floor":6,"turns":1},{"damage":2,"enemies":"Jaw Worm","floor":8,"turns":3},{"damage":8,"enemies":"Blue Slaver","floor":11,"turns":3},{"damage":16,"enemies":"Gremlin Nob","floor":12,"turns":3},{"damage":6,"enemies":"Exordium Wildlife","floor":13,"turns":3},{"damage":0,"enemies":"2 Fungi Beasts","floor":14,"turns":2},{"damage":29,"enemies":"Hexaghost","floor":16,"turns":9},{"damage":23,"enemies":"3 Byrds","floor":18,"turns":6},{"damage":25,"enemies":"Gremlin Leader","floor":24,"turns":5},{"damage":6,"enemies":"2 Thieves","floor":27,"turns":3},{"damage":0,"enemies":"Centurion and Healer","floor":31,"turns":3},{"damage":76,"enemies":"Automaton","floor":33,"turns":8}],"seed_played":"4362711109278499649","potions_obtained":[{"floor":6,"key":"Poison Potion"},{"floor":11,"key":"Energy Potion"},{"floor":12,"key":"Dexterity Potion"},{"floor":16,"key":"LiquidBronze"},{"floor":18,"key":"Ancient Potion"},{"floor":24,"key":"Fruit Juice"}],"is_trial":false,"path_per_floor":["M","M","?","$","?","E","T","M","T","$","M","E","M","M","R","B",null,"M","?","$","?","$","R","E","R","T","M","$","?","T","M","R","B"],"character_chosen":"IRONCLAD","items_purchased":["ClockworkSouvenir","Shrug It Off","Bag of Marbles","Shrug It Off"],"campfire_rested":2,"item_purchase_floors":[10,22,22,28],"current_hp_per_floor":[74,75,68,68,48,54,54,58,58,58,56,46,46,52,52,29,58,41,41,41,41,41,41,27,48,48,48,48,48,48,54,73,0],"gold":19,"neow_bonus":"THREE_ENEMY_KILL","is_prod":false,"is_daily":false,"chose_seed":false,"campfire_upgraded":2,"win_rate":0,"timestamp":1553211932,"path_taken":["M","M","?","$","?","E","?","M","T","$","M","E","M","M","R","BOSS","M","?","$","?","$","R","E","R","T","M","?","?","?","M","R","BOSS"],"build_version":"2019-01-23","purchased_purges":0,"victory":false,"max_hp_per_floor":[75,75,68,68,68,68,68,68,68,68,68,68,68,68,68,68,68,68,68,68,68,68,68,73,73,73,73,73,73,73,73,73,73],"card_choices":[{"not_picked":["Sever Soul","Shockwave"],"picked":"Perfected Strike","floor":1},{"not_picked":["Seeing Red","Fire Breathing","Havoc"],"picked":"SKIP","floor":2},{"not_picked":["Exhume","Metallicize"],"picked":"Rampage","floor":6},{"not_picked":["Clothesline","Clash","Shockwave"],"picked":"SKIP","floor":8},{"not_picked":["Corruption","Body Slam"],"picked":"Sword Boomerang","floor":11},{"not_picked":["Perfected Strike","Heavy Blade"],"picked":"Armaments","floor":12},{"not_picked":["Thunderclap","Evolve","Sword Boomerang"],"picked":"SKIP","floor":13},{"not_picked":["Hemokinesis","Ghostly Armor"],"picked":"Perfected Strike","floor":14},{"not_picked":["Brutality","Juggernaut"],"picked":"Double Tap","floor":16},{"not_picked":["Havoc","Headbutt"],"picked":"Twin Strike+1","floor":18},{"not_picked":["Thunderclap","Heavy Blade","Havoc"],"picked":"SKIP","floor":24},{"not_picked":["Intimidate","Anger","Wild Strike"],"picked":"SKIP","floor":27},{"not_picked":["Clash+1","Corruption+1"],"picked":"Flame Barrier","floor":31}],"player_experience":437723,"relics_obtained":[{"floor":6,"key":"Tiny Chest"},{"floor":7,"key":"Omamori"},{"floor":9,"key":"Vajra"},{"floor":12,"key":"Pen Nib"},{"floor":24,"key":"War Paint"},{"floor":26,"key":"Matryoshka"},{"floor":30,"key":"Frozen Egg 2"},{"floor":30,"key":"Letter Opener"}],"event_choices":[{"damage_healed":0,"gold_gain":0,"player_choice":"Lose Max HP","damage_taken":0,"relics_obtained":["Golden Idol"],"max_hp_gain":0,"max_hp_loss":7,"event_name":"Golden Idol","floor":3,"gold_loss":0},{"damage_healed":0,"gold_gain":0,"player_choice":"Entered Light","damage_taken":20,"max_hp_gain":0,"max_hp_loss":0,"event_name":"Shining Light","floor":5,"gold_loss":0,"cards_upgraded":["Strike_R","Perfected Strike"]},{"damage_healed":0,"gold_gain":0,"player_choice":"Obtained Relic","damage_taken":0,"relics_obtained":["Red Skull"],"max_hp_gain":0,"max_hp_loss":0,"event_name":"Addict","floor":19,"gold_loss":85},{"damage_healed":0,"gold_gain":0,"player_choice":"Opened","damage_taken":0,"relics_obtained":["Centennial Puzzle"],"max_hp_gain":0,"max_hp_loss":0,"event_name":"The Mausoleum","floor":21,"gold_loss":0,"cards_obtained":["Writhe"]},{"damage_healed":0,"gold_gain":0,"player_choice":"Ignored","damage_taken":0,"max_hp_gain":0,"max_hp_loss":0,"event_name":"Beggar","floor":29,"gold_loss":0}],"is_beta":false,"boss_relics":[{"not_picked":["Runic Cube","Black Star"],"picked":"Cursed Key"}],"items_purged_floors":[],"is_endless":false,"potions_floor_spawned":[6,11,12,14,16,18,24],"killed_by":"Automaton","ascension_level":16}