{"gold_per_floor":[116,116,133,147,222,232,263,293,320,320,149,164,47,60,60,132,132,144,164,178,178,178,178,205,205,205,220,220,220,236,126,126,200,200,214,234,18,18,35,35],"floor_reached":40,"playtime":2134,"items_purged":["Strike_B"],"score":841,"play_id":"c5772038-dde9-40db-8973-c160d04bb7eb","local_time":"20190605113226","is_ascension_mode":true,"campfire_choices":[{"floor":10,"key":"REST"},{"data":"Creative AI","floor":15,"key":"SMITH"},{"data":"Echo Form","floor":23,"key":"SMITH"},{"data":"Blizzard","floor":25,"key":"SMITH"},{"data":"Go for the Eyes","floor":29,"key":"SMITH"},{"data":"Glacier","floor":32,"key":"SMITH"}],"neow_cost":"NONE","seed_source_timestamp":125994169250277,"circlet_count":0,"master_deck":["AscendersBane","Defend_B","Defend_B+1","Zap","Dualcast","Creative AI+1","Ball Lightning","Doom and Gloom","Coolheaded+1","Glacier+1","White Noise","Melter","Coolheaded","Sunder","Echo Form+1","Conserve Battery","Blizzard+1","Bite","Bite","Bite","Bite","Bite","Go for the Eyes+1","Core Surge","Undo"],"relics":["Cracked Core","Bag of Preparation","Odd Mushroom","PreservedInsect","DataDisk","Coffee Dripper","FaceOfCleric","War Paint","Bottled Flame","MutagenicStrength","Nuclear Battery","Frozen Eye"],"potions_floor_usage":[6,7,16,16,24,30,33],"damage_taken":[{"damage":4,"enemies":"Small Slimes","floor":1,"turns":3},{"damage":9,"enemies":"2 Louse","floor":3,"turns":2},{"damage":2,"enemies":"Jaw Worm","floor":4,"turns":4},{"damage":7,"enemies":"Looter","floor":6,"turns":3},{"damage":5,"enemies":"3 Sentries","floor":7,"turns":3},{"damage":16,"enemies":"The Mushroom Lair","floor":8,"turns":4},{"damage":9,"enemies":"Exordium Thugs","floor":12,"turns":5},{"damage":1,"enemies":"3 Louse","floor":14,"turns":3},{"damage":25,"enemies":"The Guardian","floor":16,"turns":17},{"damage":4,"enemies":"Chosen","floor":18,"turns":7},{"damage":7,"enemies":"Shell Parasite","floor":19,"turns":6},{"damage":16,"enemies":"Centurion and Healer","floor":20,"turns":7},{"damage":20,"enemies":"Gremlin Leader","floor":24,"turns":6},{"damage":2,"enemies":"Snecko","floor":27,"turns":5},{"damage":0,"enemies":"Snake Plant","floor":30,"turns":3},{"damage":14,"enemies":"Champ","floor":33,"turns":15},{"damage":14,"enemies":"Orb Walker","floor":35,"turns":3},{"damage":0,"enemies":"3 Shapes","floor":36,"turns":5},{"damage":17,"enemies":"3 Darklings","floor":39,"turns":5},{"damage":60,"enemies":"Reptomancer","floor":40,"turns":4}],"seed_played":"5739976129121240747","potions_obtained":[{"floor":4,"key":"SpeedPotion"},{"floor":6,"key":"AttackPotion"},{"floor":12,"key":"EssenceOfSteel"},{"floor":14,"key":"AttackPotion"},{"floor":16,"key":"Explosive Potion"},{"floor":18,"key":"Fire Potion"},{"floor":30,"key":"GamblersBrew"}],"is_trial":false,"path_per_floor":["M","?","M","M","?","M","E","?","T","R","$","M","$","M","R","B",null,"M","M","M","?","?","R","E","R","T","M","?","R","M","?","R","B",null,"M","M","$","?","M","E"],"character_chosen":"DEFECT","items_purchased":["DataDisk","Sunder","Frozen Eye"],"campfire_rested":1,"item_purchase_floors":[11,13,37],"current_hp_per_floor":[60,65,56,54,43,36,31,15,15,37,37,28,28,27,27,2,58,54,47,31,31,31,31,38,38,38,47,47,47,54,54,54,57,57,44,55,55,55,43,0],"gold":35,"neow_bonus":"ONE_RANDOM_RARE_CARD","is_prod":false,"is_daily":false,"chose_seed":false,"campfire_upgraded":5,"win_rate":0,"timestamp":1559748746,"path_taken":["M","?","M","M","?","M","E","?","T","R","?","M","$","M","R","BOSS","M","M","M","?","?","R","E","R","T","?","?","R","M","?","R","BOSS","M","?","$","?","M","E"],"build_version":"2019-01-23","purchased_purges":1,"victory":false,"max_hp_per_floor":[71,76,76,76,76,76,76,76,76,76,76,76,76,76,76,76,76,76,76,76,53,53,53,54,54,54,55,55,55,56,56,56,57,57,58,59,59,59,60,60],"card_choices":[{"not_picked":["Stack","Hello World"],"picked":"Ball Lightning","floor":1},{"not_picked":["Steam","Turbo"],"picked":"Doom and Gloom","floor":3},{"not_picked":["Rebound","Gash"],"picked":"Coolheaded","floor":4},{"not_picked":["Barrage","Hologram"],"picked":"Glacier","floor":6},{"not_picked":["Genetic Algorithm","Conserve Battery"],"picked":"White Noise","floor":7},{"not_picked":["Reinforced Body","Stack"],"picked":"Melter","floor":8},{"not_picked":["Beam Cell","Rebound"],"picked":"Coolheaded","floor":12},{"not_picked":["Double Energy","Rebound","Storm"],"picked":"SKIP","floor":14},{"not_picked":["Multi-Cast","Rainbow"],"picked":"Echo Form","floor":16},{"not_picked":["Compile Driver","Hologram"],"picked":"Conserve Battery","floor":18},{"not_picked":["Cold Snap","Lockon"],"picked":"Blizzard","floor":19},{"not_picked":["Hologram","Compile Driver","Rip and Tear"],"picked":"SKIP","floor":20},{"not_picked":["Beam Cell","Leap"],"picked":"Go for the Eyes","floor":24},{"not_picked":["Beam Cell","Compile Driver","Hello World"],"picked":"SKIP","floor":27},{"not_picked":["Barrage","Static Discharge+1","Creative AI"],"picked":"SKIP","floor":30},{"not_picked":["Hyperbeam","Reboot"],"picked":"Core Surge","floor":33},{"not_picked":["Stack","Reprogram+1"],"picked":"Undo","floor":35},{"not_picked":["Fusion","Genetic Algorithm","Turbo+1"],"picked":"SKIP","floor":36},{"not_picked":["Ball Lightning","Gash","Storm+1"],"picked":"SKIP","floor":39}],"player_experience":840547,"relics_obtained":[{"floor":7,"key":"Bag of Preparation"},{"floor":8,"key":"Odd Mushroom"},{"floor":9,"key":"PreservedInsect"},{"floor":24,"key":"War Paint"},{"floor":26,"key":"Bottled Flame"}],"event_choices":[{"damage_healed":0,"gold_gain":0,"player_choice":"Donut","damage_taken":0,"max_hp_gain":5,"max_hp_loss":0,"event_name":"Big Fish","floor":2,"gold_loss":0},{"damage_healed":0,"gold_gain":75,"player_choice":"Gather Gold","damage_taken":11,"max_hp_gain":0,"max_hp_loss":0,"event_name":"World of Goop","floor":5,"gold_loss":0},{"damage_healed":0,"gold_gain":0,"player_choice":"Fought Mushrooms","damage_taken":0,"max_hp_gain":0,"max_hp_loss":0,"event_name":"Mushrooms","floor":8,"gold_loss":0},{"damage_healed":0,"gold_gain":0,"player_choice":"Became a vampire","damage_taken":0,"max_hp_gain":0,"max_hp_loss":23,"event_name":"Vampires","floor":21,"gold_loss":0,"cards_obtained":["Bite","Bite","Bite","Bite","Bite"]},{"damage_healed":0,"gold_gain":0,"player_choice":"Trade","damage_taken":0,"relics_obtained":["FaceOfCleric"],"max_hp_gain":0,"max_hp_loss":0,"event_name":"FaceTrader","floor":22,"gold_loss":0},{"damage_healed":0,"gold_gain":0,"player_choice":"Inject Mutagens","damage_taken":0,"relics_obtained":["MutagenicStrength"],"max_hp_gain":0,"max_hp_loss":0,"event_name":"Drug Dealer","floor":28,"gold_loss":0},{"cards_removed":["Defend_B"],"damage_healed":0,"gold_gain":0,"player_choice":"Upgrade and Remove","damage_taken":0,"max_hp_gain":0,"max_hp_loss":0,"event_name":"Designer","floor":31,"gold_loss":110,"cards_upgraded":["Coolheaded"]},{"cards_removed":["Defend_B"],"damage_healed":0,"gold_gain":0,"player_choice":"Removed Skill","damage_taken":0,"max_hp_gain":0,"max_hp_loss":0,"event_name":"Falling","floor":38,"gold_loss":0}],"is_beta":false,"boss_relics":[{"not_picked":["Runic Pyramid","Empty Cage"],"picked":"Coffee Dripper"},{"not_picked":["Lizard Tail","FrozenCore"],"picked":"Nuclear Battery"}],"items_purged_floors":[13],"is_endless":false,"potions_floor_spawned":[4,6,12,14,16,18,19,30],"killed_by":"Reptomancer","ascension_level":20}