{"gold_per_floor":[117,135,60,75,75,75,99,99,99,118,137,175,188,219,219,309,309,324,345,363,45,69,69,84,108,108,108,108,108,108,121,121,220,220,239,260,260,285,150,188,188,19,19,19],"floor_reached":44,"playtime":1888,"items_purged":["Decay"],"score":984,"play_id":"0964008e-d1db-470e-81c4-bd89382515f2","local_time":"20190402164035","is_ascension_mode":true,"campfire_choices":[{"data":"Rampage","floor":6,"key":"SMITH"},{"data":"Armaments","floor":15,"key":"SMITH"},{"data":"Demon Form","floor":23,"key":"SMITH"},{"floor":28,"key":"REST"},{"data":"Uppercut","floor":32,"key":"SMITH"},{"data":"Bite","floor":41,"key":"PURGE"}],"neow_cost":"CURSE","seed_source_timestamp":1118364950353677,"circlet_count":0,"master_deck":["AscendersBane","Defend_R","Defend_R","Defend_R","Defend_R","Bash","Double Tap+1","Armaments+1","Rampage+1","Headbutt","Metallicize","Metallicize","Reaper","Shrug It Off","Iron Wave","Demon Form+1","Heavy Blade","Immolate","Pummel","Heavy Blade","Shrug It Off+1","Shockwave+1","Bite","Bite","Bite","Bite","Reaper","Uppercut+1","Impervious+1","Whirlwind+1","Clothesline+1","Limit Break+1","True Grit+1","Offering+1","Decay"],"relics":["Burning Blood","Golden Idol","StoneCalendar","Mango","Red Skull","Velvet Choker","Toxic Egg 2","Bottled Tornado","Cursed Key","Peace Pipe","Oddly Smooth Stone","Bag of Marbles"],"potions_floor_usage":[10,10,12,13,14,33,38,44,44],"damage_taken":[{"damage":10,"enemies":"Small Slimes","floor":1,"turns":3},{"damage":6,"enemies":"Jaw Worm","floor":2,"turns":5},{"damage":0,"enemies":"Cultist","floor":4,"turns":3},{"damage":20,"enemies":"3 Louse","floor":7,"turns":6},{"damage":5,"enemies":"Gremlin Gang","floor":10,"turns":2},{"damage":17,"enemies":"Exordium Wildlife","floor":11,"turns":5},{"damage":21,"enemies":"3 Sentries","floor":12,"turns":7},{"damage":4,"enemies":"2 Fungi Beasts","floor":13,"turns":4},{"damage":26,"enemies":"Gremlin Nob","floor":14,"turns":6},{"damage":5,"enemies":"Hexaghost","floor":16,"turns":9},{"damage":42,"enemies":"3 Byrds","floor":18,"turns":7},{"damage":14,"enemies":"Chosen","floor":19,"turns":7},{"damage":33,"enemies":"Centurion and Healer","floor":20,"turns":6},{"damage":19,"enemies":"Snake Plant","floor":22,"turns":3},{"damage":41,"enemies":"Shelled Parasite and Fungi","floor":24,"turns":4},{"damage":6,"enemies":"Chosen and Byrds","floor":25,"turns":3},{"damage":26,"enemies":"3 Cultists","floor":31,"turns":5},{"damage":31,"enemies":"Champ","floor":33,"turns":9},{"damage":30,"enemies":"3 Darklings","floor":35,"turns":5},{"damage":1,"enemies":"3 Shapes","floor":36,"turns":7},{"damage":0,"enemies":"Spire Growth","floor":38,"turns":5},{"damage":31,"enemies":"Giant Head","floor":40,"turns":6},{"damage":73,"enemies":"Sphere and 2 Shapes","floor":44,"turns":3}],"seed_played":"-1208445935714947052","potions_obtained":[{"floor":1,"key":"SteroidPotion"},{"floor":4,"key":"Explosive Potion"},{"floor":11,"key":"LiquidBronze"},{"floor":12,"key":"Poison Potion"},{"floor":13,"key":"Weak Potion"},{"floor":22,"key":"Dexterity Potion"},{"floor":25,"key":"Regen Potion"},{"floor":33,"key":"Weak Potion"},{"floor":36,"key":"Ancient Potion"},{"floor":40,"key":"Explosive Potion"}],"is_trial":false,"path_per_floor":["M","M","$","M","?","R","M","?","T","M","M","E","M","E","R","B",null,"M","M","M","$","M","R","M","M","T","?","R","?","?","M","R","B",null,"M","M","?","M","$","E","R","$","T","M"],"character_chosen":"IRONCLAD","items_purchased":["Toxic Egg 2","Heavy Blade","Limit Break+1","True Grit+1","Oddly Smooth Stone"],"campfire_rested":1,"item_purchase_floors":[21,21,39,39,42],"current_hp_per_floor":[64,64,64,70,68,68,54,54,54,55,44,43,49,35,35,44,73,55,51,43,43,30,30,8,23,23,39,63,57,57,57,57,57,57,39,50,50,57,57,57,57,57,57,0],"gold":19,"neow_bonus":"THREE_RARE_CARDS","is_prod":false,"is_daily":false,"chose_seed":false,"campfire_upgraded":4,"win_rate":0,"timestamp":1554237635,"path_taken":["M","M","$","M","?","R","M","?","T","M","M","E","M","E","R","BOSS","M","M","M","$","M","R","M","M","T","?","R","?","?","?","R","BOSS","M","M","?","?","$","E","R","$","T","M"],"build_version":"2019-01-23","purchased_purges":1,"victory":false,"max_hp_per_floor":[75,75,75,75,68,68,68,68,68,68,68,82,82,82,82,82,82,82,82,82,82,82,82,82,82,82,82,82,57,57,57,57,57,57,57,57,57,57,57,57,57,57,57,57],"card_choices":[{"not_picked":["Brutality","Barricade"],"picked":"Double Tap","floor":0},{"not_picked":["Power Through","Flex"],"picked":"Armaments","floor":1},{"not_picked":["Warcry","Sword Boomerang"],"picked":"Rampage","floor":2},{"not_picked":["Hemokinesis","Flex"],"picked":"Headbutt","floor":4},{"not_picked":["Headbutt","Seeing Red"],"picked":"Metallicize","floor":7},{"not_picked":["Burning Pact","Flex"],"picked":"Metallicize","floor":10},{"not_picked":["Power Through","Anger","Limit Break"],"picked":"SKIP","floor":11},{"not_picked":["Dropkick","Cleave"],"picked":"Reaper","floor":12},{"not_picked":["Body Slam","Twin Strike"],"picked":"Shrug It Off","floor":13},{"not_picked":["Second Wind","Anger"],"picked":"Iron Wave","floor":14},{"not_picked":["Double Tap","Juggernaut"],"picked":"Demon Form","floor":16},{"not_picked":["Pommel Strike","Twin Strike"],"picked":"Heavy Blade","floor":18},{"not_picked":["Seeing Red","Clothesline"],"picked":"Immolate","floor":19},{"not_picked":["Body Slam+1","Thunderclap"],"picked":"Pummel","floor":20},{"not_picked":["Hemokinesis","Pommel Strike"],"picked":"Shrug It Off+1","floor":22},{"not_picked":["Fire Breathing","Havoc+1"],"picked":"Shockwave+1","floor":24},{"not_picked":["Sword Boomerang","Warcry+1","Dual Wield+1"],"picked":"SKIP","floor":25},{"not_picked":["Juggernaut","Seeing Red+1"],"picked":"Uppercut","floor":31},{"not_picked":["Demon Form","Offering+1"],"picked":"Impervious+1","floor":33},{"not_picked":["Rampage","Feel No Pain+1"],"picked":"Whirlwind+1","floor":35},{"not_picked":["Dual Wield+1","Twin Strike+1"],"picked":"Clothesline+1","floor":36},{"not_picked":["Shockwave+1","Sword Boomerang","Clothesline"],"picked":"SKIP","floor":38},{"not_picked":["Offering+1","Reckless Charge","Infernal Blade+1"],"picked":"SKIP","floor":40},{"not_picked":["Reckless Charge","Infernal Blade+1"],"picked":"Offering+1","floor":40}],"player_experience":492311,"relics_obtained":[{"floor":9,"key":"StoneCalendar"},{"floor":12,"key":"Mango"},{"floor":14,"key":"Red Skull"},{"floor":26,"key":"Bottled Tornado"},{"floor":40,"key":"Peace Pipe"},{"floor":43,"key":"Bag of Marbles"}],"event_choices":[{"damage_healed":0,"gold_gain":0,"player_choice":"Lose Max HP","damage_taken":0,"relics_obtained":["Golden Idol"],"max_hp_gain":0,"max_hp_loss":7,"event_name":"Golden Idol","floor":5,"gold_loss":0},{"damage_healed":0,"gold_gain":0,"player_choice":"Ignored","damage_taken":0,"max_hp_gain":0,"max_hp_loss":0,"event_name":"Liars Game","floor":8,"gold_loss":0},{"damage_healed":16,"gold_gain":0,"player_choice":"Heal","damage_taken":0,"max_hp_gain":0,"max_hp_loss":0,"event_name":"The Library","floor":27,"gold_loss":0},{"damage_healed":0,"gold_gain":0,"player_choice":"Became a vampire","damage_taken":0,"max_hp_gain":0,"max_hp_loss":25,"event_name":"Vampires","floor":29,"gold_loss":0,"cards_obtained":["Bite","Bite","Bite","Bite","Bite"]},{"damage_healed":0,"gold_gain":0,"player_choice":"Copied","damage_taken":0,"max_hp_gain":0,"max_hp_loss":0,"event_name":"Duplicator","floor":30,"gold_loss":0,"cards_obtained":["Reaper"]},{"damage_healed":0,"gold_gain":0,"player_choice":"Forge","damage_taken":0,"max_hp_gain":0,"max_hp_loss":0,"event_name":"Accursed Blacksmith","floor":37,"gold_loss":0,"cards_upgraded":["Double Tap"]}],"is_beta":false,"boss_relics":[{"not_picked":["Tiny House","Empty Cage"],"picked":"Velvet Choker"},{"not_picked":["Pandora\u0027s Box","Black Star"],"picked":"Cursed Key"}],"items_purged_floors":[3],"is_endless":false,"potions_floor_spawned":[1,4,11,12,13,22,25,31,33,36,40],"killed_by":"Sphere and 2 Shapes","ascension_level":19}