{"gold_per_floor":[112,127,127,52,52,52,91,114,114,114,132,32,46,60,60,154,154,174,70,195,169,187,187,112,131,131,174,186,198,234,260,272,380,392,417,490,522,534,45,45,79,100,125,149,193,193,114,152,152,152,152],"floor_reached":52,"playtime":3014,"items_purged":["Injury","Pain","Strike_R+1"],"score":1924,"play_id":"a53a1631-d19a-42e0-a51b-fe9725579a41","local_time":"20190620214918","is_ascension_mode":true,"campfire_choices":[{"data":"Demon Form","floor":6,"key":"SMITH"},{"data":"Bash","floor":10,"key":"SMITH"},{"data":"Clothesline","floor":15,"key":"SMITH"},{"data":"True Grit","floor":23,"key":"SMITH"},{"floor":28,"key":"REST"},{"data":"Heavy Blade","floor":32,"key":"SMITH"},{"data":"True Grit","floor":40,"key":"SMITH"},{"data":"Heavy Blade","floor":46,"key":"SMITH"},{"floor":49,"key":"REST"}],"neow_cost":"NONE","seed_source_timestamp":594254214053160,"circlet_count":0,"master_deck":["AscendersBane","Strike_R+1","Strike_R+1","Strike_R+1","Defend_R+1","Defend_R+1","Defend_R+1","Defend_R+1","Bash+1","Demon Form+1","Pommel Strike","Headbutt","Whirlwind","Clothesline+1","True Grit+1","Reaper","Metallicize+1","Heavy Blade+1","Shrug It Off+1","Power Through+1","Sever Soul+1","True Grit+1","Reaper","Sword Boomerang+1","Metallicize+1","Heavy Blade+1","Flame Barrier"],"relics":["Burning Blood","Golden Idol","WarpedTongs","Frozen Egg 2","PreservedInsect","Sozu","Bird Faced Urn","Darkstone Periapt","Self Forming Clay","MawBank","Snecko Eye","Nunchaku","Kunai","Singing Bowl","War Paint","Potion Belt","Paper Frog"],"potions_floor_usage":[16],"damage_taken":[{"damage":4,"enemies":"Jaw Worm","floor":1,"turns":5},{"damage":3,"enemies":"2 Louse","floor":2,"turns":4},{"damage":40,"enemies":"3 Sentries","floor":7,"turns":6},{"damage":8,"enemies":"Cultist","floor":8,"turns":4},{"damage":13,"enemies":"Large Slime","floor":11,"turns":5},{"damage":7,"enemies":"Blue Slaver","floor":13,"turns":4},{"damage":7,"enemies":"Looter","floor":14,"turns":3},{"damage":8,"enemies":"Hexaghost","floor":16,"turns":7},{"damage":18,"enemies":"Chosen","floor":18,"turns":4},{"damage":46,"enemies":"Colosseum Slavers","floor":20,"turns":16},{"damage":38,"enemies":"Colosseum Nobs","floor":20,"turns":4},{"damage":18,"enemies":"2 Thieves","floor":21,"turns":4},{"damage":22,"enemies":"Centurion and Healer","floor":22,"turns":6},{"damage":25,"enemies":"Snecko","floor":25,"turns":9},{"damage":46,"enemies":"Book of Stabbing","floor":27,"turns":6},{"damage":27,"enemies":"3 Cultists","floor":30,"turns":5},{"damage":10,"enemies":"Snake Plant","floor":31,"turns":5},{"damage":58,"enemies":"Collector","floor":33,"turns":10},{"damage":3,"enemies":"3 Darklings","floor":35,"turns":4},{"damage":57,"enemies":"2 Orb Walkers","floor":36,"turns":5},{"damage":39,"enemies":"3 Shapes","floor":37,"turns":11},{"damage":8,"enemies":"Giant Head","floor":41,"turns":6},{"damage":5,"enemies":"Transient","floor":42,"turns":6},{"damage":28,"enemies":"Spire Growth","floor":44,"turns":6},{"damage":3,"enemies":"Nemesis","floor":45,"turns":5},{"damage":67,"enemies":"Reptomancer","floor":48,"turns":6},{"damage":43,"enemies":"Awakened One","floor":50,"turns":12},{"damage":89,"enemies":"Time Eater","floor":51,"turns":11}],"seed_played":"-7835276036118617026","potions_obtained":[{"floor":1,"key":"BloodPotion"},{"floor":2,"key":"Poison Potion"},{"floor":7,"key":"PowerPotion"}],"is_trial":false,"path_per_floor":["M","M","?","$","?","R","E","M","T","R","M","$","M","M","R","B",null,"M","$","?","M","M","R","?","M","T","E","R","?","M","M","R","B",null,"M","?","M","?","$","R","E","M","T","M","E","R","$","E","R","B","B",null],"character_chosen":"IRONCLAD","items_purchased":["Heavy Blade","Shrug It Off","Kunai","Metallicize+1","Flame Barrier"],"campfire_rested":2,"item_purchase_floors":[19,19,39,39,47],"current_hp_per_floor":[70,73,73,73,73,73,39,37,37,37,30,30,29,28,28,26,63,62,62,33,25,45,45,45,44,44,18,40,40,44,65,65,46,68,75,49,68,68,68,68,75,77,77,77,81,81,81,22,46,83,20],"gold":152,"neow_bonus":"ONE_RANDOM_RARE_CARD","is_prod":false,"is_daily":false,"chose_seed":false,"campfire_upgraded":7,"win_rate":0,"timestamp":1561081758,"path_taken":["M","M","?","$","?","R","E","M","T","R","?","$","M","M","R","BOSS","M","$","?","M","M","R","?","M","T","E","R","?","M","M","R","BOSS","M","?","M","?","$","R","E","M","T","M","E","R","$","E","R","BOSS","BOSS"],"build_version":"2019-01-23","purchased_purges":3,"victory":true,"max_hp_per_floor":[75,75,75,75,75,75,75,75,75,75,75,75,75,75,75,75,75,75,75,75,75,75,75,75,75,75,75,75,75,75,75,75,75,75,75,75,75,75,75,75,75,77,77,79,81,81,81,83,83,83,83],"card_choices":[{"not_picked":["Feel No Pain","Power Through"],"picked":"Pommel Strike","floor":1},{"not_picked":["Heavy Blade","Corruption","Headbutt"],"picked":"SKIP","floor":2},{"not_picked":["Heavy Blade","Corruption"],"picked":"Headbutt","floor":2},{"not_picked":["Armaments","Twin Strike"],"picked":"Whirlwind","floor":7},{"not_picked":["Intimidate","Body Slam"],"picked":"Clothesline","floor":8},{"not_picked":["Warcry","Body Slam","Pommel Strike"],"picked":"SKIP","floor":11},{"not_picked":["Armaments","Pommel Strike"],"picked":"True Grit","floor":13},{"not_picked":["Wild Strike","Dual Wield","Pommel Strike"],"picked":"SKIP","floor":14},{"not_picked":["Brutality+1","Double Tap"],"picked":"Reaper","floor":16},{"not_picked":["Infernal Blade","Sword Boomerang"],"picked":"Metallicize+1","floor":18},{"not_picked":["Clothesline","Wild Strike","Bloodletting"],"picked":"SKIP","floor":21},{"not_picked":["Headbutt","Flex","Blood for Blood"],"picked":"SKIP","floor":22},{"not_picked":["Body Slam","Anger","Wild Strike"],"picked":"SKIP","floor":25},{"not_picked":["Pommel Strike","Anger+1"],"picked":"Power Through","floor":27},{"not_picked":["Spot Weakness","Perfected Strike"],"picked":"Sever Soul+1","floor":30},{"not_picked":["Body Slam","Rage"],"picked":"True Grit","floor":31},{"not_picked":["Brutality+1","Demon Form+1"],"picked":"Reaper","floor":33},{"not_picked":["Rupture+1","Warcry"],"picked":"Sword Boomerang+1","floor":35},{"not_picked":["Armaments","Dropkick","Clash"],"picked":"SKIP","floor":37},{"not_picked":["Berserk+1","Infernal Blade+1"],"picked":"Heavy Blade","floor":41},{"not_picked":["Cleave","Clash","Warcry"],"picked":"Singing Bowl","floor":42},{"not_picked":["Thunderclap+1","Reckless Charge","Entrench"],"picked":"Singing Bowl","floor":44},{"not_picked":["Sword Boomerang","Disarm","Body Slam"],"picked":"Singing Bowl","floor":45},{"not_picked":["Thunderclap","Intimidate","Evolve+1"],"picked":"Singing Bowl","floor":48}],"player_experience":943288,"relics_obtained":[{"floor":7,"key":"Frozen Egg 2"},{"floor":9,"key":"PreservedInsect"},{"floor":20,"key":"Bird Faced Urn"},{"floor":20,"key":"Darkstone Periapt"},{"floor":26,"key":"Self Forming Clay"},{"floor":27,"key":"MawBank"},{"floor":36,"key":"Nunchaku"},{"floor":41,"key":"Singing Bowl"},{"floor":43,"key":"War Paint"},{"floor":45,"key":"Potion Belt"},{"floor":48,"key":"Paper Frog"}],"event_choices":[{"damage_healed":0,"gold_gain":0,"player_choice":"Take Wound","damage_taken":0,"relics_obtained":["Golden Idol"],"max_hp_gain":0,"max_hp_loss":0,"event_name":"Golden Idol","floor":3,"gold_loss":0,"cards_obtained":["Injury"]},{"damage_healed":0,"gold_gain":0,"player_choice":"Rummage","damage_taken":0,"relics_obtained":["WarpedTongs"],"max_hp_gain":0,"max_hp_loss":0,"event_name":"Accursed Blacksmith","floor":5,"gold_loss":0,"cards_obtained":["Pain"]},{"damage_healed":0,"gold_gain":0,"player_choice":"Fight","damage_taken":0,"max_hp_gain":0,"max_hp_loss":0,"event_name":"Colosseum","floor":20,"gold_loss":0},{"damage_healed":0,"gold_gain":0,"player_choice":"Fought Nobs","damage_taken":0,"max_hp_gain":0,"max_hp_loss":0,"event_name":"Colosseum","floor":20,"gold_loss":0},{"cards_removed":["Strike_R"],"damage_healed":0,"gold_gain":0,"player_choice":"Gave Gold","damage_taken":0,"max_hp_gain":0,"max_hp_loss":0,"event_name":"Beggar","floor":24,"gold_loss":75},{"damage_healed":0,"gold_gain":0,"player_choice":"Simplicity","damage_taken":0,"max_hp_gain":0,"max_hp_loss":0,"event_name":"Back to Basics","floor":29,"gold_loss":0,"cards_upgraded":["Strike_R","Strike_R","Strike_R","Strike_R","Defend_R","Defend_R","Defend_R","Defend_R"]},{"damage_healed":0,"gold_gain":0,"player_choice":"Fight","damage_taken":0,"max_hp_gain":0,"max_hp_loss":0,"event_name":"Mysterious Sphere","floor":36,"gold_loss":0},{"damage_healed":0,"gold_gain":0,"player_choice":"Ignored","damage_taken":0,"max_hp_gain":0,"max_hp_loss":0,"event_name":"Tomb of Lord Red Mask","floor":38,"gold_loss":0}],"is_beta":false,"boss_relics":[{"not_picked":["Runic Cube","Runic Dome"],"picked":"Sozu"},{"not_picked":["Cursed Key","Busted Crown"],"picked":"Snecko Eye"}],"items_purged_floors":[4,12,39],"is_endless":false,"potions_floor_spawned":[1,2,7,18,27,31,33,45,48],"ascension_level":20}