{"gold_per_floor":[117,117,40,40,40,74,89,89,89,117,146,146,146,165,165,270,270,283,208,208,173,192,225,225,225,225,225,252,262,280,291,291,391,391,401,418,437,437,437,449,464,197,222,232,232,243,243,258,258,258],"floor_reached":50,"playtime":3068,"items_purged":["Reflex+1"],"score":823,"play_id":"26c874a7-a692-4dcd-809e-db7bbf047f0a","local_time":"20180816181703","is_ascension_mode":true,"campfire_choices":[{"data":"Footwork","floor":8,"key":"SMITH"},{"data":"Noxious Fumes","floor":13,"key":"SMITH"},{"data":"Deadly Poison","floor":15,"key":"SMITH"},{"data":"Bullet Time","floor":24,"key":"SMITH"},{"data":"Ghostly","floor":27,"key":"SMITH"},{"data":"Ghostly","floor":32,"key":"SMITH"},{"data":"Ghostly","floor":45,"key":"SMITH"},{"data":"Ghostly","floor":47,"key":"SMITH"},{"data":"Catalyst","floor":49,"key":"SMITH"}],"neow_cost":"NONE","seed_source_timestamp":3496400611950,"circlet_count":0,"master_deck":["Defend_G","Defend_G","Defend_G","Strike_G","Survivor","Neutralize+1","AscendersBane","Well Laid Plans","Footwork+1","Flying Knee","Noxious Fumes+1","Dagger Spray","Deadly Poison+1","Bullet Time+1","Dash","Ghostly+1","Ghostly+1","Ghostly+1","Ghostly+1","Ghostly","Dodge and Roll+1","Acrobatics+1","Die Die Die","Catalyst+1","Corpse Explosion","Venomology+1","Tactician+1","Noxious Fumes+1","Bullet Time+1","Catalyst+1"],"relics":["Ring of the Serpent","Bag of Preparation","Orichalcum","Anchor","Odd Mushroom","Boot","Strawberry","Bottled Lightning","Red Mask","Astrolabe","DollysMirror","Lantern"],"potions_floor_usage":[6,10,18,18,22,33,35,37,37,41,41,44,44,46,48,50,50],"damage_taken":[{"damage":1,"enemies":"Small Slimes","floor":1,"turns":4},{"damage":10,"enemies":"Lagavulin","floor":6,"turns":8},{"damage":0,"enemies":"Jaw Worm","floor":7,"turns":6},{"damage":7,"floor":10,"turns":6},{"damage":3,"enemies":"3 Sentries","floor":11,"turns":8},{"damage":0,"enemies":"Cultist","floor":14,"turns":3},{"damage":12,"enemies":"Hexaghost","floor":16,"turns":9},{"damage":12,"enemies":"Spheric Guardian","floor":18,"turns":6},{"damage":0,"enemies":"2 Thieves","floor":21,"turns":5},{"damage":0,"enemies":"Shelled Parasite and Fungi","floor":22,"turns":8},{"damage":0,"enemies":"Book of Stabbing","floor":23,"turns":7},{"damage":0,"floor":28,"turns":6},{"damage":0,"enemies":"Centurion and Healer","floor":29,"turns":7},{"damage":0,"enemies":"3 Cultists","floor":30,"turns":5},{"damage":0,"enemies":"Cultist and Chosen","floor":31,"turns":6},{"damage":18,"enemies":"Automaton","floor":33,"turns":10},{"damage":0,"enemies":"3 Darklings","floor":35,"turns":7},{"damage":0,"enemies":"Flame Bruiser 1 Orb","floor":36,"turns":6},{"damage":0,"enemies":"Jaw Worm Horde","floor":37,"turns":3},{"damage":0,"enemies":"4 Shapes","floor":40,"turns":4},{"damage":0,"enemies":"Flame Bruiser 2 Orb","floor":41,"turns":6},{"damage":2,"enemies":"Spire Growth","floor":44,"turns":6},{"damage":0,"enemies":"Jaw Worm Horde","floor":46,"turns":4},{"damage":0,"enemies":"Flame Bruiser 2 Orb","floor":48,"turns":5},{"damage":37,"enemies":"Awakened One","floor":50,"turns":9}],"seed_played":"-3459712630626652841","potions_obtained":[{"floor":1,"key":"PowerPotion"},{"floor":6,"key":"Poison Potion"},{"floor":11,"key":"GhostInAJar"},{"floor":16,"key":"Poison Potion"},{"floor":21,"key":"Explosive Potion"},{"floor":29,"key":"LiquidBronze"},{"floor":33,"key":"Block Potion"},{"floor":37,"key":"PowerPotion"},{"floor":41,"key":"SteroidPotion"},{"floor":46,"key":"Swift Potion"},{"floor":48,"key":"Fire Potion"}],"is_trial":false,"path_per_floor":["M","?","$","$","?","E","M","R","T","?","E","?","R","M","R","B",null,"M","?","?","M","M","E","R","?","T","R","?","M","M","M","R","B",null,"M","M","M","?","?","M","M","$","T","M","R","M","R","M","R"],"character_chosen":"THE_SILENT","items_purchased":["Footwork","DollysMirror"],"campfire_rested":0,"item_purchase_floors":[3,42],"current_hp_per_floor":[62,62,62,62,55,45,45,45,45,38,35,35,35,35,35,23,58,46,46,35,35,35,42,42,42,42,42,42,42,42,42,42,24,38,38,38,38,38,38,38,38,38,38,36,36,36,36,36,36,0],"gold":258,"neow_bonus":"RANDOM_COMMON_RELIC","is_prod":false,"is_daily":false,"chose_seed":false,"campfire_upgraded":9,"win_rate":0,"timestamp":1534468623,"path_taken":["M","?","?","$","?","E","M","R","T","?","E","?","R","M","R","BOSS","M","?","?","M","M","E","R","?","T","R","?","M","M","M","R","BOSS","M","M","M","?","?","M","M","?","T","M","R","M","R","M","R","BOSS"],"build_version":"2018-08-16","purchased_purges":1,"victory":false,"max_hp_per_floor":[70,70,70,70,70,70,70,70,70,70,70,70,70,70,70,70,70,70,70,35,35,35,42,42,42,42,42,42,42,42,42,42,42,42,42,42,42,42,42,42,42,42,42,42,42,42,42,42,42,42],"card_choices":[{"not_picked":["Endless Agony","Reflex"],"picked":"Well Laid Plans","floor":1},{"not_picked":["Prepared","Setup","Slice"],"picked":"SKIP","floor":6},{"not_picked":["Acrobatics","Tactician"],"picked":"Flying Knee","floor":7},{"not_picked":["Eviscerate","Setup"],"picked":"Noxious Fumes","floor":10},{"not_picked":["Flechettes","Prepared"],"picked":"Dagger Spray","floor":11},{"not_picked":["Finisher","Setup"],"picked":"Deadly Poison","floor":14},{"not_picked":["Night Terror","Venomology"],"picked":"Bullet Time","floor":16},{"not_picked":["Blade Dance","Dagger Spray"],"picked":"Dash","floor":18},{"not_picked":["Sucker Punch","Finisher","Bane"],"picked":"SKIP","floor":21},{"not_picked":["Accuracy","Deflect"],"picked":"Dodge and Roll+1","floor":22},{"not_picked":["Masterful Stab","Footwork"],"picked":"Acrobatics+1","floor":23},{"not_picked":["Backflip","Bane+1"],"picked":"Die Die Die","floor":28},{"not_picked":["All Out Attack","Dagger Spray","Quick Slash"],"picked":"SKIP","floor":29},{"not_picked":["Dodge and Roll","Distraction+1","Underhanded Strike"],"picked":"SKIP","floor":30},{"not_picked":["Outmaneuver+1","Deflect"],"picked":"Catalyst+1","floor":31},{"not_picked":["A Thousand Cuts","Storm of Steel"],"picked":"Corpse Explosion","floor":33},{"not_picked":["Blade Dance","Choke+1","Flying Knee"],"picked":"SKIP","floor":35},{"not_picked":["Dodge and Roll","Reflex","Slice"],"picked":"SKIP","floor":36},{"not_picked":["Slice","Backflip","Endless Agony"],"picked":"SKIP","floor":37},{"not_picked":["Outmaneuver","Terror","Prepared"],"picked":"SKIP","floor":40},{"not_picked":["Unload","Terror","Outmaneuver"],"picked":"SKIP","floor":41},{"not_picked":["Quick Slash","Outmaneuver","Deflect"],"picked":"SKIP","floor":44},{"not_picked":["Noxious Fumes","Setup","Flechettes"],"picked":"SKIP","floor":46},{"not_picked":["Dagger Spray","Flying Knee"],"picked":"Catalyst","floor":48}],"player_experience":767113,"relics_obtained":[{"floor":6,"key":"Orichalcum"},{"floor":9,"key":"Anchor"},{"floor":10,"key":"Odd Mushroom"},{"floor":11,"key":"Boot"},{"floor":23,"key":"Strawberry"},{"floor":26,"key":"Bottled Lightning"},{"floor":28,"key":"Red Mask"},{"floor":43,"key":"Lantern"}],"event_choices":[{"event_name":"Living Wall","player_choice":"Grow","floor":2,"damage_taken":0},{"event_name":"Golden Wing","player_choice":"Card Removal","floor":5,"damage_taken":0},{"event_name":"Mushrooms","player_choice":"Fought Mushrooms","floor":10,"damage_taken":0},{"event_name":"Dead Adventurer","player_choice":"Searched \u00270\u0027 times","floor":12,"damage_taken":0},{"event_name":"Beggar","player_choice":"Gave Gold","floor":19,"damage_taken":0},{"event_name":"Ghosts","player_choice":"Became a Ghost","floor":20,"damage_taken":0},{"event_name":"Vampires","player_choice":"Ignored","floor":25,"damage_taken":0},{"event_name":"Masked Bandits","player_choice":"Fought Bandits","floor":28,"damage_taken":0},{"event_name":"Falling","player_choice":"Removed Skill","floor":38,"damage_taken":0},{"event_name":"Duplicator","player_choice":"One dupe","floor":39,"damage_taken":0}],"is_beta":true,"boss_relics":[{"not_picked":["HoveringKite","WristBlade"],"picked":"Ring of the Serpent"},{"not_picked":["Calling Bell","Snecko Eye"],"picked":"Astrolabe"}],"items_purged_floors":[42],"is_endless":false,"potions_floor_spawned":[1,6,11,16,21,29,33,37,41,46,48],"killed_by":"Awakened One","ascension_level":12}