{"gold_per_floor":[110,123,123,48,58,84,104,104,104,114,142,142,170,195,207,219],"floor_reached":16,"playtime":1176,"items_purged":["Defend_R"],"score":128,"play_id":"6273199d-3147-4ad6-b7da-b9e208a9f9b7","local_time":"20190514094400","is_ascension_mode":true,"campfire_choices":[{"floor":8,"key":"REST"},{"floor":15,"key":"REST"}],"neow_cost":"NONE","seed_source_timestamp":74982681101749,"circlet_count":0,"master_deck":["Strike_R","Strike_R","Strike_R","Strike_R","Defend_R","Defend_R","Defend_R","Bash","Reaper+1","Shrug It Off","Sword Boomerang","Whirlwind","Second Wind","Double Tap","Flex"],"relics":["Burning Blood","Singing Bowl","Calipers","Dead Branch","MawBank"],"potions_floor_usage":[7,10,14],"damage_taken":[{"damage":5,"enemies":"2 Louse","floor":1,"turns":5},{"damage":10,"enemies":"Cultist","floor":2,"turns":5},{"damage":9,"enemies":"Jaw Worm","floor":5,"turns":8},{"damage":44,"enemies":"3 Sentries","floor":6,"turns":13},{"damage":21,"enemies":"Exordium Wildlife","floor":7,"turns":5},{"damage":15,"enemies":"2 Fungi Beasts","floor":10,"turns":4},{"damage":30,"enemies":"Gremlin Nob","floor":11,"turns":5},{"damage":49,"enemies":"Lagavulin","floor":13,"turns":11},{"damage":10,"enemies":"Exordium Thugs","floor":14,"turns":4},{"damage":56,"enemies":"Slime Boss","floor":16,"turns":8}],"seed_played":"-1468037378627180826","potions_obtained":[{"floor":6,"key":"FearPotion"},{"floor":7,"key":"EssenceOfSteel"},{"floor":13,"key":"Energy Potion"}],"is_trial":false,"path_per_floor":["M","M","?","$","M","E","M","R","T","M","E","?","E","M","R","B"],"character_chosen":"IRONCLAD","items_purchased":[],"campfire_rested":2,"item_purchase_floors":[],"current_hp_per_floor":[80,76,76,76,76,55,50,74,74,77,53,53,19,20,45,0],"gold":219,"neow_bonus":"ONE_RANDOM_RARE_CARD","is_prod":false,"is_daily":false,"chose_seed":false,"campfire_upgraded":0,"win_rate":0,"timestamp":1557852240,"path_taken":["M","M","?","?","M","E","?","R","T","?","E","?","E","M","R","BOSS"],"build_version":"2019-01-23","purchased_purges":1,"victory":false,"max_hp_per_floor":[80,80,80,80,80,82,82,82,82,82,82,82,84,84,84,84],"card_choices":[{"not_picked":["Armaments","Cleave"],"picked":"Shrug It Off","floor":1},{"not_picked":["True Grit","Havoc","Warcry"],"picked":"SKIP","floor":2},{"not_picked":["Warcry","Second Wind","Twin Strike"],"picked":"SKIP","floor":5},{"not_picked":["Wild Strike","Power Through","Uppercut"],"picked":"Singing Bowl","floor":6},{"not_picked":["Anger","Warcry"],"picked":"Sword Boomerang","floor":7},{"not_picked":["Searing Blow","Warcry"],"picked":"Whirlwind","floor":10},{"not_picked":["Havoc","Twin Strike"],"picked":"Second Wind","floor":11},{"not_picked":["Double Tap","Wild Strike","Havoc"],"picked":"Singing Bowl","floor":13},{"not_picked":["Perfected Strike","Rupture"],"picked":"Flex","floor":14}],"player_experience":193982,"relics_obtained":[{"floor":6,"key":"Singing Bowl"},{"floor":9,"key":"Calipers"},{"floor":11,"key":"Dead Branch"},{"floor":13,"key":"MawBank"}],"event_choices":[{"damage_healed":0,"gold_gain":0,"player_choice":"Upgraded","damage_taken":0,"max_hp_gain":0,"max_hp_loss":0,"event_name":"Upgrade Shrine","floor":3,"gold_loss":0,"cards_upgraded":["Reaper"]},{"damage_healed":0,"gold_gain":0,"cards_transformed":["Strike_R"],"player_choice":"Transformed","damage_taken":0,"max_hp_gain":0,"max_hp_loss":0,"event_name":"Transmorgrifier","floor":12,"gold_loss":0,"cards_obtained":["Double Tap"]}],"is_beta":false,"boss_relics":[],"items_purged_floors":[4],"is_endless":false,"potions_floor_spawned":[6,7,13],"killed_by":"Slime Boss","ascension_level":1}