{"gold_per_floor":[113,131,131,81,81,81,115,115,115,130,50,79,79,90,90,192,192,210,210,227,238,21,21,21,21,101,101],"floor_reached":27,"playtime":1239,"items_purged":["Parasite"],"score":241,"play_id":"bd7e4f38-2c94-4a19-ab84-9364f48a9a99","local_time":"20190604000513","is_ascension_mode":true,"campfire_choices":[{"data":"Cleave","floor":6,"key":"SMITH"},{"floor":8,"key":"REST"},{"data":"Carnage","floor":15,"key":"SMITH"},{"data":"Warcry","floor":24,"key":"SMITH"}],"neow_cost":"NONE","seed_source_timestamp":705097578063767,"circlet_count":0,"master_deck":["Strike_R+1","Strike_R","Strike_R","Strike_R","Defend_R","Defend_R","Bash","Cleave+1","Ghostly Armor","Carnage+1","Flex","Dropkick","Rampage+1","Exhume","Clumsy","Headbutt+1","Pommel Strike+1","Warcry+1","RitualDagger+1"],"relics":["Burning Blood","Blue Candle","Torii","Molten Egg 2","Calling Bell","Bag of Preparation","Mummified Hand","Calipers","Matryoshka"],"potions_floor_usage":[7,16,18,21,27,27],"damage_taken":[{"damage":5,"enemies":"Small Slimes","floor":1,"turns":3},{"damage":7,"enemies":"Jaw Worm","floor":2,"turns":3},{"damage":17,"enemies":"Lagavulin","floor":7,"turns":6},{"damage":0,"enemies":"Cultist","floor":10,"turns":3},{"damage":19,"enemies":"3 Sentries","floor":12,"turns":6},{"damage":0,"enemies":"Large Slime","floor":14,"turns":3},{"damage":47,"enemies":"Slime Boss","floor":16,"turns":9},{"damage":35,"enemies":"3 Byrds","floor":18,"turns":6},{"damage":1,"enemies":"Spheric Guardian","floor":20,"turns":3},{"damage":35,"enemies":"3 Cultists","floor":21,"turns":5},{"damage":50,"enemies":"Shelled Parasite and Fungi","floor":27,"turns":4}],"seed_played":"3267171869140495379","potions_obtained":[{"floor":1,"key":"Block Potion"},{"floor":14,"key":"Block Potion"},{"floor":16,"key":"BloodPotion"},{"floor":20,"key":"Regen Potion"},{"floor":21,"key":"Regen Potion"}],"is_trial":false,"path_per_floor":["M","M","?","?","?","R","E","R","T","M","$","E","?","M","R","B",null,"M","?","M","M","$","?","R","$","T","M"],"character_chosen":"IRONCLAD","items_purchased":["Dropkick","Pommel Strike+1","Explosive Potion","Warcry"],"campfire_rested":1,"item_purchase_floors":[11,22,22,22],"current_hp_per_floor":[80,79,79,79,72,72,61,80,80,80,80,67,67,73,73,32,80,59,59,64,40,40,34,34,34,34,0],"gold":101,"neow_bonus":"REMOVE_CARD","is_prod":false,"is_daily":false,"chose_seed":false,"campfire_upgraded":3,"win_rate":0,"timestamp":1559631913,"path_taken":["M","M","?","?","?","R","E","R","T","M","$","E","?","M","R","BOSS","M","?","?","M","$","?","R","$","T","M"],"build_version":"2019-01-23","purchased_purges":1,"victory":false,"max_hp_per_floor":[80,80,80,80,80,80,80,80,80,80,80,80,80,80,80,80,80,80,80,80,80,77,77,77,77,77,77],"card_choices":[{"not_picked":["Ghostly Armor","Cleave","Havoc"],"picked":"SKIP","floor":1},{"not_picked":["Ghostly Armor","Havoc"],"picked":"Cleave","floor":1},{"not_picked":["Disarm","Clothesline"],"picked":"Ghostly Armor","floor":2},{"not_picked":["Disarm","Flame Barrier"],"picked":"Carnage","floor":7},{"not_picked":["Heavy Blade","Searing Blow"],"picked":"Flex","floor":10},{"not_picked":["Flex","Seeing Red"],"picked":"Rampage","floor":12},{"not_picked":["Evolve","Anger+1","True Grit"],"picked":"SKIP","floor":14},{"not_picked":["Brutality","Offering"],"picked":"Exhume","floor":16},{"not_picked":["Flex","Disarm+1","Pommel Strike+1"],"picked":"SKIP","floor":18},{"not_picked":["Rupture+1","Clash+1"],"picked":"Headbutt+1","floor":20},{"not_picked":["Clothesline+1","Dark Embrace","Twin Strike+1"],"picked":"SKIP","floor":21}],"player_experience":297199,"relics_obtained":[{"floor":7,"key":"Blue Candle"},{"floor":9,"key":"Torii"},{"floor":12,"key":"Molten Egg 2"},{"floor":17,"key":"Bag of Preparation"},{"floor":17,"key":"Mummified Hand"},{"floor":17,"key":"Calipers"},{"floor":26,"key":"Matryoshka"}],"event_choices":[{"damage_healed":0,"gold_gain":0,"player_choice":"Grow","damage_taken":0,"max_hp_gain":0,"max_hp_loss":0,"event_name":"Living Wall","floor":3,"gold_loss":0,"cards_upgraded":["Strike_R"]},{"cards_removed":["Defend_R"],"damage_healed":0,"gold_gain":0,"player_choice":"Card Removal","damage_taken":0,"max_hp_gain":0,"max_hp_loss":0,"event_name":"The Cleric","floor":4,"gold_loss":50},{"cards_removed":["Defend_R"],"damage_healed":0,"gold_gain":0,"player_choice":"Card Removal","damage_taken":7,"max_hp_gain":0,"max_hp_loss":0,"event_name":"Golden Wing","floor":5,"gold_loss":0},{"damage_healed":0,"gold_gain":0,"player_choice":"Ignored","damage_taken":0,"max_hp_gain":0,"max_hp_loss":0,"event_name":"Golden Idol","floor":13,"gold_loss":0},{"cards_removed":["Injury"],"damage_healed":0,"gold_gain":0,"player_choice":"Purged","damage_taken":0,"max_hp_gain":0,"max_hp_loss":0,"event_name":"Purifier","floor":19,"gold_loss":0},{"damage_healed":0,"gold_gain":0,"player_choice":"Joined the Cult","damage_taken":6,"max_hp_gain":0,"max_hp_loss":0,"event_name":"Nest","floor":23,"gold_loss":0,"cards_obtained":["RitualDagger"]}],"is_beta":false,"boss_relics":[{"not_picked":["Tiny House","Coffee Dripper"],"picked":"Calling Bell"}],"items_purged_floors":[22],"is_endless":false,"potions_floor_spawned":[1,14,16,20,21],"killed_by":"Shelled Parasite and Fungi","ascension_level":2}