{"gold_per_floor":[114,125,50,63,21,48,48,48,48,48,82,82,82,82,82,82],"floor_reached":16,"playtime":525,"items_purged":["Writhe"],"score":212,"play_id":"f78e564c-9f29-492a-a1ad-d7b377db0a70","local_time":"20190527161436","is_ascension_mode":true,"campfire_choices":[{"data":"Hemokinesis","floor":7,"key":"SMITH"},{"data":"Bash","floor":12,"key":"SMITH"},{"floor":15,"key":"REST"}],"neow_cost":"CURSE","seed_source_timestamp":860494640931088,"circlet_count":0,"master_deck":["AscendersBane","Strike_R","Strike_R","Strike_R","Strike_R","Defend_R","Defend_R","Defend_R","Defend_R","Bash+1","Shrug It Off","Pommel Strike","Hemokinesis+1","Limit Break","Metallicize"],"relics":["Burning Blood","Mercury Hourglass","Golden Idol","Boot","Meat on the Bone","FaceOfCleric"],"potions_floor_usage":[11,11,16],"damage_taken":[{"damage":10,"enemies":"Small Slimes","floor":1,"turns":4},{"damage":2,"enemies":"Jaw Worm","floor":2,"turns":5},{"damage":6,"enemies":"Cultist","floor":4,"turns":4},{"damage":44,"enemies":"Lagavulin","floor":6,"turns":6},{"damage":31,"enemies":"3 Sentries","floor":11,"turns":6},{"damage":40,"enemies":"Hexaghost","floor":16,"turns":9}],"seed_played":"127383896979071552","potions_obtained":[{"floor":2,"key":"SneckoOil"},{"floor":6,"key":"Swift Potion"},{"floor":11,"key":"Weak Potion"}],"is_trial":false,"path_per_floor":["M","M","$","M","$","E","R","?","T","$","E","R","?","?","R","B"],"character_chosen":"IRONCLAD","items_purchased":["Hemokinesis"],"campfire_rested":1,"item_purchase_floors":[5],"current_hp_per_floor":[78,82,82,82,82,44,44,44,44,44,19,19,12,12,36,0],"gold":82,"neow_bonus":"TWENTY_PERCENT_HP_BONUS","is_prod":false,"is_daily":false,"chose_seed":false,"campfire_upgraded":2,"win_rate":0,"timestamp":1558988076,"path_taken":["M","M","$","M","$","E","R","?","T","$","E","R","?","?","R","BOSS"],"build_version":"2019-01-23","purchased_purges":1,"victory":false,"max_hp_per_floor":[89,89,89,89,89,89,89,81,81,81,81,81,81,81,81,81],"card_choices":[{"not_picked":["Power Through","Clothesline"],"picked":"Shrug It Off","floor":1},{"not_picked":["Thunderclap","Heavy Blade","True Grit"],"picked":"SKIP","floor":2},{"not_picked":["Clash","Headbutt"],"picked":"Pommel Strike","floor":4},{"not_picked":["Warcry","Perfected Strike"],"picked":"Limit Break","floor":6},{"not_picked":["Sword Boomerang","Ghostly Armor"],"picked":"Metallicize","floor":11}],"player_experience":776411,"relics_obtained":[{"floor":6,"key":"Mercury Hourglass"},{"floor":9,"key":"Boot"},{"floor":11,"key":"Meat on the Bone"}],"event_choices":[{"damage_healed":0,"gold_gain":0,"player_choice":"Lose Max HP","damage_taken":0,"relics_obtained":["Golden Idol"],"max_hp_gain":0,"max_hp_loss":8,"event_name":"Golden Idol","floor":8,"gold_loss":0},{"cards_removed":["Strike_R"],"damage_healed":0,"gold_gain":0,"player_choice":"Card Removal","damage_taken":7,"max_hp_gain":0,"max_hp_loss":0,"event_name":"Golden Wing","floor":13,"gold_loss":0},{"damage_healed":0,"gold_gain":0,"player_choice":"Trade","damage_taken":0,"relics_obtained":["FaceOfCleric"],"max_hp_gain":0,"max_hp_loss":0,"event_name":"FaceTrader","floor":14,"gold_loss":0}],"is_beta":false,"boss_relics":[],"items_purged_floors":[3],"is_endless":false,"potions_floor_spawned":[2,6,11],"killed_by":"Hexaghost","ascension_level":20}