{"gold_per_floor":[18,37,37,2,2,2,18,18,18,293,293,305,332,354,354,450,450,450,295,295,220,145,145,145,145,145,145,145,145,145,145,145,145,145,145,15,15,15,15,15,15,15,15,15,15,15,15,15,15,15],"floor_reached":51,"playtime":3454,"items_purged":["Regret"],"score":912,"play_id":"08a8ffd7-d768-4263-8190-d2b42e5080fb","local_time":"20190623233028","is_ascension_mode":true,"campfire_choices":[{"data":"Footwork","floor":6,"key":"SMITH"},{"data":"Dash","floor":11,"key":"SMITH"},{"data":"Infinite Blades","floor":15,"key":"SMITH"},{"data":"Noxious Fumes","floor":23,"key":"SMITH"},{"data":"Neutralize","floor":25,"key":"SMITH"},{"data":"Tools of the Trade","floor":30,"key":"SMITH"},{"data":"Underhanded Strike","floor":32,"key":"SMITH"},{"data":"Survivor","floor":40,"key":"SMITH"},{"data":"Flying Knee","floor":46,"key":"SMITH"},{"data":"Defend_G","floor":49,"key":"SMITH"}],"neow_cost":"NO_GOLD","seed_source_timestamp":5956248433101426,"circlet_count":0,"master_deck":["Defend_G","Defend_G","Defend_G","Defend_G","Defend_G+1","Strike_G","Strike_G","Strike_G","Strike_G","Survivor+1","Neutralize+1","Dash+1","Footwork+1","Flying Knee+1","Acrobatics+1","Infinite Blades","Infinite Blades+1","Tools of the Trade+1","Escape Plan+1","Noxious Fumes+1","Underhanded Strike+1","Backflip+1","Adrenaline+1","Deflect+1","Cloak And Dagger+1","Escape Plan+1","Finesse+1","Terror+1","Cloak And Dagger+1","Parasite"],"relics":["Ring of the Snake","Bird Faced Urn","Ornamental Fan","Blue Candle","Toxic Egg 2","Mummified Hand","Odd Mushroom","Ectoplasm","MutagenicStrength","StoneCalendar","Pocketwatch","Orrery","Unceasing Top","Tingsha","Mercury Hourglass"],"potions_floor_usage":[37],"damage_taken":[{"damage":6,"enemies":"Jaw Worm","floor":1,"turns":8},{"damage":0,"enemies":"2 Louse","floor":2,"turns":3},{"damage":0,"enemies":"Small Slimes","floor":7,"turns":5},{"damage":1,"enemies":"Looter","floor":12,"turns":3},{"damage":7,"enemies":"Gremlin Nob","floor":13,"turns":4},{"damage":7,"enemies":"The Mushroom Lair","floor":14,"turns":5},{"damage":36,"enemies":"The Guardian","floor":16,"turns":16},{"damage":1,"enemies":"Shell Parasite","floor":18,"turns":5},{"damage":9,"enemies":"2 Thieves","floor":22,"turns":5},{"damage":0,"enemies":"Shelled Parasite and Fungi","floor":24,"turns":5},{"damage":17,"enemies":"Book of Stabbing","floor":27,"turns":6},{"damage":2,"enemies":"3 Cultists","floor":28,"turns":6},{"damage":0,"enemies":"Centurion and Healer","floor":31,"turns":6},{"damage":30,"enemies":"Collector","floor":33,"turns":8},{"damage":16,"enemies":"3 Shapes","floor":35,"turns":6},{"damage":29,"enemies":"2 Orb Walkers","floor":37,"turns":6},{"damage":0,"enemies":"Orb Walker","floor":38,"turns":3},{"damage":0,"enemies":"Mind Bloom Boss Battle","floor":39,"turns":5},{"damage":0,"enemies":"Transient","floor":44,"turns":5},{"damage":4,"enemies":"Spire Growth","floor":47,"turns":6},{"damage":0,"enemies":"Writhing Mass","floor":48,"turns":6},{"damage":1,"enemies":"Donu and Deca","floor":50,"turns":12}],"seed_played":"1592066453931707933","potions_obtained":[{"floor":1,"key":"FairyPotion"},{"floor":14,"key":"SkillPotion"},{"floor":16,"key":"LiquidBronze"},{"floor":31,"key":"Fire Potion"},{"floor":38,"key":"Regen Potion"}],"is_trial":false,"path_per_floor":["M","M","?","?","?","R","M","T","T","?","R","M","E","?","R","B",null,"M","$","?","?","M","R","M","R","T","E","M","?","R","M","R","B",null,"M","$","?","M","?","R","$","?","T","M","$","R","M","M","R","B",null],"character_chosen":"THE_SILENT","items_purchased":["Noxious Fumes","Escape Plan+1","Finesse+1"],"campfire_rested":0,"item_purchase_floors":[19,36,36],"current_hp_per_floor":[57,57,54,70,75,75,75,75,75,75,75,74,67,64,64,34,65,72,72,72,72,68,68,75,75,75,62,70,70,70,75,75,45,68,62,62,43,51,61,61,61,61,61,71,71,71,67,71,71,70],"gold":15,"neow_bonus":"ONE_RARE_RELIC","is_prod":false,"is_daily":false,"chose_seed":false,"campfire_upgraded":10,"win_rate":0,"timestamp":1561350628,"path_taken":["M","M","?","?","?","R","M","?","T","?","R","?","E","?","R","BOSS","M","$","?","?","M","R","M","R","T","E","M","?","R","?","R","BOSS","M","$","?","M","?","R","$","?","T","M","?","R","M","M","R","BOSS"],"build_version":"2019-01-23","purchased_purges":1,"victory":true,"max_hp_per_floor":[70,70,70,70,75,75,75,75,75,75,75,75,75,75,75,75,75,75,75,75,75,75,75,75,75,75,75,75,75,75,75,75,75,75,75,75,75,75,75,75,75,71,71,71,71,71,71,71,71,71],"card_choices":[{"not_picked":["Reflex","Flying Knee"],"picked":"Dash","floor":1},{"not_picked":["Blur","Quick Slash"],"picked":"Footwork","floor":2},{"not_picked":["Dodge and Roll","Sucker Punch"],"picked":"Flying Knee","floor":7},{"not_picked":["Flying Knee","Slice"],"picked":"Acrobatics+1","floor":12},{"not_picked":["Acrobatics+1","Poisoned Stab"],"picked":"Infinite Blades","floor":13},{"not_picked":["Dodge and Roll+1","PiercingWail+1"],"picked":"Infinite Blades","floor":14},{"not_picked":["Bullet Time+1","Envenom"],"picked":"Tools of the Trade","floor":16},{"not_picked":["Dash+1","Crippling Poison+1"],"picked":"Escape Plan+1","floor":18},{"not_picked":["Setup+1","Poisoned Stab+1"],"picked":"Underhanded Strike","floor":22},{"not_picked":["Deadly Poison+1","Dagger Throw+1","Poisoned Stab"],"picked":"SKIP","floor":24},{"not_picked":["Deadly Poison+1","Underhanded Strike","Dodge and Roll+1"],"picked":"SKIP","floor":27},{"not_picked":["Distraction+1","Dodge and Roll+1"],"picked":"Backflip+1","floor":28},{"not_picked":["Deadly Poison+1","All Out Attack+1","Expertise+1"],"picked":"SKIP","floor":31},{"not_picked":["Wraith Form v2","A Thousand Cuts"],"picked":"Adrenaline+1","floor":33},{"not_picked":["Sucker Punch","Terror+1"],"picked":"Deflect+1","floor":34},{"not_picked":["Catalyst+1","Underhanded Strike"],"picked":"Cloak And Dagger+1","floor":34},{"not_picked":["Flying Knee+1","Heel Hook","Crippling Poison+1"],"picked":"SKIP","floor":35},{"not_picked":["Dash","Prepared+1"],"picked":"Terror+1","floor":37},{"not_picked":["Crippling Poison+1","Setup+1","PiercingWail+1"],"picked":"SKIP","floor":38},{"not_picked":["Well Laid Plans","Prepared+1"],"picked":"Cloak And Dagger+1","floor":39},{"not_picked":["Dash+1","Corpse Explosion+1","Poisoned Stab+1"],"picked":"SKIP","floor":44},{"not_picked":["Dagger Throw","Terror+1","Expertise+1"],"picked":"SKIP","floor":47},{"not_picked":["Flechettes","Sucker Punch+1","Prepared+1"],"picked":"SKIP","floor":48}],"player_experience":171051,"relics_obtained":[{"floor":8,"key":"Blue Candle"},{"floor":9,"key":"Toxic Egg 2"},{"floor":13,"key":"Mummified Hand"},{"floor":14,"key":"Odd Mushroom"},{"floor":26,"key":"StoneCalendar"},{"floor":27,"key":"Pocketwatch"},{"floor":37,"key":"Unceasing Top"},{"floor":39,"key":"Tingsha"},{"floor":43,"key":"Mercury Hourglass"}],"event_choices":[{"damage_healed":0,"gold_gain":0,"player_choice":"Success","damage_taken":3,"relics_obtained":["Ornamental Fan"],"max_hp_gain":0,"max_hp_loss":0,"event_name":"Scrap Ooze","floor":3,"gold_loss":0},{"damage_healed":17,"gold_gain":0,"player_choice":"Healed","damage_taken":0,"max_hp_gain":0,"max_hp_loss":0,"event_name":"The Cleric","floor":4,"gold_loss":35},{"damage_healed":0,"gold_gain":0,"player_choice":"Donut","damage_taken":0,"max_hp_gain":5,"max_hp_loss":0,"event_name":"Big Fish","floor":5,"gold_loss":0},{"damage_healed":0,"gold_gain":275,"player_choice":"Desecrate","damage_taken":0,"max_hp_gain":0,"max_hp_loss":0,"event_name":"Golden Shrine","floor":10,"gold_loss":0,"cards_obtained":["Regret"]},{"damage_healed":0,"gold_gain":0,"player_choice":"Fought Mushrooms","damage_taken":0,"max_hp_gain":0,"max_hp_loss":0,"event_name":"Mushrooms","floor":14,"gold_loss":0},{"damage_healed":0,"gold_gain":0,"player_choice":"Inject Mutagens","damage_taken":0,"relics_obtained":["MutagenicStrength"],"max_hp_gain":0,"max_hp_loss":0,"event_name":"Drug Dealer","floor":20,"gold_loss":0},{"cards_removed":["Strike_G"],"damage_healed":0,"gold_gain":0,"player_choice":"Gave Gold","damage_taken":0,"max_hp_gain":0,"max_hp_loss":0,"event_name":"Beggar","floor":21,"gold_loss":75},{"damage_healed":0,"gold_gain":99,"player_choice":"Stole From Cult","damage_taken":0,"max_hp_gain":0,"max_hp_loss":0,"event_name":"Nest","floor":29,"gold_loss":0},{"damage_healed":0,"gold_gain":0,"player_choice":"Fight","damage_taken":0,"max_hp_gain":0,"max_hp_loss":0,"event_name":"Mysterious Sphere","floor":37,"gold_loss":0},{"damage_healed":0,"gold_gain":0,"player_choice":"Fight","damage_taken":0,"max_hp_gain":0,"max_hp_loss":0,"event_name":"MindBloom","floor":39,"gold_loss":0},{"damage_healed":0,"gold_gain":0,"player_choice":"Max HP","damage_taken":0,"max_hp_gain":0,"max_hp_loss":4,"event_name":"Winding Halls","floor":42,"gold_loss":0}],"is_beta":false,"boss_relics":[{"not_picked":["Coffee Dripper","HoveringKite"],"picked":"Ectoplasm"},{"not_picked":["Philosopher\u0027s Stone","Velvet Choker"],"picked":"Orrery"}],"items_purged_floors":[19],"is_endless":false,"potions_floor_spawned":[1,14,16,24,31,33,35,38,39],"ascension_level":6}