{"gold_per_floor":[109,129,141,141,155,180,194,194,221,221,221,221,235,255,255,358,358,374,374,393,403,418,418],"floor_reached":23,"playtime":1759,"items_purged":[],"score":197,"play_id":"5d2d2add-dbc4-402e-9cff-edff5ba3c373","local_time":"20190430225529","is_ascension_mode":false,"campfire_choices":[{"floor":12,"key":"REST"},{"floor":15,"key":"REST"}],"neow_cost":"NONE","seed_source_timestamp":220535673996711,"circlet_count":0,"master_deck":["Strike_B","Defend_B","Defend_B","Defend_B","Defend_B","Zap","Dualcast","Doom and Gloom","Consume","Reinforced Body","Electrodynamics","Lockon","Coolheaded","Leap","Rebound","Coolheaded","Ball Lightning","Thunder Strike","Glacier","Capacitor","Loop","Defragment","Chaos+1","Chaos+1","Aggregate"],"relics":["Cracked Core","NeowsBlessing","Prayer Wheel","Strawberry","Empty Cage","CultistMask"],"potions_floor_usage":[7,7,22],"damage_taken":[{"damage":0,"enemies":"Cultist","floor":1,"turns":1},{"damage":0,"enemies":"Jaw Worm","floor":2,"turns":1},{"damage":0,"enemies":"Small Slimes","floor":3,"turns":1},{"damage":13,"enemies":"3 Louse","floor":5,"turns":2},{"damage":35,"enemies":"3 Sentries","floor":6,"turns":6},{"damage":11,"enemies":"Exordium Wildlife","floor":7,"turns":3},{"damage":13,"enemies":"Large Slime","floor":13,"turns":6},{"damage":7,"enemies":"Gremlin Gang","floor":14,"turns":3},{"damage":3,"enemies":"Slime Boss","floor":16,"turns":7},{"damage":24,"enemies":"Shell Parasite","floor":18,"turns":11},{"damage":14,"enemies":"Spheric Guardian","floor":20,"turns":6},{"damage":20,"enemies":"Snake Plant","floor":21,"turns":7},{"damage":17,"enemies":"Cultist and Chosen","floor":22,"turns":8},{"damage":8,"enemies":"Gremlin Leader","floor":23,"turns":1}],"seed_played":"1588519218680995247","potions_obtained":[{"floor":1,"key":"Swift Potion"},{"floor":2,"key":"Poison Potion"},{"floor":20,"key":"Swift Potion"}],"is_trial":false,"path_per_floor":["M","M","M","?","M","E","M","?","T","?","?","R","M","M","R","B",null,"M","?","M","M","M","E"],"character_chosen":"DEFECT","items_purchased":[],"campfire_rested":2,"item_purchase_floors":[],"current_hp_per_floor":[75,75,75,68,55,20,9,9,16,16,16,40,27,20,44,41,82,58,58,44,24,7,0],"gold":418,"neow_bonus":"THREE_ENEMY_KILL","is_prod":false,"is_daily":false,"chose_seed":false,"campfire_upgraded":0,"win_rate":0.0,"timestamp":1556690129,"path_taken":["M","M","M","?","M","E","M","?","T","?","?","R","?","M","R","BOSS","M","?","?","M","M","E"],"build_version":"2019-01-23","purchased_purges":0,"victory":false,"max_hp_per_floor":[75,75,75,75,75,75,75,75,82,82,82,82,82,82,82,82,82,82,82,82,82,82,82],"card_choices":[{"not_picked":["Barrage","Compile Driver"],"picked":"Doom and Gloom","floor":1},{"not_picked":["Turbo","Compile Driver","Stack"],"picked":"SKIP","floor":2},{"not_picked":["Compile Driver","Tempest"],"picked":"Consume","floor":3},{"not_picked":["Aggregate","Rip and Tear"],"picked":"Reinforced Body","floor":5},{"not_picked":["Coolheaded","Beam Cell"],"picked":"Electrodynamics","floor":6},{"not_picked":["Streamline","Compile Driver"],"picked":"Lockon","floor":7},{"not_picked":["Chill","Barrage"],"picked":"Coolheaded","floor":7},{"not_picked":["Aggregate","Stack"],"picked":"Leap","floor":13},{"not_picked":["Auto Shields","Fission"],"picked":"Rebound","floor":13},{"not_picked":["Go for the Eyes","Steam"],"picked":"Coolheaded","floor":14},{"not_picked":["Chaos","Stack"],"picked":"Ball Lightning","floor":14},{"not_picked":["Machine Learning","Electrodynamics"],"picked":"Thunder Strike","floor":16},{"not_picked":["Beam Cell+1","Cold Snap"],"picked":"Glacier","floor":18},{"not_picked":["Beam Cell","FTL+1"],"picked":"Capacitor","floor":18},{"not_picked":["Ball Lightning","Go for the Eyes+1"],"picked":"Loop","floor":20},{"not_picked":["Heatsinks+1","Darkness"],"picked":"Defragment","floor":20},{"not_picked":["Stack","Genetic Algorithm+1"],"picked":"Chaos+1","floor":21},{"not_picked":["Static Discharge","Chaos+1","Rebound"],"picked":"SKIP","floor":21},{"not_picked":["Static Discharge","Rebound"],"picked":"Chaos+1","floor":21},{"not_picked":["Scrape","Heatsinks"],"picked":"Aggregate","floor":22},{"not_picked":["Barrage","White Noise","Melter"],"picked":"SKIP","floor":22}],"player_experience":88284,"relics_obtained":[{"floor":6,"key":"Prayer Wheel"},{"floor":9,"key":"Strawberry"}],"event_choices":[{"cards_removed":["Strike_B"],"damage_healed":0,"gold_gain":0,"player_choice":"Card Removal","damage_taken":7,"max_hp_gain":0,"max_hp_loss":0,"event_name":"Golden Wing","floor":4,"gold_loss":0},{"damage_healed":0,"gold_gain":0,"player_choice":"Ignored","damage_taken":0,"max_hp_gain":0,"max_hp_loss":0,"event_name":"Shining Light","floor":8,"gold_loss":0},{"damage_healed":0,"gold_gain":0,"player_choice":"Searched \u00270\u0027 times","damage_taken":0,"max_hp_gain":0,"max_hp_loss":0,"event_name":"Dead Adventurer","floor":10,"gold_loss":0},{"damage_healed":0,"gold_gain":0,"player_choice":"Ignored","damage_taken":0,"max_hp_gain":0,"max_hp_loss":0,"event_name":"Liars Game","floor":11,"gold_loss":0},{"damage_healed":0,"gold_gain":0,"player_choice":"Trade","damage_taken":0,"relics_obtained":["CultistMask"],"max_hp_gain":0,"max_hp_loss":0,"event_name":"FaceTrader","floor":19,"gold_loss":0}],"is_beta":false,"boss_relics":[{"not_picked":["Velvet Choker","Sozu"],"picked":"Empty Cage"}],"items_purged_floors":[],"is_endless":false,"potions_floor_spawned":[1,2,20],"killed_by":"Gremlin Leader","ascension_level":0}