{"gold_per_floor":[115,128,78,3,3,34,51,51,51,71,88,88,107,27,27,125,125,135,135,5,5,104,136,153,153,153,167,47,47,62,81,81,180,180,196,210,70,70,85,85],"floor_reached":40,"playtime":1006,"items_purged":["Strike_R","Strike_R","Strike_R","Strike_R","Defend_R"],"score":433,"play_id":"2bd8e7b8-0ffa-4eed-aff4-4c72b1d19d00","local_time":"20190410174037","is_ascension_mode":false,"campfire_choices":[{"data":"Bash","floor":8,"key":"SMITH"},{"data":"Armaments","floor":12,"key":"SMITH"},{"data":"Rampage","floor":15,"key":"SMITH"},{"floor":25,"key":"REST"},{"floor":29,"key":"REST"},{"data":"Whirlwind","floor":32,"key":"SMITH"}],"neow_cost":"NONE","seed_source_timestamp":58555726932531,"circlet_count":0,"master_deck":["Defend_R","Defend_R","Defend_R","Bash+1","Cleave","Armaments+1","Rampage+1","Headbutt","Whirlwind+1"],"relics":["Burning Blood","NeowsBlessing","Shuriken","The Courier","Philosopher\u0027s Stone","Dead Branch","Matryoshka","Lantern","Happy Flower","Frozen Egg 2","Busted Crown"],"potions_floor_usage":[7,16,16,33,33,33],"damage_taken":[{"damage":0,"enemies":"Jaw Worm","floor":1,"turns":1},{"damage":0,"enemies":"Cultist","floor":2,"turns":1},{"damage":0,"enemies":"Lagavulin","floor":6,"turns":1},{"damage":8,"enemies":"Small Slimes","floor":7,"turns":2},{"damage":14,"enemies":"Blue Slaver","floor":10,"turns":3},{"damage":0,"enemies":"Lots of Slimes","floor":11,"turns":2},{"damage":13,"enemies":"Large Slime","floor":13,"turns":5},{"damage":17,"enemies":"Slime Boss","floor":16,"turns":9},{"damage":21,"enemies":"2 Thieves","floor":18,"turns":4},{"damage":55,"enemies":"Book of Stabbing","floor":23,"turns":5},{"damage":9,"enemies":"Shell Parasite","floor":24,"turns":3},{"damage":5,"enemies":"Centurion and Healer","floor":27,"turns":5},{"damage":0,"enemies":"Chosen and Byrds","floor":30,"turns":4},{"damage":7,"enemies":"Snecko","floor":31,"turns":4},{"damage":48,"enemies":"Automaton","floor":33,"turns":9},{"damage":37,"enemies":"3 Darklings","floor":35,"turns":3},{"damage":10,"enemies":"Orb Walker","floor":36,"turns":3},{"damage":35,"enemies":"Writhing Mass","floor":39,"turns":5},{"damage":46,"enemies":"Nemesis","floor":40,"turns":2}],"seed_played":"3884735717394150498","potions_obtained":[{"floor":2,"key":"Poison Potion"},{"floor":10,"key":"EssenceOfSteel"},{"floor":11,"key":"Weak Potion"},{"floor":24,"key":"Block Potion"},{"floor":30,"key":"EssenceOfSteel"},{"floor":31,"key":"FearPotion"},{"floor":39,"key":"Explosive Potion"}],"is_trial":false,"path_per_floor":["M","M","?","$","?","E","M","R","T","M","M","R","M","$","R","B",null,"M","T","$","T","?","E","M","R","T","M","$","R","M","M","R","B",null,"M","M","$","?","M","E"],"character_chosen":"IRONCLAD","items_purchased":["Whirlwind"],"campfire_rested":2,"item_purchase_floors":[20],"current_hp_per_floor":[80,80,80,80,80,80,78,78,78,70,76,76,69,69,69,58,80,65,65,65,65,65,16,13,37,37,38,38,62,68,67,67,25,80,49,45,45,45,16,0],"gold":85,"neow_bonus":"THREE_ENEMY_KILL","is_prod":false,"is_daily":false,"chose_seed":false,"campfire_upgraded":4,"win_rate":0,"timestamp":1554932437,"path_taken":["M","M","?","$","?","E","M","R","T","M","M","R","M","$","R","BOSS","M","?","$","?","?","E","?","R","T","M","$","R","?","M","R","BOSS","M","M","$","?","M","E"],"build_version":"2019-01-23","purchased_purges":5,"victory":false,"max_hp_per_floor":[80,80,80,80,80,80,80,80,80,80,80,80,80,80,80,80,80,80,80,80,80,80,80,80,80,80,80,80,80,80,80,80,80,80,80,80,80,80,80,80],"card_choices":[{"not_picked":["Shrug It Off","Uppercut","Twin Strike"],"picked":"SKIP","floor":1},{"not_picked":["Inflame","Wild Strike","Sword Boomerang"],"picked":"SKIP","floor":2},{"not_picked":["Wild Strike","Dual Wield"],"picked":"Cleave","floor":6},{"not_picked":["Thunderclap","True Grit","Blood for Blood"],"picked":"SKIP","floor":7},{"not_picked":["Cleave","Clothesline"],"picked":"Armaments","floor":10},{"not_picked":["Uppercut","Armaments","Juggernaut"],"picked":"SKIP","floor":11},{"not_picked":["Pummel","Uppercut"],"picked":"Rampage","floor":13},{"not_picked":["Anger","Twin Strike"],"picked":"Headbutt","floor":18},{"not_picked":["Heavy Blade+1","Entrench","Thunderclap"],"picked":"SKIP","floor":23},{"not_picked":["Carnage+1","Clash","Corruption"],"picked":"SKIP","floor":24},{"not_picked":["Sword Boomerang","Sever Soul","True Grit"],"picked":"SKIP","floor":27},{"not_picked":["Searing Blow","Whirlwind+1","Evolve+1"],"picked":"SKIP","floor":30},{"not_picked":["Uppercut","Shockwave","Metallicize+1"],"picked":"SKIP","floor":31},{"not_picked":["Anger+1"],"picked":"SKIP","floor":35},{"not_picked":["Rampage+1"],"picked":"SKIP","floor":36},{"not_picked":["Metallicize+1"],"picked":"SKIP","floor":39}],"player_experience":554667,"relics_obtained":[{"floor":6,"key":"Shuriken"},{"floor":9,"key":"The Courier"},{"floor":19,"key":"Dead Branch"},{"floor":21,"key":"Matryoshka"},{"floor":23,"key":"Lantern"},{"floor":26,"key":"Happy Flower"},{"floor":26,"key":"Frozen Egg 2"}],"event_choices":[{"cards_removed":["Strike_R"],"damage_healed":0,"gold_gain":0,"player_choice":"Card Removal","damage_taken":0,"max_hp_gain":0,"max_hp_loss":0,"event_name":"The Cleric","floor":3,"gold_loss":50},{"damage_healed":0,"gold_gain":0,"player_choice":"Ignored","damage_taken":0,"max_hp_gain":0,"max_hp_loss":0,"event_name":"NoteForYourself","floor":5,"gold_loss":0},{"damage_healed":0,"gold_gain":99,"player_choice":"Stole From Cult","damage_taken":0,"max_hp_gain":0,"max_hp_loss":0,"event_name":"Nest","floor":22,"gold_loss":0},{"damage_healed":0,"gold_gain":0,"player_choice":"Ignored","damage_taken":0,"max_hp_gain":0,"max_hp_loss":0,"event_name":"Mysterious Sphere","floor":38,"gold_loss":0}],"is_beta":false,"boss_relics":[{"not_picked":["White Beast Statue","Ectoplasm"],"picked":"Philosopher\u0027s Stone"},{"not_picked":["Coffee Dripper","Pandora\u0027s Box"],"picked":"Busted Crown"}],"items_purged_floors":[4,14,20,28,37],"is_endless":false,"potions_floor_spawned":[2,10,11,24,30,31,39],"killed_by":"Nemesis","ascension_level":0}