{"gold_per_floor":[110,110,126,142,142,142,173,173,247,282,295,17,17,17,17,118,118,129,146,146,157,177,177,194,194,248,248,248,266,75,75,75,170,170,188,188,288,300,312,312],"floor_reached":40,"playtime":1387,"items_purged":["Deadly Poison"],"score":446,"play_id":"5577661a-aa96-4389-937f-e486fc56e352","local_time":"20190615112627","is_ascension_mode":false,"campfire_choices":[{"data":"Catalyst","floor":6,"key":"SMITH"},{"data":"Poisoned Stab","floor":8,"key":"SMITH"},{"floor":13,"key":"REST"},{"data":"Poisoned Stab","floor":15,"key":"SMITH"},{"floor":23,"key":"REST"},{"data":"Catalyst","floor":25,"key":"SMITH"},{"data":"Catalyst","floor":28,"key":"SMITH"},{"floor":32,"key":"REST"}],"neow_cost":"NONE","seed_source_timestamp":646583701926980,"circlet_count":0,"master_deck":["Defend_G+1","Defend_G+1","Defend_G+1","Defend_G+1","Defend_G+1","Strike_G+1","Strike_G+1","Strike_G+1","Strike_G+1","Strike_G+1","Survivor","Neutralize","Poisoned Stab+1","Footwork","Catalyst+1","Poisoned Stab+1","Corpse Explosion","Bane","Catalyst+1","Catalyst+1","Deadly Poison","Doppelganger","Poisoned Stab","Escape Plan+1"],"relics":["Ring of the Snake","Snake Skull","Dream Catcher","Medical Kit","Singing Bowl","Runic Pyramid","Vajra","TheAbacus","Fusion Hammer","Ice Cream"],"potions_floor_usage":[7,11,18,19,29,33,38],"damage_taken":[{"damage":1,"enemies":"Cultist","floor":1,"turns":5},{"damage":0,"enemies":"2 Louse","floor":3,"turns":2},{"damage":0,"enemies":"Jaw Worm","floor":4,"turns":4},{"damage":2,"enemies":"Gremlin Nob","floor":7,"turns":4},{"damage":11,"enemies":"Lagavulin","floor":10,"turns":7},{"damage":0,"enemies":"3 Louse","floor":11,"turns":1},{"damage":26,"enemies":"Hexaghost","floor":16,"turns":7},{"damage":7,"enemies":"2 Thieves","floor":18,"turns":2},{"damage":11,"enemies":"Spheric Guardian","floor":19,"turns":4},{"damage":18,"enemies":"3 Cultists","floor":21,"turns":3},{"damage":11,"enemies":"Snake Plant","floor":22,"turns":4},{"damage":0,"enemies":"Snecko","floor":24,"turns":4},{"damage":9,"enemies":"Shelled Parasite and Fungi","floor":29,"turns":5},{"damage":22,"enemies":"Automaton","floor":33,"turns":5},{"damage":0,"enemies":"Orb Walker","floor":35,"turns":3},{"damage":0,"enemies":"Mind Bloom Boss Battle","floor":37,"turns":3},{"damage":7,"enemies":"3 Shapes","floor":38,"turns":2},{"damage":12,"enemies":"Spire Growth","floor":39,"turns":3},{"damage":73,"enemies":"Reptomancer","floor":40,"turns":3}],"seed_played":"464920343494624466","potions_obtained":[{"floor":3,"key":"SkillPotion"},{"floor":7,"key":"Explosive Potion"},{"floor":10,"key":"SpeedPotion"},{"floor":11,"key":"Regen Potion"},{"floor":24,"key":"GamblersBrew"},{"floor":29,"key":"Block Potion"},{"floor":37,"key":"SpeedPotion"},{"floor":38,"key":"Ancient Potion"}],"is_trial":false,"path_per_floor":["M","?","M","M","?","R","E","R","T","E","M","$","R","T","R","B",null,"M","M","?","M","M","R","M","R","T","?","R","M","$","?","R","B",null,"M","?","?","M","M","E"],"character_chosen":"THE_SILENT","items_purchased":["Medical Kit","TheAbacus"],"campfire_rested":3,"item_purchase_floors":[12,30],"current_hp_per_floor":[69,55,55,55,55,55,53,53,53,42,42,42,63,63,63,37,70,63,63,63,47,36,58,60,60,60,46,46,39,39,39,63,41,83,85,85,85,78,68,0],"gold":312,"neow_bonus":"UPGRADE_CARD","is_prod":false,"is_daily":false,"chose_seed":false,"campfire_upgraded":5,"win_rate":0,"timestamp":1560623187,"path_taken":["M","?","M","M","?","R","E","R","T","E","M","$","R","?","R","BOSS","M","M","?","M","M","R","M","R","T","?","R","M","$","?","R","BOSS","M","?","?","M","M","E"],"build_version":"2019-01-23","purchased_purges":1,"victory":false,"max_hp_per_floor":[70,70,70,70,70,70,70,70,70,70,70,70,70,70,70,70,70,70,72,72,74,74,74,76,76,76,81,81,83,83,83,83,83,83,85,85,85,85,87,87],"card_choices":[{"not_picked":["Acrobatics","Quick Slash"],"picked":"Poisoned Stab","floor":1},{"not_picked":["Dagger Spray","Riddle With Holes"],"picked":"Footwork","floor":3},{"not_picked":["Flying Knee","Poisoned Stab"],"picked":"Catalyst","floor":4},{"not_picked":["Quick Slash","Slice","Underhanded Strike"],"picked":"SKIP","floor":7},{"not_picked":["Caltrops","Venomology"],"picked":"Well Laid Plans","floor":10},{"not_picked":["Slice","Well Laid Plans"],"picked":"Deadly Poison","floor":11},{"not_picked":["Quick Slash","Distraction"],"picked":"Poisoned Stab","floor":13},{"not_picked":["Adrenaline","Wraith Form v2"],"picked":"Corpse Explosion","floor":16},{"not_picked":["Infinite Blades+1","Heel Hook+1"],"picked":"Bane","floor":18},{"not_picked":["Blade Dance+1","Bane","Prepared"],"picked":"Singing Bowl","floor":19},{"not_picked":["Slice","Choke","Quick Slash+1"],"picked":"Singing Bowl","floor":21},{"not_picked":["Slice","Prepared"],"picked":"Catalyst","floor":22},{"not_picked":["Well Laid Plans","Slice"],"picked":"Catalyst","floor":23},{"not_picked":["Prepared","Infinite Blades","Slice"],"picked":"Singing Bowl","floor":24},{"not_picked":["Calculated Gamble+1","Underhanded Strike+1","Acrobatics"],"picked":"Singing Bowl","floor":29},{"not_picked":["Quick Slash","Underhanded Strike"],"picked":"Deadly Poison","floor":32},{"not_picked":["Malaise","Night Terror"],"picked":"Doppelganger","floor":33},{"not_picked":["Bouncing Flask","Reflex+1","Terror"],"picked":"Singing Bowl","floor":35},{"not_picked":["Reflex","Acrobatics"],"picked":"Poisoned Stab","floor":37},{"not_picked":["Deadly Poison+1","Well Laid Plans+1"],"picked":"Escape Plan+1","floor":38},{"not_picked":["Heel Hook","Sucker Punch+1","Backstab"],"picked":"Singing Bowl","floor":39}],"player_experience":386423,"relics_obtained":[{"floor":7,"key":"Snake Skull"},{"floor":10,"key":"Dream Catcher"},{"floor":14,"key":"Singing Bowl"},{"floor":26,"key":"Vajra"},{"floor":37,"key":"Ice Cream"}],"event_choices":[{"damage_healed":0,"gold_gain":0,"player_choice":"Entered Light","damage_taken":14,"max_hp_gain":0,"max_hp_loss":0,"event_name":"Shining Light","floor":2,"gold_loss":0,"cards_upgraded":["Defend_G","Defend_G"]},{"damage_healed":0,"gold_gain":0,"player_choice":"Ignored","damage_taken":0,"max_hp_gain":0,"max_hp_loss":0,"event_name":"Liars Game","floor":5,"gold_loss":0},{"damage_healed":0,"gold_gain":0,"player_choice":"Simplicity","damage_taken":0,"max_hp_gain":0,"max_hp_loss":0,"event_name":"Back to Basics","floor":20,"gold_loss":0,"cards_upgraded":["Defend_G","Defend_G","Strike_G","Strike_G","Strike_G","Strike_G","Strike_G"]},{"damage_healed":0,"gold_gain":0,"player_choice":"Shed Blood","damage_taken":19,"max_hp_gain":5,"max_hp_loss":0,"event_name":"Forgotten Altar","floor":27,"gold_loss":0},{"damage_healed":0,"gold_gain":0,"player_choice":"Ignored","damage_taken":0,"max_hp_gain":0,"max_hp_loss":0,"event_name":"Vampires","floor":31,"gold_loss":0},{"cards_removed":["Well Laid Plans"],"damage_healed":0,"gold_gain":0,"player_choice":"Removed Power","damage_taken":0,"max_hp_gain":0,"max_hp_loss":0,"event_name":"Falling","floor":36,"gold_loss":0},{"damage_healed":0,"gold_gain":0,"player_choice":"Fight","damage_taken":0,"max_hp_gain":0,"max_hp_loss":0,"event_name":"MindBloom","floor":37,"gold_loss":0}],"is_beta":false,"boss_relics":[{"not_picked":["Lizard Tail","Velvet Choker"],"picked":"Runic Pyramid"},{"not_picked":["Orrery","Coffee Dripper"],"picked":"Fusion Hammer"}],"items_purged_floors":[12],"is_endless":false,"potions_floor_spawned":[3,7,10,11,24,29,37,38],"killed_by":"Reptomancer","ascension_level":0}