{"gold_per_floor":[112,130,130,130,143,181,205,205,256,296,321,346,377,246,246,344,344,362,362,342,366,391,434,458,458,458,479,492,536,536,14,14,113,113,127,145,160,181,200,200,241,241,241,241,15,33,73,73,73,73,73],"floor_reached":51,"playtime":2400,"items_purged":["Injury"],"score":1588,"play_id":"a214b7b0-50f2-4afc-82f4-da72d7b5c43e","local_time":"20190622203350","is_ascension_mode":true,"campfire_choices":[{"data":"True Grit","floor":8,"key":"SMITH"},{"floor":15,"key":"REST"},{"data":"Demon Form","floor":25,"key":"SMITH"},{"floor":32,"key":"REST"},{"floor":40,"key":"REST"},{"floor":44,"key":"REST"},{"floor":49,"key":"REST"}],"neow_cost":"NONE","seed_source_timestamp":88747136818876,"circlet_count":0,"master_deck":["AscendersBane","Defend_R","Defend_R+1","Defend_R+1","Bash+1","Iron Wave+1","Exhume+1","Bludgeon+1","True Grit+1","Anger","Iron Wave","Ghostly Armor","Flame Barrier","Demon Form","Dark Embrace","Spot Weakness","Iron Wave+1","Demon Form+1","Twin Strike+1","Corruption+1","Immolate+1","Pummel+1","Feel No Pain","Fiend Fire+1","Power Through+1","Panache","Metallicize+1","Heavy Blade+1"],"relics":["Astrolabe","Golden Idol","Bag of Preparation","War Paint","Vajra","Ornamental Fan","Molten Egg 2","Snecko Eye","Happy Flower","Peace Pipe","Matryoshka","FossilizedHelix","Fusion Hammer","Dream Catcher","Boot","The Courier","Self Forming Clay","Art of War"],"potions_floor_usage":[6,10,13,13,16,23,23,33,51,51],"damage_taken":[{"damage":7,"enemies":"Small Slimes","floor":1,"turns":3},{"damage":0,"enemies":"Jaw Worm","floor":2,"turns":3},{"damage":0,"enemies":"2 Louse","floor":5,"turns":3},{"damage":8,"enemies":"Gremlin Nob","floor":6,"turns":3},{"damage":18,"enemies":"Lagavulin","floor":10,"turns":4},{"damage":7,"enemies":"Large Slime","floor":11,"turns":7},{"damage":0,"enemies":"Red Slaver","floor":12,"turns":3},{"damage":6,"enemies":"3 Sentries","floor":13,"turns":7},{"damage":2,"enemies":"Slime Boss","floor":16,"turns":8},{"damage":0,"enemies":"Chosen","floor":18,"turns":3},{"damage":4,"enemies":"2 Thieves","floor":21,"turns":3},{"damage":9,"enemies":"Chosen and Byrds","floor":22,"turns":5},{"damage":3,"enemies":"Gremlin Leader","floor":23,"turns":4},{"damage":0,"enemies":"Centurion and Healer","floor":24,"turns":4},{"damage":12,"enemies":"3 Cultists","floor":27,"turns":5},{"damage":10,"enemies":"Chosen and Byrds","floor":28,"turns":6},{"damage":0,"enemies":"Book of Stabbing","floor":29,"turns":4},{"damage":27,"enemies":"Champ","floor":33,"turns":7},{"damage":0,"enemies":"3 Darklings","floor":35,"turns":4},{"damage":0,"enemies":"Orb Walker","floor":36,"turns":1},{"damage":4,"enemies":"Spire Growth","floor":37,"turns":4},{"damage":0,"enemies":"4 Shapes","floor":38,"turns":5},{"damage":0,"enemies":"Transient","floor":39,"turns":6},{"damage":44,"enemies":"Giant Head","floor":41,"turns":7},{"damage":0,"enemies":"Sphere and 2 Shapes","floor":46,"turns":4},{"damage":41,"enemies":"Reptomancer","floor":47,"turns":6},{"damage":26,"enemies":"Donu and Deca","floor":50,"turns":7},{"damage":8,"enemies":"Awakened One","floor":51,"turns":4}],"seed_played":"2929660552377219578","potions_obtained":[{"floor":1,"key":"Swift Potion"},{"floor":2,"key":"Fire Potion"},{"floor":10,"key":"AttackPotion"},{"floor":11,"key":"Energy Potion"},{"floor":16,"key":"Swift Potion"},{"floor":20,"key":"EssenceOfSteel"},{"floor":22,"key":"PowerPotion"},{"floor":24,"key":"Ancient Potion"},{"floor":29,"key":"AttackPotion"},{"floor":38,"key":"FearPotion"}],"is_trial":false,"path_per_floor":["M","M","?","?","M","E","T","R","T","E","M","M","E","$","R","B",null,"M","?","?","M","M","E","M","R","T","M","M","E","?","$","R","B",null,"M","M","M","M","M","R","E","?","T","R","$","M","E","?","R","B","B"],"character_chosen":"IRONCLAD","items_purchased":["Block Potion","FossilizedHelix","Pummel+1","Shrug It Off","Feel No Pain","Self Forming Clay"],"campfire_rested":5,"item_purchase_floors":[14,31,31,31,31,45],"current_hp_per_floor":[61,61,61,61,61,53,53,53,53,35,28,28,22,22,44,42,67,67,67,67,63,54,51,51,51,51,39,29,29,29,29,51,24,62,62,62,58,58,58,75,31,31,31,53,53,53,12,12,34,8,0],"gold":73,"neow_bonus":"BOSS_RELIC","is_prod":false,"is_daily":false,"chose_seed":false,"campfire_upgraded":2,"win_rate":0,"timestamp":1561250030,"path_taken":["M","M","?","?","M","E","?","R","T","E","M","M","E","$","R","BOSS","M","?","?","M","M","E","M","R","T","M","?","E","?","$","R","BOSS","M","M","?","M","M","R","E","?","T","R","$","M","E","?","R","BOSS","BOSS"],"build_version":"2019-01-23","purchased_purges":1,"victory":false,"max_hp_per_floor":[75,75,75,75,75,75,75,75,75,75,75,75,75,75,75,75,75,75,75,75,75,75,75,75,75,75,75,75,75,75,75,75,75,75,75,75,75,75,75,75,75,75,75,75,75,75,75,75,75,75,75],"card_choices":[{"not_picked":["Infernal Blade","Corruption"],"picked":"True Grit","floor":1},{"not_picked":["Reckless Charge","Flex"],"picked":"Anger","floor":2},{"not_picked":["Sword Boomerang","Body Slam","Perfected Strike"],"picked":"SKIP","floor":5},{"not_picked":["Anger","Wild Strike"],"picked":"Iron Wave","floor":6},{"not_picked":["Cleave","Dual Wield"],"picked":"Ghostly Armor","floor":10},{"not_picked":["Anger","Heavy Blade","Double Tap"],"picked":"SKIP","floor":11},{"not_picked":["Armaments","Perfected Strike","Wild Strike"],"picked":"SKIP","floor":12},{"not_picked":["Perfected Strike","Disarm"],"picked":"Flame Barrier","floor":13},{"not_picked":["Fiend Fire+1","Berserk"],"picked":"Demon Form","floor":16},{"not_picked":["Body Slam+1","Perfected Strike+1","Warcry"],"picked":"SKIP","floor":18},{"not_picked":["Flex+1","Feel No Pain+1"],"picked":"Iron Wave+1","floor":21},{"not_picked":["Power Through","Flex+1","Dropkick+1"],"picked":"SKIP","floor":22},{"not_picked":["Anger+1","Rage+1"],"picked":"Demon Form","floor":23},{"not_picked":["Pummel+1","Warcry"],"picked":"Twin Strike+1","floor":24},{"not_picked":["Flame Barrier","Sword Boomerang+1"],"picked":"Corruption+1","floor":27},{"not_picked":["Blood for Blood+1","Armaments","Combust"],"picked":"SKIP","floor":28},{"not_picked":["Twin Strike+1","Feel No Pain"],"picked":"Immolate+1","floor":29},{"not_picked":["Impervious","Exhume"],"picked":"Fiend Fire+1","floor":33},{"not_picked":["Body Slam+1","Searing Blow+1","Flex"],"picked":"SKIP","floor":35},{"not_picked":["Evolve","Hemokinesis+1","Cleave+1"],"picked":"SKIP","floor":36},{"not_picked":["Body Slam+1","Flex","Warcry"],"picked":"SKIP","floor":37},{"not_picked":["Intimidate+1","Body Slam+1","Perfected Strike+1"],"picked":"SKIP","floor":38},{"not_picked":["Searing Blow+1","Disarm"],"picked":"Power Through+1","floor":39},{"not_picked":["Entrench","Bloodletting+1","Dropkick+1"],"picked":"SKIP","floor":41},{"not_picked":["Enlightenment","Dark Shackles"],"picked":"Panache","floor":42},{"not_picked":["Anger+1","Pommel Strike+1"],"picked":"Metallicize+1","floor":46},{"not_picked":["Havoc","Metallicize"],"picked":"Heavy Blade+1","floor":47}],"player_experience":963377,"relics_obtained":[{"floor":6,"key":"Bag of Preparation"},{"floor":7,"key":"War Paint"},{"floor":9,"key":"Vajra"},{"floor":10,"key":"Ornamental Fan"},{"floor":13,"key":"Molten Egg 2"},{"floor":23,"key":"Happy Flower"},{"floor":26,"key":"Peace Pipe"},{"floor":29,"key":"Matryoshka"},{"floor":41,"key":"Dream Catcher"},{"floor":43,"key":"Boot"},{"floor":43,"key":"The Courier"},{"floor":47,"key":"Art of War"}],"event_choices":[{"damage_healed":0,"gold_gain":0,"player_choice":"Grow","damage_taken":0,"max_hp_gain":0,"max_hp_loss":0,"event_name":"Living Wall","floor":3,"gold_loss":0,"cards_upgraded":["Bash"]},{"damage_healed":0,"gold_gain":0,"player_choice":"Take Wound","damage_taken":0,"relics_obtained":["Golden Idol"],"max_hp_gain":0,"max_hp_loss":0,"event_name":"Golden Idol","floor":4,"gold_loss":0,"cards_obtained":["Injury"]},{"damage_healed":0,"gold_gain":0,"cards_transformed":["Strike_R","Strike_R"],"player_choice":"Became Test Subject","damage_taken":0,"max_hp_gain":0,"max_hp_loss":0,"event_name":"Drug Dealer","floor":19,"gold_loss":0,"cards_obtained":["Dark Embrace","Spot Weakness"]},{"damage_healed":0,"gold_gain":0,"player_choice":"Bought 1 Potion","damage_taken":0,"max_hp_gain":0,"max_hp_loss":0,"event_name":"The Woman in Blue","floor":20,"gold_loss":0},{"cards_removed":["Strike_R"],"damage_healed":0,"gold_gain":0,"player_choice":"Purged","damage_taken":0,"max_hp_gain":0,"max_hp_loss":0,"event_name":"Purifier","floor":30,"gold_loss":0},{"damage_healed":0,"gold_gain":0,"player_choice":"Memory 1","damage_taken":0,"max_hp_gain":0,"max_hp_loss":0,"event_name":"SensoryStone","floor":42,"gold_loss":0},{"cards_removed":["Shrug It Off"],"damage_healed":0,"gold_gain":0,"player_choice":"Removed Skill","damage_taken":0,"max_hp_gain":0,"max_hp_loss":0,"event_name":"Falling","floor":48,"gold_loss":0}],"is_beta":false,"boss_relics":[{"not_picked":["Runic Cube","Cursed Key"],"picked":"Snecko Eye"},{"not_picked":["Lizard Tail","Philosopher\u0027s Stone"],"picked":"Fusion Hammer"}],"items_purged_floors":[14],"is_endless":false,"potions_floor_spawned":[1,2,10,11,16,22,24,29,38,39,41,47],"killed_by":"Awakened One","ascension_level":20}