{"gold_per_floor":[116,134,55,55,55,55,68,99,99,119,119,135,135,148,148,225,225,240,258,258,277,277,277,277],"floor_reached":24,"playtime":754,"items_purged":[],"score":346,"play_id":"ed001fb7-ed03-4a15-aa4b-989af8f858c3","local_time":"20190503111425","is_ascension_mode":true,"campfire_choices":[{"data":"Whirlwind","floor":6,"key":"SMITH"},{"data":"Spot Weakness","floor":15,"key":"SMITH"},{"floor":23,"key":"REST"}],"neow_cost":"NONE","seed_source_timestamp":572537551510599,"circlet_count":0,"master_deck":["AscendersBane","Strike_R","Strike_R","Strike_R","Strike_R","Defend_R","Defend_R","Defend_R","Defend_R","Bash","Pommel Strike","Pommel Strike","Whirlwind+1","Ghostly Armor+1","Spot Weakness+1","Sword Boomerang","Shrug It Off","Metallicize","Immolate","Feel No Pain","Whirlwind+1","Sword Boomerang+1"],"relics":["Burning Blood","NeowsBlessing","The Courier","Shuriken","Spirit Poop","Lizard Tail","FaceOfCleric"],"potions_floor_usage":[16,16,21],"damage_taken":[{"damage":0,"enemies":"Small Slimes","floor":1,"turns":1},{"damage":0,"enemies":"Jaw Worm","floor":2,"turns":1},{"damage":0,"enemies":"Cultist","floor":7,"turns":1},{"damage":34,"enemies":"Gremlin Nob","floor":8,"turns":4},{"damage":16,"enemies":"Blue Slaver","floor":10,"turns":4},{"damage":0,"enemies":"Gremlin Gang","floor":12,"turns":2},{"damage":0,"enemies":"3 Louse","floor":14,"turns":1},{"damage":23,"enemies":"The Guardian","floor":16,"turns":12},{"damage":45,"enemies":"Spheric Guardian","floor":18,"turns":7},{"damage":10,"enemies":"3 Byrds","floor":19,"turns":3},{"damage":13,"enemies":"Cultist and Chosen","floor":21,"turns":6},{"damage":74,"enemies":"Slavers","floor":24,"turns":3}],"seed_played":"-5167599143942754785","potions_obtained":[{"floor":2,"key":"Swift Potion"},{"floor":7,"key":"Swift Potion"},{"floor":10,"key":"AttackPotion"},{"floor":12,"key":"PowerPotion"},{"floor":19,"key":"PowerPotion"}],"is_trial":false,"path_per_floor":["M","M","$","?","?","R","M","E","T","M","?","M","?","M","R","B",null,"M","M","?","M","?","R","E"],"character_chosen":"IRONCLAD","items_purchased":["Whirlwind"],"campfire_rested":1,"item_purchase_floors":[3],"current_hp_per_floor":[74,75,75,75,75,75,75,47,47,37,37,43,36,42,42,25,63,24,20,20,13,13,35,0],"gold":277,"neow_bonus":"THREE_ENEMY_KILL","is_prod":false,"is_daily":false,"chose_seed":false,"campfire_upgraded":2,"win_rate":0,"timestamp":1556907265,"path_taken":["M","M","$","?","?","R","?","E","T","M","?","?","?","M","R","BOSS","M","M","?","?","?","R","E"],"build_version":"2019-01-23","purchased_purges":0,"victory":false,"max_hp_per_floor":[75,75,75,75,75,75,75,75,75,75,75,75,75,75,75,75,75,75,75,75,75,75,75,75],"card_choices":[{"not_picked":["Twin Strike","Body Slam"],"picked":"Pommel Strike","floor":1},{"not_picked":["Pummel","Sword Boomerang"],"picked":"Pommel Strike","floor":2},{"not_picked":["Fire Breathing","Anger"],"picked":"Ghostly Armor","floor":7},{"not_picked":["Sword Boomerang","Shrug It Off"],"picked":"Spot Weakness","floor":8},{"not_picked":["Perfected Strike","Rampage"],"picked":"Sword Boomerang","floor":10},{"not_picked":["Infernal Blade","Pommel Strike"],"picked":"Shrug It Off","floor":12},{"not_picked":["Inflame","Armaments"],"picked":"Metallicize","floor":14},{"not_picked":["Bludgeon","Fiend Fire"],"picked":"Immolate","floor":16},{"not_picked":["Headbutt","Clothesline"],"picked":"Feel No Pain","floor":18},{"not_picked":["Anger+1","Reckless Charge"],"picked":"Whirlwind+1","floor":19},{"not_picked":["Thunderclap","Warcry"],"picked":"Sword Boomerang+1","floor":21}],"player_experience":873703,"relics_obtained":[{"floor":8,"key":"The Courier"},{"floor":9,"key":"Shuriken"}],"event_choices":[{"damage_healed":0,"gold_gain":0,"player_choice":"Leave","damage_taken":0,"max_hp_gain":0,"max_hp_loss":0,"event_name":"The Cleric","floor":4,"gold_loss":0},{"damage_healed":0,"gold_gain":0,"player_choice":"Cursed","damage_taken":0,"max_hp_gain":0,"max_hp_loss":0,"event_name":"Wheel of Change","floor":5,"gold_loss":0,"cards_obtained":["Decay"]},{"cards_removed":["Decay"],"damage_healed":0,"gold_gain":0,"player_choice":"Offered Curse","damage_taken":0,"relics_obtained":["Spirit Poop"],"max_hp_gain":0,"max_hp_loss":0,"event_name":"Bonfire Elementals","floor":11,"gold_loss":0},{"cards_removed":["Strike_R"],"damage_healed":0,"gold_gain":0,"player_choice":"Card Removal","damage_taken":7,"max_hp_gain":0,"max_hp_loss":0,"event_name":"Golden Wing","floor":13,"gold_loss":0},{"damage_healed":0,"gold_gain":0,"player_choice":"Forge","damage_taken":0,"max_hp_gain":0,"max_hp_loss":0,"event_name":"Accursed Blacksmith","floor":20,"gold_loss":0,"cards_upgraded":["Ghostly Armor"]},{"damage_healed":0,"gold_gain":0,"player_choice":"Trade","damage_taken":0,"relics_obtained":["FaceOfCleric"],"max_hp_gain":0,"max_hp_loss":0,"event_name":"FaceTrader","floor":22,"gold_loss":0}],"is_beta":false,"boss_relics":[{"not_picked":["Tiny House","Runic Dome"],"picked":"Lizard Tail"}],"items_purged_floors":[],"is_endless":false,"potions_floor_spawned":[2,7,10,12,19],"killed_by":"Slavers","ascension_level":15}