{"gold_per_floor":[113,63,63,78,78,118,118,132,132,157,169,224,249,277,289,392,404,434,646,336,354,354,354,354],"floor_reached":24,"playtime":843,"items_purged":["Strike_R"],"score":393,"play_id":"413edddc-f248-4246-9da3-1a8bb90a7eb7","local_time":"20190126102906","is_ascension_mode":true,"campfire_choices":[{"data":"Shrug It Off","floor":7,"key":"SMITH"},{"data":"Whirlwind","floor":11,"key":"SMITH"},{"data":"Evolve","floor":15,"key":"SMITH"},{"data":"Flame Barrier","floor":23,"key":"SMITH"}],"neow_cost":"NONE","seed_source_timestamp":1014748346509432,"circlet_count":0,"master_deck":["AscendersBane","Strike_R","Strike_R+1","Strike_R","Defend_R","Defend_R","Defend_R","Bash+1","Flex","Shrug It Off+1","Flame Barrier+1","Ghostly Armor","Whirlwind+1","Pommel Strike","Impervious","Evolve+1","Feed","Whirlwind+1"],"relics":["Burning Blood","NeowsBlessing","Golden Idol","Kunai","MawBank","Whetstone","Snecko Eye","Paper Frog"],"potions_floor_usage":[12,12,16,24],"damage_taken":[{"damage":0,"enemies":"2 Louse","floor":1,"turns":1},{"damage":0,"enemies":"Small Slimes","floor":4,"turns":1},{"damage":0,"enemies":"Lagavulin","floor":6,"turns":1},{"damage":10,"enemies":"Cultist","floor":8,"turns":4},{"damage":0,"enemies":"3 Louse","floor":10,"turns":5},{"damage":22,"enemies":"Gremlin Nob","floor":12,"turns":5},{"damage":0,"enemies":"Gremlin Gang","floor":13,"turns":1},{"damage":14,"enemies":"Large Slime","floor":14,"turns":5},{"damage":26,"enemies":"Slime Boss","floor":16,"turns":9},{"damage":0,"enemies":"3 Byrds","floor":18,"turns":2},{"damage":11,"enemies":"2 Thieves","floor":21,"turns":4},{"damage":71,"enemies":"Slavers","floor":24,"turns":5}],"seed_played":"8873075339775344517","potions_obtained":[{"floor":6,"key":"SpeedPotion"},{"floor":10,"key":"Block Potion"},{"floor":13,"key":"LiquidBronze"},{"floor":14,"key":"Fruit Juice"},{"floor":16,"key":"SteroidPotion"},{"floor":18,"key":"Dexterity Potion"}],"is_trial":false,"path_per_floor":["M","?","?","M","?","E","R","M","T","M","R","E","M","M","R","B",null,"M","?","$","M","?","R","E"],"character_chosen":"IRONCLAD","items_purchased":["Paper Frog"],"campfire_rested":0,"item_purchase_floors":[20],"current_hp_per_floor":[74,74,69,69,69,69,69,65,65,69,69,53,59,51,51,36,65,71,71,71,66,66,66,0],"gold":354,"neow_bonus":"THREE_ENEMY_KILL","is_prod":false,"is_daily":false,"chose_seed":false,"campfire_upgraded":4,"win_rate":0,"timestamp":1548527346,"path_taken":["M","?","?","M","?","E","R","M","T","M","R","E","?","M","R","BOSS","M","?","$","?","?","R","E"],"build_version":"2019-01-23","purchased_purges":1,"victory":false,"max_hp_per_floor":[75,75,69,69,69,69,69,69,69,69,69,69,69,69,69,74,74,74,74,74,74,74,74,74],"card_choices":[{"not_picked":["Thunderclap","Battle Trance"],"picked":"Flex","floor":1},{"not_picked":["Cleave","Flame Barrier"],"picked":"Shrug It Off","floor":4},{"not_picked":["Heavy Blade","Dual Wield"],"picked":"Flame Barrier","floor":6},{"not_picked":["Pummel","True Grit"],"picked":"Ghostly Armor","floor":8},{"not_picked":["Perfected Strike","Iron Wave"],"picked":"Whirlwind","floor":10},{"not_picked":["Heavy Blade","Fire Breathing"],"picked":"Pommel Strike","floor":12},{"not_picked":["Sever Soul","Sentinel"],"picked":"Impervious","floor":13},{"not_picked":["Burning Pact","Havoc"],"picked":"Evolve","floor":14},{"not_picked":["Dark Embrace","Brutality"],"picked":"Feed","floor":16},{"not_picked":["Warcry","Iron Wave","Combust"],"picked":"SKIP","floor":18},{"not_picked":["Uppercut","Clash"],"picked":"Whirlwind","floor":21}],"player_experience":827113,"relics_obtained":[{"floor":6,"key":"Kunai"},{"floor":9,"key":"MawBank"},{"floor":12,"key":"Whetstone"}],"event_choices":[{"cards_removed":["Strike_R"],"damage_healed":0,"gold_gain":0,"player_choice":"Card Removal","damage_taken":0,"max_hp_gain":0,"max_hp_loss":0,"event_name":"The Cleric","floor":2,"gold_loss":50},{"damage_healed":0,"gold_gain":0,"player_choice":"Lose Max HP","damage_taken":0,"relics_obtained":["Golden Idol"],"max_hp_gain":0,"max_hp_loss":6,"event_name":"Golden Idol","floor":3,"gold_loss":0},{"cards_removed":["Defend_R"],"damage_healed":0,"gold_gain":0,"player_choice":"Offered Basic","damage_taken":0,"max_hp_gain":0,"max_hp_loss":0,"event_name":"Bonfire Elementals","floor":5,"gold_loss":0},{"damage_healed":0,"gold_gain":200,"player_choice":"Gold","damage_taken":0,"max_hp_gain":0,"max_hp_loss":0,"event_name":"Wheel of Change","floor":19,"gold_loss":0},{"damage_healed":0,"gold_gain":0,"player_choice":"Forge","damage_taken":0,"max_hp_gain":0,"max_hp_loss":0,"event_name":"Accursed Blacksmith","floor":22,"gold_loss":0,"cards_upgraded":["Whirlwind"]}],"is_beta":false,"boss_relics":[{"not_picked":["Ectoplasm","Astrolabe"],"picked":"Snecko Eye"}],"items_purged_floors":[20],"is_endless":false,"potions_floor_spawned":[6,10,13,14,16,18],"killed_by":"Slavers","ascension_level":14}