{"gold_per_floor":[212,230,242,302,82,82,113,113,113,113,128,459,459,472,472,546,546,565,582,40,51,51],"floor_reached":22,"playtime":756,"items_purged":["Strike_R"],"score":323,"play_id":"f113b449-2667-4eae-8972-a1f639e3665d","local_time":"20190314213441","is_ascension_mode":true,"campfire_choices":[{"data":"Body Slam","floor":6,"key":"SMITH"},{"data":"Bludgeon","floor":10,"key":"SMITH"},{"floor":13,"key":"REST"},{"data":"Bash","floor":15,"key":"SMITH"}],"neow_cost":"NONE","seed_source_timestamp":2337442378031679,"circlet_count":0,"master_deck":["AscendersBane","Strike_R","Defend_R","Defend_R","Defend_R","Bash+1","Body Slam+1","Shrug It Off","Bludgeon+1","Combust","Body Slam","Thunderclap","Flame Barrier","Reaper","Shrug It Off+1","Reaper+1","Metallicize+1","Cleave","Iron Wave","Demon Form"],"relics":["Burning Blood","Oddly Smooth Stone","Paper Frog","Bottled Flame","Old Coin","Astrolabe","Bag of Marbles","Red Skull"],"potions_floor_usage":[7,16,19,19,22],"damage_taken":[{"damage":1,"enemies":"Cultist","floor":1,"turns":3},{"damage":1,"enemies":"Small Slimes","floor":2,"turns":5},{"damage":3,"enemies":"2 Louse","floor":3,"turns":4},{"damage":24,"enemies":"Gremlin Nob","floor":7,"turns":5},{"damage":11,"enemies":"Looter","floor":11,"turns":2},{"damage":24,"enemies":"3 Sentries","floor":12,"turns":5},{"damage":8,"enemies":"Blue Slaver","floor":14,"turns":2},{"damage":20,"enemies":"The Guardian","floor":16,"turns":6},{"damage":34,"enemies":"Chosen","floor":18,"turns":10},{"damage":1,"enemies":"Shell Parasite","floor":19,"turns":2},{"damage":0,"enemies":"Snake Plant","floor":21,"turns":2},{"damage":81,"enemies":"Cultist and Chosen","floor":22,"turns":8}],"seed_played":"6662404752514768503","potions_obtained":[{"floor":1,"key":"Block Potion"},{"floor":12,"key":"FearPotion"},{"floor":14,"key":"SkillPotion"},{"floor":16,"key":"FearPotion"},{"floor":19,"key":"SteroidPotion"}],"is_trial":false,"path_per_floor":["M","M","M","?","$","R","E","?","T","R","M","E","R","M","R","B",null,"M","M","$","M","M"],"character_chosen":"IRONCLAD","items_purchased":["Oddly Smooth Stone","Combust","Demon Form","Bag of Marbles","Red Skull"],"campfire_rested":1,"item_purchase_floors":[5,5,20,20,20],"current_hp_per_floor":[77,80,80,80,80,80,62,62,62,62,57,39,63,61,61,47,72,53,58,58,64,0],"gold":51,"neow_bonus":"HUNDRED_GOLD","is_prod":false,"is_daily":false,"chose_seed":false,"campfire_upgraded":3,"win_rate":0,"timestamp":1552613681,"path_taken":["M","?","M","?","$","R","E","?","T","R","M","E","R","M","R","BOSS","M","?","$","M","M"],"build_version":"2019-01-23","purchased_purges":1,"victory":false,"max_hp_per_floor":[80,80,80,80,80,80,80,80,80,80,80,80,80,80,80,80,80,80,80,80,80,80],"card_choices":[{"not_picked":["Rage","Sword Boomerang"],"picked":"Body Slam","floor":1},{"not_picked":["Anger","Battle Trance"],"picked":"Shrug It Off","floor":2},{"not_picked":["Sentinel","Clash"],"picked":"Bludgeon","floor":3},{"not_picked":["Sentinel","Dropkick"],"picked":"Body Slam","floor":7},{"not_picked":["Shrug It Off","Hemokinesis"],"picked":"Thunderclap","floor":11},{"not_picked":["Berserk","Seeing Red","Hemokinesis"],"picked":"SKIP","floor":12},{"not_picked":["Clash","Thunderclap"],"picked":"Flame Barrier","floor":14},{"not_picked":["Berserk","Dark Embrace"],"picked":"Reaper","floor":16},{"not_picked":["Armaments","Flex"],"picked":"Cleave","floor":18},{"not_picked":["Armaments","Havoc"],"picked":"Iron Wave","floor":19},{"not_picked":["Flex","Feel No Pain","Rage"],"picked":"SKIP","floor":21}],"player_experience":391733,"relics_obtained":[{"floor":7,"key":"Paper Frog"},{"floor":9,"key":"Bottled Flame"},{"floor":12,"key":"Old Coin"}],"event_choices":[{"damage_healed":0,"gold_gain":60,"player_choice":"Gained Gold","damage_taken":0,"max_hp_gain":0,"max_hp_loss":0,"event_name":"Golden Wing","floor":4,"gold_loss":0},{"cards_removed":["Strike_R"],"damage_healed":0,"gold_gain":0,"player_choice":"Offered Basic","damage_taken":0,"max_hp_gain":0,"max_hp_loss":0,"event_name":"Bonfire Elementals","floor":8,"gold_loss":0}],"is_beta":false,"boss_relics":[{"not_picked":["Black Star","Runic Cube"],"picked":"Astrolabe"}],"items_purged_floors":[20],"is_endless":false,"potions_floor_spawned":[1,12,14,16,19],"killed_by":"Cultist and Chosen","ascension_level":13}