{"gold_per_floor":[217,230,32,32,207,207,207,220,220,255,255,273,273],"floor_reached":13,"playtime":365,"items_purged":[],"score":133,"play_id":"67a4d5ec-25a1-4068-999c-d11e04bbbbc6","local_time":"20181116002812","is_ascension_mode":true,"campfire_choices":[{"data":"Sweeping Beam","floor":6,"key":"SMITH"}],"neow_cost":"NONE","seed_source_timestamp":22779360430079,"circlet_count":0,"master_deck":["AscendersBane","Strike_B","Strike_B","Strike_B","Strike_B","Defend_B","Defend_B","Defend_B+1","Defend_B+1","Zap","Dualcast","Auto Shields","Sweeping Beam+1","Doubt","Conserve Battery","Echo Form","Self Repair"],"relics":["Cracked Core","Runic Capacitor","Golden Idol","Question Card","Omamori"],"potions_floor_usage":[],"damage_taken":[{"damage":7,"enemies":"Jaw Worm","floor":1,"turns":4},{"damage":2,"enemies":"2 Louse","floor":2,"turns":3},{"damage":1,"enemies":"Small Slimes","floor":8,"turns":4},{"damage":14,"enemies":"3 Sentries","floor":10,"turns":8},{"damage":9,"enemies":"Red Slaver","floor":12,"turns":5},{"damage":22,"enemies":"Lagavulin","floor":13,"turns":8}],"seed_played":"2781443496626593596","potions_obtained":[{"floor":1,"key":"GamblersBrew"},{"floor":2,"key":"FearPotion"},{"floor":12,"key":"Energy Potion"}],"is_trial":false,"path_per_floor":["M","M","$","?","?","R","?","M","T","E","?","M","E"],"character_chosen":"DEFECT","items_purchased":["Runic Capacitor"],"campfire_rested":0,"item_purchase_floors":[3],"current_hp_per_floor":[61,59,59,59,59,59,45,44,44,30,30,21,0],"gold":273,"neow_bonus":"HUNDRED_GOLD","is_prod":false,"is_daily":false,"chose_seed":false,"campfire_upgraded":1,"win_rate":0,"timestamp":1542356892,"path_taken":["M","M","$","?","?","R","?","M","T","E","?","M","E"],"build_version":"2018-11-15","purchased_purges":0,"victory":false,"max_hp_per_floor":[75,75,75,69,69,69,69,69,69,69,69,69,69],"card_choices":[{"not_picked":["Double Energy","Streamline"],"picked":"Auto Shields","floor":1},{"not_picked":["Stack","Compile Driver"],"picked":"Sweeping Beam","floor":2},{"not_picked":["Gash","Force Field"],"picked":"Conserve Battery","floor":8},{"not_picked":["Leap","Loop","Rebound"],"picked":"Echo Form","floor":10},{"not_picked":["Heatsinks","Doom and Gloom","Turbo"],"picked":"Self Repair","floor":12}],"player_experience":736964,"relics_obtained":[{"floor":9,"key":"Question Card"},{"floor":10,"key":"Omamori"}],"event_choices":[{"damage_healed":0,"gold_gain":0,"player_choice":"Lose Max HP","damage_taken":0,"relics_obtained":["Golden Idol"],"max_hp_gain":0,"max_hp_loss":6,"event_name":"Golden Idol","floor":4,"gold_loss":0},{"damage_healed":0,"gold_gain":175,"player_choice":"AGREE","damage_taken":0,"max_hp_gain":0,"max_hp_loss":0,"event_name":"Liars Game","floor":5,"gold_loss":0,"cards_obtained":["Doubt"]},{"damage_healed":0,"gold_gain":0,"player_choice":"Entered Light","damage_taken":14,"max_hp_gain":0,"max_hp_loss":0,"event_name":"Shining Light","floor":7,"gold_loss":0,"cards_upgraded":["Defend_B","Defend_B"]},{"damage_healed":0,"gold_gain":0,"player_choice":"Searched \u00270\u0027 times","damage_taken":0,"max_hp_gain":0,"max_hp_loss":0,"event_name":"Dead Adventurer","floor":11,"gold_loss":0}],"is_beta":false,"boss_relics":[],"items_purged_floors":[],"is_endless":false,"potions_floor_spawned":[1,2,12],"killed_by":"Lagavulin","ascension_level":12}