{"gold_per_floor":[109,109,123,134,134,134,169,169,196,196,196,206,132,152,152,253,253,272,290,23,23,39,39,54,54],"floor_reached":25,"playtime":1078,"items_purged":[],"score":244,"play_id":"460d92db-4d65-44ad-9450-3db030bf05ff","local_time":"20190618013812","is_ascension_mode":true,"campfire_choices":[{"data":"Sweeping Beam","floor":6,"key":"SMITH"},{"data":"Defragment","floor":8,"key":"SMITH"},{"data":"Defend_B","floor":10,"key":"SMITH"},{"floor":15,"key":"REST"},{"floor":23,"key":"REST"}],"neow_cost":"NONE","seed_source_timestamp":870811761364828,"circlet_count":0,"master_deck":["Strike_B","Strike_B","Strike_B+1","Strike_B","Defend_B","Defend_B","Defend_B","Defend_B+1","Zap+1","Dualcast","FTL+1","Sweeping Beam+1","Defragment+1","Glacier","Echo Form","Multi-Cast","Conserve Battery","Loop","Hologram+1"],"relics":["Cracked Core","NeowsBlessing","Omamori","Vajra","Sozu","OrangePellets","MutagenicStrength"],"potions_floor_usage":[7,14,14],"damage_taken":[{"damage":0,"enemies":"2 Louse","floor":1,"turns":1},{"damage":0,"enemies":"Small Slimes","floor":3,"turns":1},{"damage":0,"enemies":"Jaw Worm","floor":4,"turns":1},{"damage":10,"enemies":"Gremlin Nob","floor":7,"turns":3},{"damage":18,"enemies":"Large Slime","floor":12,"turns":3},{"damage":4,"enemies":"Red Slaver","floor":14,"turns":3},{"damage":34,"enemies":"The Guardian","floor":16,"turns":11},{"damage":19,"enemies":"3 Byrds","floor":18,"turns":4},{"damage":29,"enemies":"2 Thieves","floor":19,"turns":4},{"damage":12,"enemies":"3 Cultists","floor":22,"turns":5},{"damage":28,"enemies":"Snecko","floor":24,"turns":7},{"damage":16,"enemies":"Snake Plant","floor":25,"turns":1}],"seed_played":"2358499593535755510","potions_obtained":[{"floor":4,"key":"Energy Potion"},{"floor":7,"key":"SpeedPotion"},{"floor":12,"key":"Regen Potion"}],"is_trial":false,"path_per_floor":["M","?","M","M","$","R","E","R","T","R","?","M","$","M","R","B",null,"M","M","$","?","M","R","M","M"],"character_chosen":"DEFECT","items_purchased":["Echo Form","Loop","OrangePellets"],"campfire_rested":2,"item_purchase_floors":[13,20,20],"current_hp_per_floor":[75,75,75,75,75,75,65,65,65,65,50,32,32,37,59,25,75,56,27,27,27,15,37,9,0],"gold":54,"neow_bonus":"THREE_ENEMY_KILL","is_prod":false,"is_daily":false,"chose_seed":false,"campfire_upgraded":3,"win_rate":0,"timestamp":1560847092,"path_taken":["M","?","M","M","$","R","E","R","T","R","?","M","$","M","R","BOSS","M","M","$","?","M","R","M","M"],"build_version":"2019-01-23","purchased_purges":0,"victory":false,"max_hp_per_floor":[75,75,75,75,75,75,75,75,75,75,75,75,75,75,75,75,75,75,75,75,75,75,75,75,75],"card_choices":[{"not_picked":["Coolheaded","Stack"],"picked":"FTL","floor":1},{"not_picked":["BootSequence","Compile Driver","Leap"],"picked":"SKIP","floor":3},{"not_picked":["Scrape","Leap"],"picked":"Sweeping Beam","floor":4},{"not_picked":["FTL","Reprogram"],"picked":"Defragment","floor":7},{"not_picked":["Rip and Tear","Gash"],"picked":"Glacier","floor":12},{"not_picked":["Glacier","Scrape","Stack"],"picked":"SKIP","floor":14},{"not_picked":["Reboot","All For One"],"picked":"Multi-Cast","floor":16},{"not_picked":["Rebound","Stack","Leap"],"picked":"SKIP","floor":18},{"not_picked":["Coolheaded","Reinforced Body"],"picked":"Conserve Battery","floor":19},{"not_picked":["Ball Lightning+1","Blizzard"],"picked":"Hologram+1","floor":22},{"not_picked":["Cold Snap","Lockon","Storm"],"picked":"SKIP","floor":24}],"player_experience":430992,"relics_obtained":[{"floor":7,"key":"Omamori"},{"floor":9,"key":"Vajra"}],"event_choices":[{"damage_healed":0,"gold_gain":0,"player_choice":"Grow","damage_taken":0,"max_hp_gain":0,"max_hp_loss":0,"event_name":"Living Wall","floor":2,"gold_loss":0,"cards_upgraded":["Zap"]},{"damage_healed":0,"gold_gain":0,"player_choice":"Entered Light","damage_taken":15,"max_hp_gain":0,"max_hp_loss":0,"event_name":"Shining Light","floor":11,"gold_loss":0,"cards_upgraded":["FTL","Strike_B"]},{"damage_healed":0,"gold_gain":0,"player_choice":"Inject Mutagens","damage_taken":0,"relics_obtained":["MutagenicStrength"],"max_hp_gain":0,"max_hp_loss":0,"event_name":"Drug Dealer","floor":21,"gold_loss":0}],"is_beta":false,"boss_relics":[{"not_picked":["Busted Crown","Astrolabe"],"picked":"Sozu"}],"items_purged_floors":[],"is_endless":false,"potions_floor_spawned":[4,7,12,19,22,24],"killed_by":"Snake Plant","ascension_level":4}