{"gold_per_floor":[114,126,401,417,143,143,143,159,159,187,187,199,6,24,24,103,103,113,113,128,128,128,128,146,146,146,91,91,103,120,139,139,139],"floor_reached":33,"playtime":1639,"items_purged":["Regret"],"score":486,"play_id":"c25e8d30-f0d0-4581-b71e-4c71758bea0b","local_time":"20190624223257","is_ascension_mode":true,"campfire_choices":[{"data":"Chrysalis","floor":6,"key":"SMITH"},{"data":"Infernal Blade","floor":11,"key":"SMITH"},{"data":"Apotheosis","floor":15,"key":"SMITH"},{"floor":23,"key":"REST"},{"floor":25,"key":"REST"},{"floor":32,"key":"REST"}],"neow_cost":"NONE","seed_source_timestamp":1034461017360183,"circlet_count":0,"master_deck":["AscendersBane","Strike_R+1","Strike_R+1","Strike_R+1","Strike_R+1","Defend_R+1","Defend_R+1","Defend_R+1","Bash+1","Infernal Blade+1","Flex","Shrug It Off+1","Chrysalis+1","Impervious","Carnage","Battle Trance","Apotheosis+1","Rampage+1","Iron Wave+1","Shrug It Off+1","Perfected Strike+1"],"relics":["Burning Blood","Magic Flower","Du-Vu Doll","Astrolabe","Paper Frog"],"potions_floor_usage":[10,12,16,20,24,30,31,33,33],"damage_taken":[{"damage":9,"enemies":"2 Louse","floor":1,"turns":3},{"damage":1,"enemies":"Cultist","floor":2,"turns":3},{"damage":1,"enemies":"Small Slimes","floor":4,"turns":3},{"damage":6,"enemies":"2 Fungi Beasts","floor":8,"turns":4},{"damage":15,"enemies":"3 Sentries","floor":10,"turns":10},{"damage":4,"enemies":"Red Slaver","floor":12,"turns":4},{"damage":14,"enemies":"Large Slime","floor":14,"turns":7},{"damage":24,"enemies":"Hexaghost","floor":16,"turns":11},{"damage":63,"enemies":"3 Byrds","floor":18,"turns":8},{"damage":24,"enemies":"Chosen","floor":20,"turns":6},{"damage":9,"enemies":"Centurion and Healer","floor":24,"turns":12},{"damage":35,"enemies":"3 Cultists","floor":29,"turns":7},{"damage":26,"enemies":"Chosen and Byrds","floor":30,"turns":9},{"damage":30,"enemies":"Snake Plant","floor":31,"turns":4},{"damage":55,"enemies":"Automaton","floor":33,"turns":6}],"seed_played":"-2242848261872279797","potions_obtained":[{"floor":1,"key":"EssenceOfSteel"},{"floor":2,"key":"Ancient Potion"},{"floor":14,"key":"LiquidBronze"},{"floor":19,"key":"Block Potion"},{"floor":19,"key":"Regen Potion"},{"floor":24,"key":"EssenceOfSteel"},{"floor":30,"key":"Fire Potion"},{"floor":31,"key":"Energy Potion"}],"is_trial":false,"path_per_floor":["M","M","?","M","$","R","?","M","T","E","R","M","$","M","R","B",null,"M","?","M","?","?","R","M","R","T","$","?","M","M","M","R","B"],"character_chosen":"IRONCLAD","items_purchased":["Chrysalis","Apotheosis","PowerPotion"],"campfire_rested":3,"item_purchase_floors":[5,13,27],"current_hp_per_floor":[65,70,70,75,75,75,52,52,52,46,46,51,51,46,46,31,64,10,10,19,34,34,56,56,75,75,75,75,49,32,11,33,0],"gold":139,"neow_bonus":"UPGRADE_CARD","is_prod":false,"is_daily":false,"chose_seed":false,"campfire_upgraded":3,"win_rate":0,"timestamp":1561440777,"path_taken":["M","M","?","M","?","R","?","M","T","E","R","M","$","M","R","BOSS","M","?","?","?","?","R","M","R","T","?","?","M","M","M","R","BOSS"],"build_version":"2019-01-23","purchased_purges":1,"victory":false,"max_hp_per_floor":[75,75,75,75,75,75,75,75,75,75,75,75,75,75,75,75,75,75,75,75,75,75,75,75,75,75,75,75,75,75,75,75,75],"card_choices":[{"not_picked":["Sword Boomerang","Headbutt"],"picked":"Infernal Blade","floor":1},{"not_picked":["Heavy Blade","Body Slam"],"picked":"Flex","floor":2},{"not_picked":["Rupture","Burning Pact"],"picked":"Shrug It Off","floor":4},{"not_picked":["Sword Boomerang","Burning Pact"],"picked":"Impervious","floor":8},{"not_picked":["Seeing Red","Wild Strike"],"picked":"Carnage","floor":10},{"not_picked":["Flex","Havoc"],"picked":"Battle Trance","floor":12},{"not_picked":["Clothesline","Clash","Havoc"],"picked":"SKIP","floor":14},{"not_picked":["Double Tap","Offering"],"picked":"Demon Form","floor":16},{"not_picked":["Headbutt","Perfected Strike","Havoc"],"picked":"SKIP","floor":18},{"not_picked":["Headbutt","Heavy Blade"],"picked":"Shrug It Off+1","floor":20},{"not_picked":["Evolve","Thunderclap","Sword Boomerang"],"picked":"SKIP","floor":24},{"not_picked":["Thunderclap","Uppercut"],"picked":"Perfected Strike+1","floor":29},{"not_picked":["Pommel Strike","Flex","Thunderclap"],"picked":"SKIP","floor":30},{"not_picked":["Disarm","True Grit","Cleave"],"picked":"SKIP","floor":31}],"player_experience":1070614,"relics_obtained":[{"floor":9,"key":"Magic Flower"},{"floor":10,"key":"Du-Vu Doll"},{"floor":26,"key":"Paper Frog"}],"event_choices":[{"damage_healed":0,"gold_gain":275,"player_choice":"Desecrate","damage_taken":0,"max_hp_gain":0,"max_hp_loss":0,"event_name":"Golden Shrine","floor":3,"gold_loss":0,"cards_obtained":["Regret"]},{"damage_healed":0,"gold_gain":0,"player_choice":"Entered Light","damage_taken":23,"max_hp_gain":0,"max_hp_loss":0,"event_name":"Shining Light","floor":7,"gold_loss":0,"cards_upgraded":["Shrug It Off","Strike_R"]},{"damage_healed":0,"gold_gain":0,"player_choice":"Got Potions","damage_taken":0,"max_hp_gain":0,"max_hp_loss":0,"event_name":"Lab","floor":19,"gold_loss":0},{"damage_healed":15,"gold_gain":0,"player_choice":"Heal","damage_taken":0,"max_hp_gain":0,"max_hp_loss":0,"event_name":"The Library","floor":21,"gold_loss":0},{"damage_healed":0,"gold_gain":0,"player_choice":"Simplicity","damage_taken":0,"max_hp_gain":0,"max_hp_loss":0,"event_name":"Back to Basics","floor":22,"gold_loss":0,"cards_upgraded":["Strike_R","Strike_R","Strike_R","Defend_R","Defend_R","Defend_R"]},{"cards_removed":["Searing Blow"],"damage_healed":0,"gold_gain":0,"player_choice":"Card Removal","damage_taken":0,"max_hp_gain":0,"max_hp_loss":0,"event_name":"Wheel of Change","floor":28,"gold_loss":0}],"is_beta":false,"boss_relics":[{"not_picked":["Tiny House","Runic Dome"],"picked":"Astrolabe"}],"items_purged_floors":[5],"is_endless":false,"potions_floor_spawned":[1,2,14,24,30,31],"killed_by":"Automaton","ascension_level":19}