{"gold_per_floor":[116,116,74,224,20,33,44,74,98,110,145,145,155,183,183,257,257,267,267,66,81,81,112,112,128,128,128,154,166,166,3,3,78,78,98,198,215,215],"floor_reached":38,"playtime":1419,"items_purged":["Doubt","Strike_B+1"],"score":783,"play_id":"b3cfe05a-7d0e-49f2-9e24-756e7624ebaf","local_time":"20190406130259","is_ascension_mode":true,"campfire_choices":[{"floor":12,"key":"REST"},{"data":"Doom and Gloom","floor":15,"key":"SMITH"},{"floor":24,"key":"REST"},{"data":"Biased Cognition","floor":27,"key":"SMITH"},{"data":"Defragment","floor":30,"key":"SMITH"},{"floor":32,"key":"REST"}],"neow_cost":"CURSE","seed_source_timestamp":68126722351107,"circlet_count":0,"master_deck":["AscendersBane","Strike_B+1","Strike_B+1","Defend_B+1","Defend_B+1","Defend_B+1","Defend_B+1","Zap","Dualcast","Ball Lightning","Doom and Gloom","Self Repair","Doom and Gloom+1","Go for the Eyes","Beam Cell","Ball Lightning","White Noise","Cold Snap","Conserve Battery","All For One","Core Surge","Biased Cognition+1","Conserve Battery","Defragment+1","Go for the Eyes","Undo","Capacitor","Consume","Auto Shields","Seek","Darkness"],"relics":["Cracked Core","Nunchaku","Dream Catcher","Bronze Scales","Regal Pillow","Ancient Tea Set","Busted Crown","Bottled Flame","Question Card","PreservedInsect","Oddly Smooth Stone","Eternal Feather","Mango"],"potions_floor_usage":[8,8,23,37,37],"damage_taken":[{"damage":1,"enemies":"2 Louse","floor":1,"turns":2},{"damage":7,"enemies":"Jaw Worm","floor":6,"turns":3},{"damage":1,"enemies":"Cultist","floor":7,"turns":3},{"damage":8,"enemies":"Gremlin Nob","floor":8,"turns":3},{"damage":19,"enemies":"Exordium Thugs","floor":10,"turns":4},{"damage":20,"enemies":"3 Sentries","floor":11,"turns":3},{"damage":8,"enemies":"Looter","floor":13,"turns":3},{"damage":10,"enemies":"Lagavulin","floor":14,"turns":7},{"damage":44,"enemies":"The Guardian","floor":16,"turns":9},{"damage":6,"enemies":"Spheric Guardian","floor":18,"turns":3},{"damage":3,"enemies":"Chosen","floor":21,"turns":4},{"damage":23,"enemies":"Gremlin Leader","floor":23,"turns":6},{"damage":18,"enemies":"Snecko","floor":25,"turns":4},{"damage":24,"enemies":"Snake Plant","floor":29,"turns":3},{"damage":9,"enemies":"Champ","floor":33,"turns":11},{"damage":31,"enemies":"Orb Walker","floor":35,"turns":3},{"damage":12,"enemies":"Mind Bloom Boss Battle","floor":36,"turns":6},{"damage":43,"enemies":"3 Darklings","floor":37,"turns":5},{"damage":37,"enemies":"Jaw Worm Horde","floor":38,"turns":3}],"seed_played":"2198341158828932426","potions_obtained":[{"floor":1,"key":"Poison Potion"},{"floor":7,"key":"GamblersBrew"},{"floor":11,"key":"Weak Potion"},{"floor":13,"key":"Regen Potion"},{"floor":29,"key":"LiquidBronze"},{"floor":37,"key":"SkillPotion"}],"is_trial":false,"path_per_floor":["M","?","$","?","$","M","M","E","T","M","E","R","M","E","R","B",null,"M","?","$","M","?","E","R","M","T","R","T","M","R","$","R","B",null,"M","?","M","M"],"character_chosen":"DEFECT","items_purchased":["Doom and Gloom","Self Repair","Doom and Gloom","Conserve Battery","Defragment","Oddly Smooth Stone"],"campfire_rested":3,"item_purchase_floors":[3,5,5,20,20,31],"current_hp_per_floor":[63,56,56,56,56,56,62,61,61,49,29,65,64,61,61,24,59,53,53,53,57,57,34,70,52,52,52,52,28,28,28,64,62,69,38,47,25,0],"gold":215,"neow_bonus":"ONE_RARE_RELIC","is_prod":false,"is_daily":false,"chose_seed":false,"campfire_upgraded":3,"win_rate":0,"timestamp":1554570179,"path_taken":["M","?","$","?","$","M","M","E","T","M","E","R","?","E","R","BOSS","M","?","$","M","?","E","R","?","T","R","?","M","R","$","R","BOSS","M","?","M","M"],"build_version":"2019-01-23","purchased_purges":2,"victory":false,"max_hp_per_floor":[71,71,71,71,71,71,71,71,71,71,71,71,71,71,71,71,71,71,71,71,71,71,71,71,71,71,71,71,71,71,71,71,71,71,71,85,85,85],"card_choices":[{"not_picked":["Recycle","Lockon"],"picked":"Ball Lightning","floor":1},{"not_picked":["Undo","Double Energy"],"picked":"Go for the Eyes","floor":6},{"not_picked":["Stack","Steam"],"picked":"Beam Cell","floor":7},{"not_picked":["Coolheaded","Chill"],"picked":"Ball Lightning","floor":8},{"not_picked":["Hologram","Aggregate"],"picked":"White Noise","floor":10},{"not_picked":["Coolheaded","Barrage"],"picked":"Cold Snap","floor":11},{"not_picked":["Chill","Redo"],"picked":"Conserve Battery","floor":12},{"not_picked":["Turbo","Rebound"],"picked":"All For One","floor":13},{"not_picked":["Ball Lightning","Stack"],"picked":"Core Surge","floor":14},{"not_picked":["Multi-Cast","Meteor Strike"],"picked":"Biased Cognition","floor":16},{"not_picked":["Rebound"],"picked":"SKIP","floor":18},{"not_picked":["Hologram"],"picked":"SKIP","floor":21},{"not_picked":[],"picked":"Undo","floor":23},{"not_picked":[],"picked":"Capacitor","floor":24},{"not_picked":[],"picked":"Consume","floor":25},{"not_picked":["Double Energy","Streamline"],"picked":"SKIP","floor":29},{"not_picked":["Streamline"],"picked":"Auto Shields","floor":32},{"not_picked":["Creative AI"],"picked":"Seek","floor":33},{"not_picked":["Leap","Capacitor"],"picked":"SKIP","floor":35},{"not_picked":["Coolheaded"],"picked":"Darkness","floor":36},{"not_picked":["Compile Driver","Ball Lightning"],"picked":"SKIP","floor":37}],"player_experience":526973,"relics_obtained":[{"floor":8,"key":"Dream Catcher"},{"floor":9,"key":"Bronze Scales"},{"floor":11,"key":"Regal Pillow"},{"floor":14,"key":"Ancient Tea Set"},{"floor":23,"key":"Bottled Flame"},{"floor":26,"key":"Question Card"},{"floor":28,"key":"PreservedInsect"},{"floor":36,"key":"Mango"}],"event_choices":[{"cards_removed":["Regret"],"damage_healed":0,"gold_gain":0,"player_choice":"Card Removal","damage_taken":7,"max_hp_gain":0,"max_hp_loss":0,"event_name":"Golden Wing","floor":2,"gold_loss":0},{"damage_healed":0,"gold_gain":150,"player_choice":"AGREE","damage_taken":0,"max_hp_gain":0,"max_hp_loss":0,"event_name":"Liars Game","floor":4,"gold_loss":0,"cards_obtained":["Doubt"]},{"damage_healed":0,"gold_gain":0,"player_choice":"Simplicity","damage_taken":0,"max_hp_gain":0,"max_hp_loss":0,"event_name":"Back to Basics","floor":19,"gold_loss":0,"cards_upgraded":["Strike_B","Strike_B","Strike_B","Strike_B","Defend_B","Defend_B","Defend_B","Defend_B"]},{"damage_healed":0,"gold_gain":0,"cards_transformed":["Strike_B"],"player_choice":"Transformed","damage_taken":0,"max_hp_gain":0,"max_hp_loss":0,"event_name":"Transmorgrifier","floor":22,"gold_loss":0,"cards_obtained":["Go for the Eyes"]},{"damage_healed":0,"gold_gain":0,"player_choice":"Fight","damage_taken":0,"max_hp_gain":0,"max_hp_loss":0,"event_name":"MindBloom","floor":36,"gold_loss":0}],"is_beta":false,"boss_relics":[{"not_picked":["Sozu","Runic Pyramid"],"picked":"Busted Crown"},{"not_picked":["Runic Dome","Astrolabe"],"picked":"Eternal Feather"}],"items_purged_floors":[5,20],"is_endless":false,"potions_floor_spawned":[1,7,11,13,16,21,29,33,35,37],"killed_by":"Jaw Worm Horde","ascension_level":18}