{"gold_per_floor":[115,115,133,48,48,48,48,75,75,92,109,109,121,137,137,240,240,250,210,210,210,210,210,224,79,79,79,79,98,113,128,128,128],"floor_reached":33,"playtime":2372,"items_purged":["Decay"],"score":247,"play_id":"c95beb2c-02df-4106-b48a-2d36d70a6f00","local_time":"20190127233725","is_ascension_mode":false,"campfire_choices":[{"data":"True Grit","floor":6,"key":"SMITH"},{"floor":12,"key":"REST"},{"data":"Armaments","floor":15,"key":"SMITH"},{"data":"Immolate","floor":23,"key":"SMITH"},{"data":"Fire Breathing","floor":28,"key":"SMITH"},{"floor":32,"key":"REST"}],"neow_cost":"NONE","seed_source_timestamp":822365576234787,"circlet_count":0,"master_deck":["Strike_R+1","Strike_R+1","Strike_R+1","Strike_R+1","Strike_R+1","Defend_R+1","Defend_R+1","Defend_R+1","Defend_R+1","Bash","Fire Breathing+1","Carnage","True Grit+1","Dramatic Entrance","Anger","Armaments+1","Ghostly Armor+1","Anger","Flex","Immolate+1","Clothesline+1","Metallicize","Metallicize","Metallicize+1","Burning Pact+1","Shockwave"],"relics":["Burning Blood","Gremlin Horn","Boot","Gambling Chip","Dodecahedron","Eternal Feather","Paper Frog"],"potions_floor_usage":[8],"damage_taken":[{"damage":1,"enemies":"Cultist","floor":1,"turns":4},{"damage":4,"enemies":"2 Louse","floor":3,"turns":3},{"damage":28,"enemies":"Gremlin Nob","floor":8,"turns":4},{"damage":2,"enemies":"Jaw Worm","floor":10,"turns":2},{"damage":0,"enemies":"Blue Slaver","floor":11,"turns":3},{"damage":0,"enemies":"Exordium Thugs","floor":13,"turns":4},{"damage":0,"enemies":"Lots of Slimes","floor":14,"turns":1},{"damage":42,"enemies":"Hexaghost","floor":16,"turns":10},{"damage":29,"enemies":"Shell Parasite","floor":18,"turns":7},{"damage":11,"enemies":"Spheric Guardian","floor":24,"turns":5},{"damage":16,"enemies":"Centurion and Healer","floor":29,"turns":9},{"damage":3,"enemies":"Sentry and Sphere","floor":30,"turns":10},{"damage":22,"enemies":"Shelled Parasite and Fungi","floor":31,"turns":6},{"damage":86,"enemies":"Collector","floor":33,"turns":6}],"seed_played":"-8300069145798151716","potions_obtained":[{"floor":1,"key":"LiquidBronze"},{"floor":3,"key":"SteroidPotion"},{"floor":11,"key":"Swift Potion"},{"floor":16,"key":"GamblersBrew"},{"floor":24,"key":"Weak Potion"}],"is_trial":false,"path_per_floor":["M","T","M","$","?","R","?","E","T","M","M","R","M","M","R","B",null,"M","?","$","?","?","R","M","$","T","$","R","M","M","M","R","B"],"character_chosen":"IRONCLAD","items_purchased":["Dramatic Entrance","Metallicize"],"campfire_rested":2,"item_purchase_floors":[4,25],"current_hp_per_floor":[80,80,80,80,62,62,62,40,40,44,50,74,80,80,80,44,80,57,57,57,57,57,69,64,64,64,64,76,66,69,53,80,0],"gold":128,"neow_bonus":"THREE_CARDS","is_prod":false,"is_daily":false,"chose_seed":false,"campfire_upgraded":4,"win_rate":0.0,"timestamp":1548650245,"path_taken":["M","?","M","$","?","R","?","E","T","?","M","R","M","M","R","BOSS","M","?","?","?","?","R","M","$","T","?","R","M","M","M","R","BOSS"],"build_version":"2019-01-23","purchased_purges":1,"victory":false,"max_hp_per_floor":[80,80,80,80,80,80,80,80,80,80,80,80,80,80,80,80,80,80,80,80,80,80,80,80,80,80,80,80,80,80,80,80,80],"card_choices":[{"not_picked":["Warcry","Pummel"],"picked":"Fire Breathing","floor":0},{"not_picked":["Shrug It Off","Sword Boomerang"],"picked":"Carnage","floor":1},{"not_picked":["Rupture","Clothesline"],"picked":"True Grit","floor":3},{"not_picked":["Double Tap","Battle Trance"],"picked":"Anger","floor":8},{"not_picked":["Anger","Shrug It Off"],"picked":"Armaments","floor":10},{"not_picked":["Evolve","Body Slam"],"picked":"Ghostly Armor","floor":11},{"not_picked":["Heavy Blade","Dark Embrace"],"picked":"Anger","floor":13},{"not_picked":["Warcry","Pommel Strike"],"picked":"Flex","floor":14},{"not_picked":["Limit Break","Barricade"],"picked":"Immolate","floor":16},{"not_picked":["Blood for Blood","Dual Wield"],"picked":"Clothesline+1","floor":18},{"not_picked":["Spot Weakness+1","Thunderclap+1"],"picked":"Metallicize","floor":24},{"not_picked":["Body Slam","Clash"],"picked":"Metallicize+1","floor":29},{"not_picked":["Sword Boomerang+1","Perfected Strike"],"picked":"Burning Pact+1","floor":30},{"not_picked":["Flex","Anger"],"picked":"Shockwave","floor":31}],"player_experience":35930,"relics_obtained":[{"floor":2,"key":"Gremlin Horn"},{"floor":8,"key":"Gambling Chip"},{"floor":9,"key":"Dodecahedron"},{"floor":26,"key":"Paper Frog"}],"event_choices":[{"damage_healed":0,"gold_gain":0,"player_choice":"Success","damage_taken":18,"relics_obtained":["Boot"],"max_hp_gain":0,"max_hp_loss":0,"event_name":"Scrap Ooze","floor":5,"gold_loss":0},{"damage_healed":0,"gold_gain":0,"player_choice":"Ignored","damage_taken":0,"max_hp_gain":0,"max_hp_loss":0,"event_name":"NoteForYourself","floor":7,"gold_loss":0},{"damage_healed":0,"gold_gain":0,"player_choice":"Upgraded Two","damage_taken":0,"max_hp_gain":0,"max_hp_loss":0,"event_name":"Designer","floor":19,"gold_loss":40,"cards_upgraded":["Strike_R","Ghostly Armor"]},{"damage_healed":0,"gold_gain":0,"player_choice":"Smashed Altar","damage_taken":0,"max_hp_gain":0,"max_hp_loss":0,"event_name":"Forgotten Altar","floor":21,"gold_loss":0,"cards_obtained":["Decay"]},{"damage_healed":0,"gold_gain":0,"player_choice":"Simplicity","damage_taken":0,"max_hp_gain":0,"max_hp_loss":0,"event_name":"Back to Basics","floor":22,"gold_loss":0,"cards_upgraded":["Strike_R","Strike_R","Strike_R","Strike_R","Defend_R","Defend_R","Defend_R","Defend_R"]}],"is_beta":false,"boss_relics":[{"not_picked":["Black Star","White Beast Statue"],"picked":"Eternal Feather"}],"items_purged_floors":[25],"is_endless":false,"potions_floor_spawned":[1,3,11,16,24],"killed_by":"Collector","ascension_level":0}