{"gold_per_floor":[113,125,145,156,170,205,220,220,246,266,266,216,141,141,141,243,243,261,275,286,201,201,201,216,247,247,247],"floor_reached":27,"playtime":1445,"items_purged":["Defend_B"],"score":261,"play_id":"3ab915ff-084d-40a3-b81c-bfbe40e3ff5f","local_time":"20190604231235","is_ascension_mode":true,"campfire_choices":[{"data":"Sweeping Beam","floor":8,"key":"SMITH"},{"data":"Gash","floor":11,"key":"SMITH"},{"data":"Conserve Battery","floor":15,"key":"SMITH"},{"floor":23,"key":"REST"}],"neow_cost":"NONE","seed_source_timestamp":2752220836238,"circlet_count":0,"master_deck":["Strike_B","Strike_B","Strike_B","Defend_B","Defend_B","Defend_B","Zap","Dualcast","Streamline","Turbo","Conserve Battery+1","Gash+1","Sweeping Beam+1","Gash","Melter","Rebound","Machine Learning","Undo+1","Steam Power+1","All For One"],"relics":["Cracked Core","Orichalcum","DataDisk","Inserter","Singing Bowl","Centennial Puzzle","Unceasing Top"],"potions_floor_usage":[4,5,6,10,19,20,25,27],"damage_taken":[{"damage":1,"enemies":"Cultist","floor":1,"turns":3},{"damage":3,"enemies":"2 Louse","floor":2,"turns":3},{"damage":0,"enemies":"Small Slimes","floor":3,"turns":3},{"damage":4,"enemies":"Looter","floor":4,"turns":3},{"damage":8,"enemies":"Blue Slaver","floor":5,"turns":4},{"damage":18,"enemies":"3 Sentries","floor":6,"turns":4},{"damage":0,"enemies":"3 Louse","floor":7,"turns":2},{"damage":1,"enemies":"2 Fungi Beasts","floor":10,"turns":3},{"damage":47,"enemies":"Hexaghost","floor":16,"turns":8},{"damage":24,"enemies":"2 Thieves","floor":18,"turns":4},{"damage":15,"enemies":"Shell Parasite","floor":19,"turns":4},{"damage":17,"enemies":"Snake Plant","floor":20,"turns":4},{"damage":28,"enemies":"Shelled Parasite and Fungi","floor":24,"turns":6},{"damage":14,"enemies":"Slavers","floor":25,"turns":4},{"damage":6,"enemies":"Chosen and Byrds","floor":27,"turns":3}],"seed_played":"1202295908373891143","potions_obtained":[{"floor":3,"key":"Dexterity Potion"},{"floor":4,"key":"SpeedPotion"},{"floor":5,"key":"Strength Potion"},{"floor":6,"key":"Weak Potion"},{"floor":18,"key":"LiquidBronze"},{"floor":19,"key":"PowerPotion"},{"floor":24,"key":"AttackPotion"},{"floor":25,"key":"GamblersBrew"}],"is_trial":false,"path_per_floor":["M","M","M","M","M","E","M","R","T","M","R","?","$","?","R","B",null,"M","M","M","?","?","R","M","E","T","M"],"character_chosen":"DEFECT","items_purchased":[],"campfire_rested":1,"item_purchase_floors":[],"current_hp_per_floor":[74,71,71,67,59,41,41,41,41,40,40,40,40,65,65,18,75,51,36,19,19,19,41,15,1,1,0],"gold":247,"neow_bonus":"THREE_CARDS","is_prod":false,"is_daily":false,"chose_seed":false,"campfire_upgraded":3,"win_rate":0,"timestamp":1559715155,"path_taken":["M","M","M","?","M","E","M","R","T","M","R","?","$","?","R","BOSS","M","M","M","?","?","R","M","E","T","M"],"build_version":"2019-01-23","purchased_purges":1,"victory":false,"max_hp_per_floor":[75,75,75,75,75,75,75,75,75,75,75,75,75,75,75,75,75,75,75,75,75,75,75,77,77,77,77],"card_choices":[{"not_picked":["Turbo","Conserve Battery"],"picked":"Streamline","floor":0},{"not_picked":["Compile Driver","Reinforced Body"],"picked":"Turbo","floor":1},{"not_picked":["Scrape","Recycle"],"picked":"Conserve Battery","floor":2},{"not_picked":["Leap","Compile Driver","Conserve Battery"],"picked":"SKIP","floor":3},{"not_picked":["Stack","Barrage"],"picked":"Gash","floor":4},{"not_picked":["Fusion","Compile Driver"],"picked":"Sweeping Beam","floor":5},{"not_picked":["Electrodynamics","Ball Lightning"],"picked":"Gash","floor":6},{"not_picked":["Force Field","Static Discharge"],"picked":"Melter","floor":7},{"not_picked":["Coolheaded","Sweeping Beam"],"picked":"Rebound","floor":10},{"not_picked":["Hyperbeam","Creative AI"],"picked":"Machine Learning","floor":16},{"not_picked":["Steam","Go for the Eyes","Chaos"],"picked":"SKIP","floor":18},{"not_picked":["Coolheaded","Fusion"],"picked":"Undo+1","floor":19},{"not_picked":["Genetic Algorithm","Steam"],"picked":"Steam Power+1","floor":20},{"not_picked":["Chaos","Leap","Streamline+1"],"picked":"Singing Bowl","floor":24},{"not_picked":["Redo","Chill"],"picked":"All For One","floor":25}],"player_experience":316798,"relics_obtained":[{"floor":6,"key":"Orichalcum"},{"floor":9,"key":"DataDisk"},{"floor":25,"key":"Centennial Puzzle"},{"floor":26,"key":"Unceasing Top"}],"event_choices":[{"cards_removed":["Strike_B"],"damage_healed":0,"gold_gain":0,"player_choice":"Card Removal","damage_taken":0,"max_hp_gain":0,"max_hp_loss":0,"event_name":"The Cleric","floor":12,"gold_loss":50},{"damage_healed":25,"gold_gain":0,"player_choice":"Banana","damage_taken":0,"max_hp_gain":0,"max_hp_loss":0,"event_name":"Big Fish","floor":14,"gold_loss":0},{"damage_healed":0,"gold_gain":0,"player_choice":"Obtained Relic","damage_taken":0,"relics_obtained":["Singing Bowl"],"max_hp_gain":0,"max_hp_loss":0,"event_name":"Addict","floor":21,"gold_loss":85},{"damage_healed":0,"gold_gain":0,"player_choice":"Ignored","damage_taken":0,"max_hp_gain":0,"max_hp_loss":0,"event_name":"The Mausoleum","floor":22,"gold_loss":0}],"is_beta":false,"boss_relics":[{"not_picked":["Sozu","Runic Dome"],"picked":"Inserter"}],"items_purged_floors":[13],"is_endless":false,"potions_floor_spawned":[3,4,5,6,18,19,24,25],"killed_by":"Chosen and Byrds","ascension_level":2}