{"gold_per_floor":[110,61,61,11,22,49,49,63,63,63,83,97,131,141,141,141],"floor_reached":16,"playtime":1738,"items_purged":[],"score":123,"play_id":"67f93523-7c57-49c2-bb34-c0cc7f9f56a3","local_time":"20190603214604","is_ascension_mode":true,"campfire_choices":[{"floor":7,"key":"REST"},{"data":"Searing Blow","floor":10,"key":"SMITH"},{"floor":15,"key":"REST"}],"neow_cost":"NONE","seed_source_timestamp":696251858450282,"circlet_count":0,"master_deck":["Strike_R","Strike_R","Strike_R","Strike_R","Strike_R","Defend_R","Defend_R","Defend_R","Defend_R","Bash","Anger","Shrug It Off","Body Slam","Searing Blow+1","Metallicize","Cleave","Armaments","Metallicize"],"relics":["Burning Blood","Mummified Hand","Darkstone Periapt","Lantern"],"potions_floor_usage":[13,14,16,16],"damage_taken":[{"damage":16,"enemies":"Cultist","floor":1,"turns":4},{"damage":0,"enemies":"Small Slimes","floor":5,"turns":3},{"damage":49,"enemies":"3 Sentries","floor":6,"turns":10},{"damage":4,"enemies":"Jaw Worm","floor":8,"turns":3},{"damage":13,"enemies":"Blue Slaver","floor":11,"turns":3},{"damage":22,"enemies":"Looter","floor":12,"turns":3},{"damage":30,"enemies":"Lagavulin","floor":13,"turns":5},{"damage":1,"enemies":"Lots of Slimes","floor":14,"turns":2},{"damage":54,"enemies":"Hexaghost","floor":16,"turns":14}],"seed_played":"-6741043771660749390","potions_obtained":[{"floor":5,"key":"SpeedPotion"},{"floor":12,"key":"Explosive Potion"},{"floor":14,"key":"SneckoOil"}],"is_trial":false,"path_per_floor":["M","$","?","$","M","E","R","M","T","R","M","M","E","M","R","B"],"character_chosen":"IRONCLAD","items_purchased":["Shrug It Off","SteroidPotion"],"campfire_rested":2,"item_purchase_floors":[2,4],"current_hp_per_floor":[78,78,78,78,84,41,67,69,69,69,62,46,22,27,53,0],"gold":141,"neow_bonus":"TEN_PERCENT_HP_BONUS","is_prod":false,"is_daily":false,"chose_seed":false,"campfire_upgraded":1,"win_rate":0,"timestamp":1559623564,"path_taken":["M","?","?","$","M","E","R","M","T","R","M","M","E","M","R","BOSS"],"build_version":"2019-01-23","purchased_purges":0,"victory":false,"max_hp_per_floor":[88,88,88,88,88,88,88,88,88,88,88,88,88,88,88,88],"card_choices":[{"not_picked":["Warcry","True Grit"],"picked":"Anger","floor":1},{"not_picked":["Sentinel","Hemokinesis"],"picked":"Body Slam","floor":5},{"not_picked":["Offering","Carnage"],"picked":"Searing Blow","floor":6},{"not_picked":["Havoc","Entrench"],"picked":"Metallicize","floor":8},{"not_picked":["Bloodletting","Body Slam"],"picked":"Cleave","floor":11},{"not_picked":["Clothesline","Combust","Dark Embrace"],"picked":"SKIP","floor":12},{"not_picked":["Searing Blow","Havoc"],"picked":"Armaments","floor":13},{"not_picked":["Flame Barrier","Headbutt"],"picked":"Metallicize","floor":14}],"player_experience":288785,"relics_obtained":[{"floor":6,"key":"Mummified Hand"},{"floor":9,"key":"Darkstone Periapt"},{"floor":13,"key":"Lantern"}],"event_choices":[{"damage_healed":0,"gold_gain":0,"player_choice":"Leave","damage_taken":0,"max_hp_gain":0,"max_hp_loss":0,"event_name":"The Cleric","floor":3,"gold_loss":0}],"is_beta":false,"boss_relics":[],"items_purged_floors":[],"is_endless":false,"potions_floor_spawned":[5,12,14],"killed_by":"Hexaghost","ascension_level":2}