{"gold_per_floor":[116,23,34,98,113,144,144,169,193,205,216,316,316,95,95,95],"floor_reached":16,"playtime":1105,"items_purged":["Strike_G"],"score":176,"play_id":"e5a55944-5ab8-4d8d-b911-5bafa9eb8fc2","local_time":"20180817152138","is_ascension_mode":true,"campfire_choices":[{"data":"Acrobatics","floor":7,"key":"SMITH"},{"data":"Forethought","floor":15,"key":"SMITH"}],"neow_cost":"","seed_source_timestamp":81337652626172,"circlet_count":0,"master_deck":["Defend_G","Defend_G","Defend_G","Defend_G","Defend_G","Strike_G","Strike_G","Strike_G","Strike_G","Survivor","Neutralize","AscendersBane","Underhanded Strike","Acrobatics+1","Footwork","Underhanded Strike","Leg Sweep","Backstab","Acrobatics","Well Laid Plans","Dagger Throw","Forethought+1"],"relics":["Ring of the Snake","Boot","Strawberry","Bag of Preparation"],"potions_floor_usage":[6,6,10,16],"damage_taken":[{"damage":2,"enemies":"2 Louse","floor":1,"turns":5},{"damage":5,"enemies":"Small Slimes","floor":3,"turns":3},{"damage":0,"enemies":"Cultist","floor":5,"turns":4},{"damage":35,"enemies":"3 Sentries","floor":6,"turns":12},{"damage":11,"enemies":"Lagavulin","floor":8,"turns":8},{"damage":3,"enemies":"3 Louse","floor":10,"turns":3},{"damage":0,"enemies":"Red Slaver","floor":11,"turns":4},{"damage":28,"enemies":"The Guardian","floor":16,"turns":21}],"seed_played":"-1757601149503174271","potions_obtained":[{"floor":3,"key":"Regen Potion"},{"floor":5,"key":"EssenceOfSteel"},{"floor":6,"key":"Weak Potion"},{"floor":11,"key":"Dexterity Potion"}],"is_trial":false,"path_per_floor":["M","$","M","?","M","E","R","E","T","M","M","?","?","$","R"],"character_chosen":"THE_SILENT","items_purchased":["Acrobatics","Footwork","Dagger Throw","Forethought"],"campfire_rested":0,"item_purchase_floors":[2,2,14,14],"current_hp_per_floor":[61,61,56,56,56,36,36,32,32,29,29,29,26,26,26,0],"gold":95,"neow_bonus":"","is_prod":false,"is_daily":false,"chose_seed":false,"campfire_upgraded":2,"win_rate":0,"timestamp":1534544498,"path_taken":["M","$","M","?","?","E","R","E","T","M","M","?","?","?","R","BOSS"],"build_version":"2018-08-16","purchased_purges":1,"victory":false,"max_hp_per_floor":[70,70,70,70,70,70,70,77,77,77,77,77,77,77,77,77],"card_choices":[{"not_picked":["Blade Dance","PiercingWail"],"picked":"Underhanded Strike","floor":1},{"not_picked":["Noxious Fumes","Flying Knee"],"picked":"Underhanded Strike","floor":3},{"not_picked":["Distraction","Slice"],"picked":"Leg Sweep","floor":5},{"not_picked":["Slice","Eviscerate"],"picked":"Backstab","floor":6},{"not_picked":["Flying Knee","Poisoned Stab","Distraction"],"picked":"SKIP","floor":8},{"not_picked":["Unload","Blur"],"picked":"Acrobatics","floor":10},{"not_picked":["PiercingWail","Accuracy"],"picked":"Well Laid Plans","floor":11}],"player_experience":774969,"relics_obtained":[{"floor":6,"key":"Boot"},{"floor":8,"key":"Strawberry"},{"floor":9,"key":"Bag of Preparation"}],"event_choices":[{"event_name":"Golden Wing","player_choice":"Gained Gold","floor":4,"damage_taken":0},{"event_name":"Golden Shrine","player_choice":"Pray","floor":12,"damage_taken":0},{"event_name":"Scrap Ooze","player_choice":"unsuccessful","floor":13,"damage_taken":3}],"is_beta":true,"boss_relics":[],"items_purged_floors":[14],"is_endless":false,"potions_floor_spawned":[3,5,6,11],"killed_by":"The Guardian","ascension_level":12}