{"gold_per_floor":[118,118,137,155,37,37,48,73,122,132,163,163,180,197,197,297,297,308,308,308,318,318,318,352,352,352,352,379,392,392],"floor_reached":30,"playtime":905,"items_purged":[],"score":260,"play_id":"49430f76-fabf-41bd-9f93-74643d217de8","local_time":"20190502155911","is_ascension_mode":false,"campfire_choices":[{"data":"Armaments","floor":6,"key":"SMITH"},{"data":"Rampage","floor":12,"key":"SMITH"},{"data":"Double Tap","floor":15,"key":"SMITH"},{"data":"Demon Form","floor":23,"key":"SMITH"},{"data":"Flame Barrier","floor":25,"key":"SMITH"}],"neow_cost":"NONE","seed_source_timestamp":331133753918498,"circlet_count":0,"master_deck":["Strike_R","Strike_R","Strike_R","Strike_R","Defend_R","Defend_R","Defend_R","Defend_R","Bash","Immolate","Pommel Strike","Rampage+1","Double Tap+1","Armaments+1","Shrug It Off","Burning Pact","Rage","Demon Form+1","Flame Barrier+1","Pummel"],"relics":["Black Blood","Mercury Hourglass","Smiling Mask","Art of War","Self Forming Clay","Question Card","Centennial Puzzle","Peace Pipe","Bag of Marbles"],"potions_floor_usage":[11,16,16,16,24,30],"damage_taken":[{"damage":2,"enemies":"Small Slimes","floor":1,"turns":2},{"damage":0,"enemies":"Cultist","floor":3,"turns":2},{"damage":6,"enemies":"Jaw Worm","floor":4,"turns":2},{"damage":0,"enemies":"Exordium Thugs","floor":7,"turns":2},{"damage":12,"enemies":"3 Sentries","floor":8,"turns":5},{"damage":0,"enemies":"Large Slime","floor":10,"turns":3},{"damage":19,"enemies":"Lagavulin","floor":11,"turns":5},{"damage":8,"enemies":"Blue Slaver","floor":13,"turns":3},{"damage":0,"enemies":"Exordium Wildlife","floor":14,"turns":1},{"damage":14,"enemies":"Hexaghost","floor":16,"turns":7},{"damage":7,"enemies":"Spheric Guardian","floor":18,"turns":5},{"damage":15,"enemies":"2 Thieves","floor":21,"turns":4},{"damage":37,"enemies":"Book of Stabbing","floor":24,"turns":6},{"damage":29,"enemies":"Snake Plant","floor":29,"turns":5},{"damage":34,"enemies":"Gremlin Leader","floor":30,"turns":5}],"seed_played":"-5283849636014454623","potions_obtained":[{"floor":1,"key":"SkillPotion"},{"floor":10,"key":"Block Potion"},{"floor":11,"key":"Weak Potion"},{"floor":13,"key":"SteroidPotion"},{"floor":14,"key":"Ancient Potion"},{"floor":21,"key":"Block Potion"},{"floor":29,"key":"Swift Potion"}],"is_trial":false,"path_per_floor":["M","?","M","M","$","R","M","E","T","M","E","R","M","M","R","B",null,"M","$","?","M","T","R","E","R","T","?","T","M","E"],"character_chosen":"IRONCLAD","items_purchased":["Double Tap","Armaments"],"campfire_rested":0,"item_purchase_floors":[5,5],"current_hp_per_floor":[80,80,80,80,80,80,80,74,74,80,67,67,65,71,71,63,80,80,80,80,75,75,75,48,48,48,48,48,29,0],"gold":392,"neow_bonus":"ONE_RANDOM_RARE_CARD","is_prod":false,"is_daily":false,"chose_seed":false,"campfire_upgraded":5,"win_rate":0,"timestamp":1556827151,"path_taken":["M","?","M","M","$","R","?","E","T","M","E","R","M","M","R","BOSS","M","?","?","?","?","R","E","R","T","?","?","?","E"],"build_version":"2019-01-23","purchased_purges":0,"victory":false,"max_hp_per_floor":[80,80,80,80,80,80,80,80,80,80,80,80,80,80,80,80,80,80,80,80,80,80,80,80,80,80,80,80,80,80],"card_choices":[{"not_picked":["Heavy Blade","Anger"],"picked":"Pommel Strike","floor":1},{"not_picked":["Flex","Perfected Strike","Dropkick"],"picked":"SKIP","floor":3},{"not_picked":["Sentinel","Disarm"],"picked":"Rampage","floor":4},{"not_picked":["Body Slam","Searing Blow","Cleave"],"picked":"SKIP","floor":7},{"not_picked":["Second Wind","Berserk","Anger"],"picked":"SKIP","floor":8},{"not_picked":["Twin Strike","Wild Strike","Blood for Blood"],"picked":"SKIP","floor":10},{"not_picked":["Perfected Strike","Clash"],"picked":"Shrug It Off","floor":11},{"not_picked":["Uppercut","Combust"],"picked":"Burning Pact","floor":13},{"not_picked":["Combust","Dropkick"],"picked":"Rage","floor":14},{"not_picked":["Impervious","Offering"],"picked":"Demon Form","floor":16},{"not_picked":["Uppercut","Pommel Strike"],"picked":"Flame Barrier","floor":18},{"not_picked":["Wild Strike","Warcry","Anger"],"picked":"SKIP","floor":21},{"not_picked":["Demon Form","Intimidate","Metallicize+1","Armaments"],"picked":"SKIP","floor":24},{"not_picked":["Dual Wield","Pommel Strike","Warcry","Twin Strike"],"picked":"SKIP","floor":29}],"player_experience":643847,"relics_obtained":[{"floor":8,"key":"Smiling Mask"},{"floor":9,"key":"Art of War"},{"floor":11,"key":"Self Forming Clay"},{"floor":22,"key":"Question Card"},{"floor":24,"key":"Centennial Puzzle"},{"floor":26,"key":"Peace Pipe"},{"floor":28,"key":"Bag of Marbles"}],"event_choices":[{"damage_healed":0,"gold_gain":0,"player_choice":"Gave Potion","damage_taken":0,"relics_obtained":["Mercury Hourglass"],"max_hp_gain":0,"max_hp_loss":0,"event_name":"WeMeetAgain","floor":2,"gold_loss":0},{"damage_healed":0,"gold_gain":0,"cards_transformed":["Strike_R"],"player_choice":"Transformed","damage_taken":0,"max_hp_gain":0,"max_hp_loss":0,"event_name":"Transmorgrifier","floor":20,"gold_loss":0,"cards_obtained":["Pummel"]},{"damage_healed":0,"gold_gain":0,"player_choice":"Ignored","damage_taken":0,"max_hp_gain":0,"max_hp_loss":0,"event_name":"Vampires","floor":27,"gold_loss":0}],"is_beta":false,"boss_relics":[{"not_picked":["Calling Bell","Runic Pyramid"],"picked":"Black Blood"}],"items_purged_floors":[],"is_endless":false,"potions_floor_spawned":[1,10,11,13,14,21,29],"killed_by":"Gremlin Leader","ascension_level":0}