{"gold_per_floor":[113,113,131,145,161,191,204,238,238,238,35,55,71,84,84,157,157,168,168,187,199,15,42,42,54,54,74,74],"floor_reached":28,"playtime":1199,"items_purged":["Pain","Strike_R"],"score":562,"play_id":"f2dd98ab-712d-4946-93a4-cf0d9c0b849a","local_time":"20190623092251","is_ascension_mode":true,"campfire_choices":[{"floor":15,"key":"REST"},{"data":"Bash","floor":24,"key":"SMITH"}],"neow_cost":"NONE","seed_source_timestamp":136088605999614,"circlet_count":0,"master_deck":["AscendersBane","Strike_R","Strike_R+1","Strike_R","Strike_R+1","Defend_R","Defend_R","Defend_R","Defend_R","Bash+1","Twin Strike","Twin Strike","Pommel Strike","Pommel Strike","Ghostly Armor","True Grit","Double Tap","Inflame","Battle Trance","Perfected Strike","Shrug It Off","Reaper","Perfected Strike","Inflame","True Grit+1","Inflame"],"relics":["Burning Blood","Bag of Marbles","Whetstone","Bottled Flame","PreservedInsect","WarpedTongs","Velvet Choker","Omamori","Bottled Tornado"],"potions_floor_usage":[5,6,12,13,25,25,27],"damage_taken":[{"damage":7,"enemies":"Small Slimes","floor":1,"turns":4},{"damage":1,"enemies":"Cultist","floor":3,"turns":3},{"damage":7,"enemies":"Jaw Worm","floor":4,"turns":3},{"damage":13,"enemies":"Large Slime","floor":5,"turns":6},{"damage":35,"enemies":"3 Sentries","floor":6,"turns":8},{"damage":8,"enemies":"2 Fungi Beasts","floor":7,"turns":3},{"damage":31,"enemies":"Gremlin Nob","floor":8,"turns":4},{"damage":4,"enemies":"Exordium Thugs","floor":12,"turns":4},{"damage":0,"enemies":"Looter","floor":13,"turns":1},{"damage":0,"enemies":"3 Louse","floor":14,"turns":2},{"damage":11,"enemies":"Slime Boss","floor":16,"turns":5},{"damage":25,"enemies":"Shell Parasite","floor":18,"turns":4},{"damage":13,"enemies":"Spheric Guardian","floor":20,"turns":5},{"damage":2,"enemies":"Centurion and Healer","floor":21,"turns":8},{"damage":0,"enemies":"Gremlin Leader","floor":23,"turns":5},{"damage":30,"enemies":"Snake Plant","floor":25,"turns":4},{"damage":40,"enemies":"Shelled Parasite and Fungi","floor":27,"turns":7},{"damage":35,"enemies":"Book of Stabbing","floor":28,"turns":4}],"seed_played":"2142282166895048841","potions_obtained":[{"floor":3,"key":"Strength Potion"},{"floor":4,"key":"Weak Potion"},{"floor":8,"key":"Explosive Potion"},{"floor":12,"key":"SteroidPotion"},{"floor":19,"key":"LiquidBronze"},{"floor":19,"key":"SneckoOil"},{"floor":25,"key":"Ancient Potion"},{"floor":27,"key":"Ancient Potion"}],"is_trial":false,"path_per_floor":["M","?","M","M","M","E","M","E","T","?","$","M","M","M","R","B",null,"M","?","M","M","$","E","R","M","T","M","E"],"character_chosen":"IRONCLAD","items_purchased":["Inflame","Battle Trance","Inflame"],"campfire_rested":1,"item_purchase_floors":[11,11,22],"current_hp_per_floor":[67,67,72,71,64,35,33,8,8,8,8,10,16,22,44,39,66,47,47,40,50,50,75,75,51,51,17,0],"gold":74,"neow_bonus":"RANDOM_COMMON_RELIC","is_prod":false,"is_daily":false,"chose_seed":false,"campfire_upgraded":1,"win_rate":0,"timestamp":1561296171,"path_taken":["M","?","M","M","M","E","?","E","T","?","$","M","M","M","R","BOSS","M","?","?","M","$","E","R","M","T","M","E"],"build_version":"2019-01-23","purchased_purges":2,"victory":false,"max_hp_per_floor":[75,75,75,75,75,75,75,75,75,75,75,75,75,75,75,75,75,75,75,75,75,75,75,75,75,75,75,75],"card_choices":[{"not_picked":["Thunderclap","Second Wind"],"picked":"Twin Strike","floor":1},{"not_picked":["Warcry","Clothesline","Anger"],"picked":"SKIP","floor":3},{"not_picked":["Ghostly Armor","Clothesline"],"picked":"Pommel Strike","floor":4},{"not_picked":["Havoc","Exhume"],"picked":"Pommel Strike","floor":5},{"not_picked":["Infernal Blade","Cleave"],"picked":"Ghostly Armor","floor":6},{"not_picked":["Uppercut","Shrug It Off"],"picked":"True Grit","floor":7},{"not_picked":["Warcry","Clothesline"],"picked":"Double Tap","floor":8},{"not_picked":["Clothesline","Infernal Blade","Twin Strike"],"picked":"SKIP","floor":12},{"not_picked":["Iron Wave","Flex"],"picked":"Perfected Strike","floor":13},{"not_picked":["Uppercut","Second Wind"],"picked":"Shrug It Off","floor":14},{"not_picked":["Immolate","Dark Embrace"],"picked":"Reaper","floor":16},{"not_picked":["Flex","Twin Strike"],"picked":"Perfected Strike","floor":18},{"not_picked":["Clothesline","Carnage","Anger"],"picked":"SKIP","floor":20},{"not_picked":["Second Wind","Heavy Blade","Thunderclap"],"picked":"SKIP","floor":21},{"not_picked":["Evolve+1","Flex"],"picked":"True Grit+1","floor":23},{"not_picked":["Wild Strike+1","Havoc"],"picked":"Inflame","floor":25},{"not_picked":["Cleave","Iron Wave","Headbutt"],"picked":"SKIP","floor":27}],"player_experience":965777,"relics_obtained":[{"floor":6,"key":"Whetstone"},{"floor":8,"key":"Bottled Flame"},{"floor":9,"key":"PreservedInsect"},{"floor":23,"key":"Omamori"},{"floor":26,"key":"Bottled Tornado"}],"event_choices":[{"damage_healed":0,"gold_gain":0,"player_choice":"1 cards matched","damage_taken":0,"max_hp_gain":0,"max_hp_loss":0,"event_name":"Match and Keep!","floor":2,"gold_loss":0,"cards_obtained":["Twin Strike"]},{"damage_healed":0,"gold_gain":0,"player_choice":"Rummage","damage_taken":0,"relics_obtained":["WarpedTongs"],"max_hp_gain":0,"max_hp_loss":0,"event_name":"Accursed Blacksmith","floor":10,"gold_loss":0,"cards_obtained":["Pain"]},{"damage_healed":0,"gold_gain":0,"player_choice":"Got Potions","damage_taken":0,"max_hp_gain":0,"max_hp_loss":0,"event_name":"Lab","floor":19,"gold_loss":0}],"is_beta":false,"boss_relics":[{"not_picked":["Busted Crown","Black Blood"],"picked":"Velvet Choker"}],"items_purged_floors":[11,22],"is_endless":false,"potions_floor_spawned":[3,4,8,12,21,23,25,27],"killed_by":"Book of Stabbing","ascension_level":20}