{"gold_per_floor":[119,419,197,197,210,244,18,37,37,55,55,89,89,108,108,233,233,207,207,207,226,151,151],"floor_reached":23,"playtime":548,"items_purged":["Regret"],"score":249,"play_id":"6fe7fe0d-d6a3-4b16-8613-7e7639bf4103","local_time":"20190503115321","is_ascension_mode":false,"campfire_choices":[{"data":"Rampage","floor":11,"key":"SMITH"},{"data":"Body Slam","floor":13,"key":"SMITH"},{"data":"Inflame","floor":15,"key":"SMITH"}],"neow_cost":"NONE","seed_source_timestamp":403141797653451,"circlet_count":0,"master_deck":["Strike_R","Strike_R","Strike_R","Strike_R","Defend_R","Defend_R","Defend_R","Defend_R","Bash","Flame Barrier","Shrug It Off","Rampage+1","Inflame+1","Body Slam+1","Barricade","Burning Pact"],"relics":["Burning Blood","NeowsBlessing","Old Coin","PreservedInsect","Golden Idol","Smiling Mask","Sling","Bottled Lightning","Champion Belt","Mark of Pain"],"potions_floor_usage":[16,16,16],"damage_taken":[{"damage":0,"enemies":"Cultist","floor":1,"turns":1},{"damage":0,"enemies":"Jaw Worm","floor":5,"turns":1},{"damage":0,"enemies":"3 Sentries","floor":6,"turns":2},{"damage":2,"enemies":"2 Louse","floor":8,"turns":3},{"damage":10,"enemies":"Large Slime","floor":10,"turns":6},{"damage":0,"enemies":"Gremlin Nob","floor":12,"turns":3},{"damage":4,"enemies":"Looter","floor":14,"turns":4},{"damage":15,"enemies":"The Guardian","floor":16,"turns":8},{"damage":33,"enemies":"2 Thieves","floor":18,"turns":5},{"damage":15,"enemies":"Chosen","floor":21,"turns":5},{"damage":44,"enemies":"Book of Stabbing","floor":23,"turns":5}],"seed_played":"1835831872104932266","potions_obtained":[{"floor":5,"key":"Strength Potion"},{"floor":6,"key":"LiquidBronze"},{"floor":10,"key":"SkillPotion"}],"is_trial":false,"path_per_floor":["M","?","$","?","M","E","$","M","T","M","R","E","R","M","R","B",null,"M","?","?","M","?","E"],"character_chosen":"IRONCLAD","items_purchased":["PreservedInsect","Sling","Inflame"],"campfire_rested":0,"item_purchase_floors":[3,7,7],"current_hp_per_floor":[80,80,80,60,66,72,72,76,76,72,72,78,78,80,80,71,80,53,53,53,44,44,0],"gold":151,"neow_bonus":"THREE_ENEMY_KILL","is_prod":false,"is_daily":false,"chose_seed":false,"campfire_upgraded":3,"win_rate":0,"timestamp":1556898801,"path_taken":["M","?","$","?","?","E","$","M","T","M","R","E","R","M","R","BOSS","M","?","?","M","?","E"],"build_version":"2019-01-23","purchased_purges":1,"victory":false,"max_hp_per_floor":[80,80,80,80,80,80,80,80,80,80,80,80,80,80,80,80,80,80,80,80,80,80,80],"card_choices":[{"not_picked":["Clash","Sword Boomerang"],"picked":"Flame Barrier","floor":1},{"not_picked":["Rupture","Seeing Red"],"picked":"Shrug It Off","floor":5},{"not_picked":["Flex","Feel No Pain"],"picked":"Rampage","floor":6},{"not_picked":["Intimidate","Anger"],"picked":"Body Slam","floor":8},{"not_picked":["Reckless Charge","Heavy Blade","Havoc"],"picked":"SKIP","floor":10},{"not_picked":["Searing Blow","Heavy Blade","Iron Wave"],"picked":"SKIP","floor":12},{"not_picked":["Battle Trance","Twin Strike","Heavy Blade"],"picked":"SKIP","floor":14},{"not_picked":["Dark Embrace","Double Tap"],"picked":"Barricade","floor":16},{"not_picked":["Clothesline","Blood for Blood","Flex"],"picked":"SKIP","floor":18},{"not_picked":["Twin Strike+1","Flex+1"],"picked":"Burning Pact","floor":21}],"player_experience":653443,"relics_obtained":[{"floor":6,"key":"Smiling Mask"},{"floor":9,"key":"Bottled Lightning"},{"floor":12,"key":"Champion Belt"}],"event_choices":[{"damage_healed":0,"gold_gain":0,"player_choice":"Box","damage_taken":0,"relics_obtained":["Old Coin"],"max_hp_gain":0,"max_hp_loss":0,"event_name":"Big Fish","floor":2,"gold_loss":0,"cards_obtained":["Regret"]},{"damage_healed":0,"gold_gain":0,"player_choice":"Take Damage","damage_taken":20,"relics_obtained":["Golden Idol"],"max_hp_gain":0,"max_hp_loss":0,"event_name":"Golden Idol","floor":4,"gold_loss":0},{"damage_healed":0,"gold_gain":0,"player_choice":"Ignored","damage_taken":0,"max_hp_gain":0,"max_hp_loss":0,"event_name":"Vampires","floor":19,"gold_loss":0},{"damage_healed":0,"gold_gain":0,"player_choice":"Ignored","damage_taken":0,"max_hp_gain":0,"max_hp_loss":0,"event_name":"Ghosts","floor":20,"gold_loss":0},{"cards_removed":["Strike_R"],"damage_healed":0,"gold_gain":0,"player_choice":"Gave Gold","damage_taken":0,"max_hp_gain":0,"max_hp_loss":0,"event_name":"Beggar","floor":22,"gold_loss":75}],"is_beta":false,"boss_relics":[{"not_picked":["Tiny House","Runic Cube"],"picked":"Mark of Pain"}],"items_purged_floors":[3],"is_endless":false,"potions_floor_spawned":[5,6,10,12],"killed_by":"Book of Stabbing","ascension_level":0}