{"gold_per_floor":[117,127,52,68,68,103,103,119,146,167,186,186,209,253,253,374,374,392,410,429,354,375,65,65,86,112,112,31,31,74,88,88,208,208,232,232,253,272,336,336,336],"floor_reached":41,"playtime":2802,"items_purged":["Strike_B","Strike_B"],"score":427,"play_id":"c2e03091-e3bc-458b-97f9-550badabc8fb","local_time":"20190701154131","is_ascension_mode":false,"campfire_choices":[{"floor":12,"key":"REST"},{"floor":15,"key":"REST"},{"floor":24,"key":"REST"},{"data":"White Noise","floor":27,"key":"SMITH"},{"data":"Auto Shields","floor":29,"key":"SMITH"},{"floor":32,"key":"REST"},{"floor":40,"key":"REST"}],"neow_cost":"NONE","seed_source_timestamp":741879777336268,"circlet_count":0,"master_deck":["Strike_B","Strike_B","Defend_B","Defend_B","Defend_B","Zap","Dualcast","Streamline","Rebound","Streamline","Sweeping Beam","White Noise+1","Compile Driver","Auto Shields+1","Rebound","Fission","Hyperbeam","Hologram+1","Undo+1","FTL+1","Conserve Battery","Undo+1","Stack","Reprogram","Sunder","Static Discharge+1","Core Surge","Core Surge","Tempest","Conserve Battery+1","Capacitor+1"],"relics":["Cracked Core","Golden Idol","Bird Faced Urn","Torii","Oddly Smooth Stone","Frozen Egg 2","Eternal Feather","DollysMirror","Ancient Tea Set","Potion Belt","Busted Crown","Ice Cream"],"potions_floor_usage":[8,10,11,18,19,35,39],"damage_taken":[{"damage":1,"enemies":"Cultist","floor":1,"turns":3},{"damage":0,"enemies":"Small Slimes","floor":2,"turns":2},{"damage":1,"enemies":"Jaw Worm","floor":4,"turns":3},{"damage":14,"enemies":"Gremlin Nob","floor":6,"turns":3},{"damage":13,"enemies":"Red Slaver","floor":8,"turns":2},{"damage":3,"enemies":"Lots of Slimes","floor":10,"turns":3},{"damage":1,"enemies":"Large Slime","floor":11,"turns":4},{"damage":13,"enemies":"2 Fungi Beasts","floor":13,"turns":3},{"damage":30,"enemies":"Lagavulin","floor":14,"turns":6},{"damage":9,"enemies":"The Guardian","floor":16,"turns":10},{"damage":16,"enemies":"Chosen","floor":18,"turns":5},{"damage":21,"enemies":"2 Thieves","floor":19,"turns":3},{"damage":6,"enemies":"Centurion and Healer","floor":20,"turns":4},{"damage":27,"enemies":"Cultist and Chosen","floor":22,"turns":7},{"damage":17,"enemies":"Shelled Parasite and Fungi","floor":25,"turns":10},{"damage":15,"enemies":"Gremlin Leader","floor":30,"turns":10},{"damage":0,"enemies":"3 Cultists","floor":31,"turns":2},{"damage":62,"enemies":"Champ","floor":33,"turns":14},{"damage":10,"enemies":"3 Darklings","floor":35,"turns":6},{"damage":0,"enemies":"3 Shapes","floor":37,"turns":2},{"damage":32,"enemies":"Maw","floor":38,"turns":8},{"damage":64,"enemies":"2 Orb Walkers","floor":39,"turns":6},{"damage":63,"enemies":"Reptomancer","floor":41,"turns":8}],"seed_played":"-2348657078310322212","potions_obtained":[{"floor":1,"key":"Swift Potion"},{"floor":2,"key":"FocusPotion"},{"floor":10,"key":"SpeedPotion"},{"floor":16,"key":"Fruit Juice"},{"floor":18,"key":"PowerPotion"},{"floor":25,"key":"EntropicBrew"},{"floor":33,"key":"Fruit Juice"},{"floor":37,"key":"Poison Potion"}],"is_trial":false,"path_per_floor":["M","M","$","M","?","E","T","M","T","M","M","R","M","E","R","B",null,"M","M","M","?","M","$","R","M","T","R","$","R","E","M","R","B",null,"M","?","M","M","?","R","E"],"character_chosen":"DEFECT","items_purchased":["DollysMirror","Reprogram"],"campfire_rested":5,"item_purchase_floors":[23,28],"current_hp_per_floor":[81,81,81,80,76,62,62,49,49,48,49,71,60,30,52,45,76,65,46,42,42,17,17,53,38,38,50,50,62,49,49,81,23,81,78,78,78,66,6,49,0],"gold":336,"neow_bonus":"TEN_PERCENT_HP_BONUS","is_prod":false,"is_daily":false,"chose_seed":false,"campfire_upgraded":2,"win_rate":0,"timestamp":1562020891,"path_taken":["M","M","?","M","?","E","?","M","T","?","?","R","M","E","R","BOSS","M","M","M","?","M","$","R","M","T","R","$","R","E","M","R","BOSS","M","?","M","?","?","R","E"],"build_version":"2019-01-23","purchased_purges":2,"victory":false,"max_hp_per_floor":[82,82,82,82,76,76,76,76,76,76,76,76,76,76,76,76,76,81,81,81,81,81,81,81,81,81,81,81,81,81,81,81,81,81,86,86,86,86,86,86,86],"card_choices":[{"not_picked":["Storm","Stack"],"picked":"Streamline","floor":1},{"not_picked":["Leap","Turbo"],"picked":"Rebound","floor":2},{"not_picked":["Rebound","Heatsinks"],"picked":"Streamline","floor":4},{"not_picked":["Double Energy","Darkness"],"picked":"Sweeping Beam","floor":6},{"not_picked":["Steam","Capacitor"],"picked":"White Noise","floor":8},{"not_picked":["Glacier","Streamline"],"picked":"Compile Driver","floor":10},{"not_picked":["Steam","Redo"],"picked":"Auto Shields","floor":11},{"not_picked":["Genetic Algorithm","Stack"],"picked":"Rebound","floor":13},{"not_picked":["BootSequence","FTL"],"picked":"Fission","floor":14},{"not_picked":["Seek","Rainbow"],"picked":"Hyperbeam","floor":16},{"not_picked":["Gash","Skim"],"picked":"Hologram+1","floor":18},{"not_picked":["Rip and Tear+1","Rebound"],"picked":"Undo+1","floor":19},{"not_picked":["Hologram+1","Coolheaded"],"picked":"FTL+1","floor":20},{"not_picked":["Streamline","Stack"],"picked":"Conserve Battery","floor":22},{"not_picked":["Coolheaded+1","Compile Driver"],"picked":"Stack","floor":25},{"not_picked":["Ball Lightning+1","Redo"],"picked":"Sunder","floor":30},{"not_picked":["Chill","Undo"],"picked":"Static Discharge+1","floor":31},{"not_picked":["Multi-Cast","Electrodynamics+1"],"picked":"Core Surge","floor":33},{"not_picked":["Heatsinks+1"],"picked":"SKIP","floor":35},{"not_picked":[],"picked":"Tempest","floor":37},{"not_picked":[],"picked":"Conserve Battery+1","floor":38},{"not_picked":[],"picked":"Capacitor+1","floor":39}],"player_experience":577593,"relics_obtained":[{"floor":6,"key":"Bird Faced Urn"},{"floor":7,"key":"Torii"},{"floor":9,"key":"Oddly Smooth Stone"},{"floor":14,"key":"Frozen Egg 2"},{"floor":26,"key":"Ancient Tea Set"},{"floor":30,"key":"Potion Belt"},{"floor":39,"key":"Ice Cream"}],"event_choices":[{"damage_healed":0,"gold_gain":0,"player_choice":"Lose Max HP","damage_taken":0,"relics_obtained":["Golden Idol"],"max_hp_gain":0,"max_hp_loss":6,"event_name":"Golden Idol","floor":5,"gold_loss":0},{"cards_removed":["Defend_B"],"damage_healed":0,"gold_gain":0,"player_choice":"Gave Gold","damage_taken":0,"max_hp_gain":0,"max_hp_loss":0,"event_name":"Beggar","floor":21,"gold_loss":75},{"damage_healed":0,"gold_gain":0,"player_choice":"Copied","damage_taken":0,"max_hp_gain":0,"max_hp_loss":0,"event_name":"Duplicator","floor":36,"gold_loss":0,"cards_obtained":["Core Surge"]},{"damage_healed":0,"gold_gain":0,"player_choice":"Fight","damage_taken":0,"max_hp_gain":0,"max_hp_loss":0,"event_name":"Mysterious Sphere","floor":39,"gold_loss":0}],"is_beta":false,"boss_relics":[{"not_picked":["Tiny House","Pandora\u0027s Box"],"picked":"Eternal Feather"},{"not_picked":["Lizard Tail","Velvet Choker"],"picked":"Busted Crown"}],"items_purged_floors":[3,23],"is_endless":false,"potions_floor_spawned":[1,2,10,16,18,25,33,37],"killed_by":"Reptomancer","ascension_level":0}