{"gold_per_floor":[110,122,122,138,88,88,118,129,177,177,188,206,206,225,225,225],"floor_reached":16,"playtime":639,"items_purged":[],"score":145,"play_id":"9c0fdf23-6c01-4b0e-b9b6-c7bff17d715f","local_time":"20190608002841","is_ascension_mode":true,"campfire_choices":[{"data":"Machine Learning","floor":6,"key":"SMITH"},{"floor":13,"key":"REST"},{"floor":15,"key":"REST"}],"neow_cost":"NONE","seed_source_timestamp":3054866706731,"circlet_count":0,"master_deck":["Strike_B","Strike_B","Strike_B","Defend_B+1","Defend_B+1","Defend_B","Defend_B","Zap","Machine Learning+1","Streamline","Sweeping Beam","Hologram","Glacier","Ball Lightning","Steam Power"],"relics":["Cracked Core","Pear","War Paint"],"potions_floor_usage":[4,12,14],"damage_taken":[{"damage":10,"enemies":"2 Louse","floor":1,"turns":3},{"damage":0,"enemies":"Cultist","floor":2,"turns":2},{"damage":4,"enemies":"Jaw Worm","floor":4,"turns":4},{"damage":37,"enemies":"Gremlin Nob","floor":7,"turns":4},{"damage":11,"enemies":"Looter","floor":8,"turns":4},{"damage":17,"enemies":"Exordium Thugs","floor":11,"turns":5},{"damage":7,"enemies":"Lots of Slimes","floor":12,"turns":4},{"damage":4,"enemies":"2 Fungi Beasts","floor":14,"turns":3},{"damage":59,"enemies":"Slime Boss","floor":16,"turns":8}],"seed_played":"3377439749001471534","potions_obtained":[{"floor":1,"key":"Regen Potion"},{"floor":11,"key":"AttackPotion"},{"floor":12,"key":"Fire Potion"}],"is_trial":false,"path_per_floor":["M","M","?","M","?","R","E","M","T","?","M","M","R","M","R","B"],"character_chosen":"DEFECT","items_purchased":[],"campfire_rested":2,"item_purchase_floors":[],"current_hp_per_floor":[65,65,70,71,71,71,44,33,33,33,16,9,36,32,59,0],"gold":225,"neow_bonus":"ONE_RANDOM_RARE_CARD","is_prod":false,"is_daily":false,"chose_seed":false,"campfire_upgraded":1,"win_rate":0,"timestamp":1559978921,"path_taken":["M","M","?","M","?","R","E","M","T","?","M","?","R","M","R","BOSS"],"build_version":"2019-01-23","purchased_purges":0,"victory":false,"max_hp_per_floor":[75,75,80,80,80,80,90,90,90,90,90,90,90,90,90,90],"card_choices":[{"not_picked":["Defragment","Hologram"],"picked":"Streamline","floor":1},{"not_picked":["Reprogram","Redo"],"picked":"Sweeping Beam","floor":2},{"not_picked":["Sweeping Beam","Stack"],"picked":"Hologram","floor":4},{"not_picked":["Barrage","Defragment"],"picked":"Glacier","floor":7},{"not_picked":["Redo","Storm","Leap"],"picked":"SKIP","floor":8},{"not_picked":["Redo","Force Field","Stack"],"picked":"SKIP","floor":11},{"not_picked":["Coolheaded","Genetic Algorithm"],"picked":"Ball Lightning","floor":12},{"not_picked":["Lockon","Gash"],"picked":"Steam Power","floor":14}],"player_experience":330556,"relics_obtained":[{"floor":7,"key":"Pear"},{"floor":9,"key":"War Paint"}],"event_choices":[{"damage_healed":0,"gold_gain":0,"player_choice":"Donut","damage_taken":0,"max_hp_gain":5,"max_hp_loss":0,"event_name":"Big Fish","floor":3,"gold_loss":0},{"cards_removed":["Strike_B"],"damage_healed":0,"gold_gain":0,"player_choice":"Card Removal","damage_taken":0,"max_hp_gain":0,"max_hp_loss":0,"event_name":"The Cleric","floor":5,"gold_loss":50},{"cards_removed":["Dualcast"],"damage_healed":0,"gold_gain":0,"player_choice":"Offered Basic","damage_taken":0,"max_hp_gain":0,"max_hp_loss":0,"event_name":"Bonfire Elementals","floor":10,"gold_loss":0}],"is_beta":false,"boss_relics":[],"items_purged_floors":[],"is_endless":false,"potions_floor_spawned":[1,11,12],"killed_by":"Slime Boss","ascension_level":3}