{"gold_per_floor":[117,132,132,57,67,67,82,82,107,57,72,72,103,191,203,316,328,356,368],"floor_reached":19,"playtime":1103,"items_purged":["Bash","Strike_R"],"score":184,"play_id":"86582a7b-6d72-44f7-96a1-e4b99cc914e0","local_time":"20190604024701","is_ascension_mode":true,"campfire_choices":[{"data":"Limit Break","floor":6,"key":"SMITH"},{"data":"Battle Trance","floor":8,"key":"SMITH"},{"data":"Forethought","floor":12,"key":"SMITH"},{"floor":15,"key":"REST"}],"neow_cost":"TEN_PERCENT_HP_LOSS","seed_source_timestamp":714939267913804,"circlet_count":0,"master_deck":["Limit Break+1","Rampage","Heavy Blade","Forethought+1","Battle Trance+1","Seeing Red","Limit Break","Sentinel","Dark Embrace","Immolate","Cleave","Armaments","Shockwave","Limit Break","Double Tap"],"relics":["Burning Blood","Smiling Mask","MawBank","Pandora\u0027s Box"],"potions_floor_usage":[7,11,16,19],"damage_taken":[{"damage":14,"enemies":"Jaw Worm","floor":1,"turns":3},{"damage":1,"enemies":"Cultist","floor":2,"turns":3},{"damage":10,"enemies":"Small Slimes","floor":5,"turns":4},{"damage":12,"enemies":"Red Slaver","floor":7,"turns":5},{"damage":11,"enemies":"Blue Slaver","floor":11,"turns":5},{"damage":46,"enemies":"3 Sentries","floor":13,"turns":12},{"damage":34,"enemies":"Hexaghost","floor":16,"turns":9},{"damage":38,"enemies":"Spheric Guardian","floor":18,"turns":5},{"damage":48,"enemies":"Shell Parasite","floor":19,"turns":5}],"seed_played":"-7517035867816104325","potions_obtained":[{"floor":1,"key":"EssenceOfSteel"},{"floor":7,"key":"LiquidBronze"},{"floor":13,"key":"PowerPotion"},{"floor":16,"key":"BloodPotion"}],"is_trial":false,"path_per_floor":["M","M","?","$","M","R","M","R","T","$","M","R","E","?","R","B",null,"M","M"],"character_chosen":"IRONCLAD","items_purchased":[],"campfire_rested":1,"item_purchase_floors":[],"current_hp_per_floor":[64,69,69,69,65,65,59,59,59,59,54,54,14,14,35,7,72,40,0],"gold":368,"neow_bonus":"THREE_RARE_CARDS","is_prod":false,"is_daily":false,"chose_seed":false,"campfire_upgraded":3,"win_rate":0,"timestamp":1559641621,"path_taken":["M","M","?","$","M","R","?","R","T","?","M","R","E","?","R","BOSS","M","M"],"build_version":"2019-01-23","purchased_purges":2,"victory":false,"max_hp_per_floor":[72,72,72,72,72,72,72,72,72,72,72,72,72,72,72,72,72,72,72],"card_choices":[{"not_picked":["Dark Embrace","Berserk"],"picked":"Limit Break","floor":0},{"not_picked":["Dropkick","Power Through"],"picked":"Rampage","floor":1},{"not_picked":["Twin Strike","Second Wind"],"picked":"Heavy Blade","floor":2},{"not_picked":["Corruption","Feel No Pain"],"picked":"Battle Trance","floor":5},{"not_picked":["Rage","Wild Strike","True Grit"],"picked":"SKIP","floor":7},{"not_picked":["Body Slam","Hemokinesis"],"picked":"Seeing Red","floor":11},{"not_picked":["Rampage","Havoc","Spot Weakness"],"picked":"SKIP","floor":13},{"not_picked":["Berserk","Brutality"],"picked":"Limit Break","floor":16},{"not_picked":["Sword Boomerang","Shrug It Off","Dropkick"],"picked":"SKIP","floor":18}],"player_experience":306550,"relics_obtained":[{"floor":9,"key":"Smiling Mask"},{"floor":13,"key":"MawBank"}],"event_choices":[{"damage_healed":0,"gold_gain":0,"player_choice":"1 cards matched","damage_taken":0,"max_hp_gain":0,"max_hp_loss":0,"event_name":"Match and Keep!","floor":3,"gold_loss":0,"cards_obtained":["Forethought"]},{"damage_healed":0,"gold_gain":76,"player_choice":"Gained Gold","damage_taken":0,"max_hp_gain":0,"max_hp_loss":0,"event_name":"Golden Wing","floor":14,"gold_loss":0}],"is_beta":false,"boss_relics":[{"not_picked":["Fusion Hammer","Runic Dome"],"picked":"Pandora\u0027s Box"}],"items_purged_floors":[4,10],"is_endless":false,"potions_floor_spawned":[1,7,13,16],"killed_by":"Shell Parasite","ascension_level":2}