{"gold_per_floor":[112,127,139,152,152,208,208,236,236,269,286,38,38,38,38,140,190,207,307,307,325,336,336,363,363,363,36,66,141,151,151,151,256,256,271,290,341,341,93,125,125,142,169,186,218,218,218,249,249,249],"floor_reached":51,"playtime":3143,"items_purged":["Strike_G","Terror"],"score":993,"play_id":"e1e1866a-4082-407d-8b16-5e3089092578","local_time":"20190602025456","is_ascension_mode":true,"campfire_choices":[{"floor":7,"key":"REST"},{"floor":13,"key":"REST"},{"floor":15,"key":"REST"},{"floor":23,"key":"REST"},{"floor":25,"key":"REST"},{"floor":32,"key":"REST"},{"floor":41,"key":"DIG"},{"floor":49,"key":"REST"}],"neow_cost":"NONE","seed_source_timestamp":540566432055804,"circlet_count":0,"master_deck":["Defend_G","Defend_G","Defend_G","Defend_G","Defend_G","Strike_G","Strike_G","Strike_G","Strike_G","Survivor","Neutralize+1","Concentrate","Underhanded Strike+1","Dagger Spray","Dagger Throw","Predator","Tactician+1","Underhanded Strike","Tools of the Trade+1","Underhanded Strike+1","Dagger Throw","Underhanded Strike+1","Caltrops+1","After Image+1","Backstab+1","Terror+1","Backstab+1","Leg Sweep+1","Tactician","Parasite","Footwork+1","Underhanded Strike+1"],"relics":["Ring of the Snake","Tiny Chest","PreservedInsect","Bag of Preparation","Mercury Hourglass","Medical Kit","Tiny House","Unceasing Top","Kunai","Frozen Egg 2","Shuriken","Matryoshka","Happy Flower","Runic Pyramid","Prayer Wheel","Darkstone Periapt","Whetstone","Shovel","Singing Bowl","Bronze Scales","Boot","Sundial","Paper Crane","Girya","Molten Egg 2"],"potions_floor_usage":[3,6,10,18,21,30,33,36,40,44,44],"damage_taken":[{"damage":15,"enemies":"Jaw Worm","floor":1,"turns":10},{"damage":7,"enemies":"Small Slimes","floor":2,"turns":5},{"damage":1,"enemies":"Cultist","floor":3,"turns":5},{"damage":14,"enemies":"Red Slaver","floor":4,"turns":5},{"damage":28,"enemies":"Gremlin Nob","floor":6,"turns":5},{"damage":10,"enemies":"3 Sentries","floor":8,"turns":7},{"damage":4,"enemies":"Gremlin Nob","floor":10,"turns":3},{"damage":0,"enemies":"2 Fungi Beasts","floor":11,"turns":2},{"damage":46,"enemies":"The Guardian","floor":16,"turns":12},{"damage":16,"enemies":"2 Thieves","floor":18,"turns":4},{"damage":2,"enemies":"Colosseum Slavers","floor":19,"turns":4},{"damage":22,"enemies":"Colosseum Nobs","floor":19,"turns":4},{"damage":3,"enemies":"3 Byrds","floor":21,"turns":3},{"damage":10,"enemies":"Snecko","floor":22,"turns":3},{"damage":11,"enemies":"Gremlin Leader","floor":24,"turns":4},{"damage":5,"enemies":"Slavers","floor":28,"turns":3},{"damage":0,"enemies":"Centurion and Healer","floor":30,"turns":3},{"damage":47,"enemies":"Automaton","floor":33,"turns":8},{"damage":7,"enemies":"3 Darklings","floor":35,"turns":4},{"damage":2,"enemies":"Orb Walker","floor":36,"turns":3},{"damage":23,"enemies":"2 Orb Walkers","floor":37,"turns":3},{"damage":8,"enemies":"Nemesis","floor":40,"turns":3},{"damage":0,"enemies":"Transient","floor":42,"turns":5},{"damage":13,"enemies":"Writhing Mass","floor":44,"turns":4},{"damage":15,"enemies":"Giant Head","floor":45,"turns":6},{"damage":0,"enemies":"Nemesis","floor":48,"turns":3},{"damage":18,"enemies":"Awakened One","floor":50,"turns":11}],"seed_played":"-3112215688466639359","potions_obtained":[{"floor":2,"key":"Energy Potion"},{"floor":4,"key":"AttackPotion"},{"floor":8,"key":"PowerPotion"},{"floor":16,"key":"EssenceOfSteel"},{"floor":17,"key":"Ancient Potion"},{"floor":19,"key":"SkillPotion"},{"floor":24,"key":"GhostInAJar"},{"floor":28,"key":"Poison Potion"},{"floor":35,"key":"Weak Potion"},{"floor":37,"key":"Regen Potion"},{"floor":40,"key":"Regen Potion"},{"floor":42,"key":"GamblersBrew"}],"is_trial":false,"path_per_floor":["M","M","M","M","?","E","R","E","T","E","M","$","R","$","R","B",null,"M","?","?","M","M","R","E","R","T","$","E","?","M","?","R","B",null,"M","M","?","T","$","E","R","M","T","M","E","T","T","E","R","B",null],"character_chosen":"THE_SILENT","items_purchased":["Medical Kit","Underhanded Strike","Matryoshka","Whetstone"],"campfire_rested":7,"item_purchase_floors":[12,12,27,39],"current_hp_per_floor":[62,55,54,40,40,12,35,25,25,21,21,21,44,44,67,21,82,66,42,42,39,29,53,42,66,66,66,61,53,53,37,63,16,87,80,78,55,55,55,56,56,58,58,58,43,43,43,45,74,56],"gold":249,"neow_bonus":"TEN_PERCENT_HP_BONUS","is_prod":false,"is_daily":false,"chose_seed":false,"campfire_upgraded":0,"win_rate":0,"timestamp":1559469296,"path_taken":["M","M","M","M","?","E","R","E","T","E","M","$","R","$","R","BOSS","M","?","?","?","M","R","E","R","T","?","E","?","?","?","R","BOSS","M","M","?","?","$","E","R","M","T","M","E","?","?","E","R","BOSS"],"build_version":"2019-01-23","purchased_purges":2,"victory":true,"max_hp_per_floor":[77,77,77,77,77,77,77,77,77,77,77,77,77,77,77,77,82,82,82,82,82,82,82,82,82,82,82,82,82,82,87,87,87,87,87,87,87,87,87,87,87,89,89,97,97,97,97,99,99,99],"card_choices":[{"not_picked":["Bane","Blade Dance"],"picked":"Concentrate","floor":1},{"not_picked":["PiercingWail","Sucker Punch"],"picked":"Underhanded Strike","floor":2},{"not_picked":["Deadly Poison","Noxious Fumes","Blade Dance"],"picked":"SKIP","floor":3},{"not_picked":["Noxious Fumes","Prepared"],"picked":"Dagger Spray","floor":4},{"not_picked":["Deadly Poison","Flying Knee"],"picked":"Dagger Throw","floor":6},{"not_picked":["Escape Plan","Sucker Punch"],"picked":"Predator","floor":8},{"not_picked":["Calculated Gamble","Flying Knee"],"picked":"Tactician","floor":10},{"not_picked":["Slice","Backstab"],"picked":"Terror","floor":11},{"not_picked":["Malaise","Venomology"],"picked":"Tools of the Trade","floor":16},{"not_picked":["Caltrops","Backstab"],"picked":"Underhanded Strike+1","floor":18},{"not_picked":["Burst","Quick Slash"],"picked":"Dagger Throw","floor":19},{"not_picked":["Bane","Crippling Poison+1"],"picked":"Underhanded Strike+1","floor":21},{"not_picked":["Expertise","Deflect","Quick Slash"],"picked":"SKIP","floor":22},{"not_picked":["Sucker Punch","Tools of the Trade"],"picked":"Caltrops","floor":24},{"not_picked":["Cloak And Dagger","Poisoned Stab","Accuracy+1"],"picked":"SKIP","floor":28},{"not_picked":["Poisoned Stab+1","Choke","Prepared"],"picked":"SKIP","floor":30},{"not_picked":["A Thousand Cuts+1","Glass Knife"],"picked":"After Image+1","floor":33},{"not_picked":["Flying Knee","Deadly Poison"],"picked":"Backstab+1","floor":35},{"not_picked":["Acrobatics+1","PiercingWail+1"],"picked":"Terror+1","floor":36},{"not_picked":["Sucker Punch+1","Dodge and Roll"],"picked":"Backstab+1","floor":37},{"not_picked":["Endless Agony","Adrenaline"],"picked":"Leg Sweep+1","floor":40},{"not_picked":["Deflect+1","Dagger Throw"],"picked":"Tactician","floor":42},{"not_picked":["Leg Sweep+1","Bane","Outmaneuver+1"],"picked":"Singing Bowl","floor":42},{"not_picked":["Blade Dance","Acrobatics","Catalyst+1"],"picked":"Singing Bowl","floor":44},{"not_picked":["Slice+1","Catalyst+1"],"picked":"Footwork+1","floor":44},{"not_picked":["Choke","Outmaneuver"],"picked":"Underhanded Strike+1","floor":45},{"not_picked":["Dagger Spray","Burst","Well Laid Plans+1"],"picked":"Singing Bowl","floor":48}],"player_experience":266122,"relics_obtained":[{"floor":6,"key":"Tiny Chest"},{"floor":8,"key":"PreservedInsect"},{"floor":9,"key":"Bag of Preparation"},{"floor":10,"key":"Mercury Hourglass"},{"floor":19,"key":"Unceasing Top"},{"floor":19,"key":"Kunai"},{"floor":24,"key":"Frozen Egg 2"},{"floor":26,"key":"Shuriken"},{"floor":28,"key":"Happy Flower"},{"floor":37,"key":"Prayer Wheel"},{"floor":38,"key":"Darkstone Periapt"},{"floor":40,"key":"Shovel"},{"floor":41,"key":"Singing Bowl"},{"floor":43,"key":"Bronze Scales"},{"floor":43,"key":"Boot"},{"floor":45,"key":"Sundial"},{"floor":46,"key":"Paper Crane"},{"floor":47,"key":"Girya"},{"floor":48,"key":"Molten Egg 2"}],"event_choices":[{"damage_healed":0,"gold_gain":0,"player_choice":"Ignored","damage_taken":0,"max_hp_gain":0,"max_hp_loss":0,"event_name":"Golden Idol","floor":5,"gold_loss":0},{"damage_healed":0,"gold_gain":0,"player_choice":"Fight","damage_taken":0,"max_hp_gain":0,"max_hp_loss":0,"event_name":"Colosseum","floor":19,"gold_loss":0},{"damage_healed":0,"gold_gain":0,"player_choice":"Fought Nobs","damage_taken":0,"max_hp_gain":0,"max_hp_loss":0,"event_name":"Colosseum","floor":19,"gold_loss":0},{"damage_healed":0,"gold_gain":0,"player_choice":"Upgraded","damage_taken":0,"max_hp_gain":0,"max_hp_loss":0,"event_name":"Upgrade Shrine","floor":20,"gold_loss":0,"cards_upgraded":["Tools of the Trade"]},{"damage_healed":0,"gold_gain":75,"player_choice":"Touch","damage_taken":8,"max_hp_gain":0,"max_hp_loss":0,"event_name":"FaceTrader","floor":29,"gold_loss":0},{"damage_healed":0,"gold_gain":0,"player_choice":"Shed Blood","damage_taken":21,"max_hp_gain":5,"max_hp_loss":0,"event_name":"Forgotten Altar","floor":31,"gold_loss":0},{"damage_healed":0,"gold_gain":0,"player_choice":"Fight","damage_taken":0,"max_hp_gain":0,"max_hp_loss":0,"event_name":"Mysterious Sphere","floor":37,"gold_loss":0}],"is_beta":false,"boss_relics":[{"not_picked":["Calling Bell","Black Star"],"picked":"Tiny House"},{"not_picked":["White Beast Statue","Philosopher\u0027s Stone"],"picked":"Runic Pyramid"}],"items_purged_floors":[27,39],"is_endless":false,"potions_floor_spawned":[2,4,8,16,19,19,24,28,35,37,40,42],"ascension_level":2}