{"gold_per_floor":[212,212,212,131,146,146,178,191,191,219,219,245,255,275,275,349,349,369,369,369,387,407,407,426,426,426,438,451,17,17,17,17,17],"floor_reached":33,"playtime":1766,"items_purged":["Strike_G"],"score":571,"play_id":"c447b11a-08b5-4468-92a3-c73cf1ed68d3","local_time":"20190406111021","is_ascension_mode":true,"campfire_choices":[{"data":"Neutralize","floor":6,"key":"SMITH"},{"data":"Well Laid Plans","floor":15,"key":"SMITH"},{"data":"Burst","floor":23,"key":"SMITH"},{"data":"Reflex","floor":25,"key":"SMITH"},{"floor":32,"key":"REST"}],"neow_cost":"NONE","seed_source_timestamp":61022287059466,"circlet_count":0,"master_deck":["AscendersBane","Defend_G","Defend_G","Defend_G","Defend_G","Strike_G","Survivor","Neutralize+1","Masterful Stab","Footwork+1","Quick Slash","Well Laid Plans+1","Deflect","Dagger Spray","Die Die Die+1","Slice+1","Cloak And Dagger","Endless Agony+1","Tools of the Trade","Burst+1","Concentrate+1","Crippling Poison+1","Deflect","RitualDagger+1","Prepared","Blade Dance","Backstab+1","Reflex+1","Endless Agony+1","Endless Agony+1","Trip","Blade Dance"],"relics":["Ring of the Snake","Prayer Wheel","Bag of Preparation","Molten Egg 2","Ancient Tea Set","Shuriken","Astrolabe","Juzu Bracelet","Gremlin Horn","Nilry\u0027s Codex"],"potions_floor_usage":[7,10,10,21,33,33],"damage_taken":[{"damage":1,"enemies":"Jaw Worm","floor":1,"turns":5},{"damage":0,"enemies":"Small Slimes","floor":5,"turns":4},{"damage":11,"enemies":"3 Sentries","floor":7,"turns":13},{"damage":0,"enemies":"2 Louse","floor":8,"turns":3},{"damage":12,"enemies":"Gremlin Nob","floor":10,"turns":4},{"damage":4,"enemies":"Lagavulin","floor":12,"turns":7},{"damage":0,"enemies":"Blue Slaver","floor":13,"turns":2},{"damage":0,"enemies":"Lots of Slimes","floor":14,"turns":2},{"damage":0,"enemies":"The Guardian","floor":16,"turns":9},{"damage":2,"enemies":"Shell Parasite","floor":18,"turns":5},{"damage":5,"enemies":"Chosen","floor":21,"turns":5},{"damage":0,"enemies":"Centurion and Healer","floor":22,"turns":5},{"damage":0,"enemies":"Chosen and Byrds","floor":24,"turns":3},{"damage":7,"enemies":"Snecko","floor":27,"turns":3},{"damage":0,"enemies":"Shelled Parasite and Fungi","floor":28,"turns":2},{"damage":48,"enemies":"Automaton","floor":33,"turns":6}],"seed_played":"1971041429956006667","potions_obtained":[{"floor":1,"key":"Fire Potion"},{"floor":7,"key":"Fire Potion"},{"floor":8,"key":"Weak Potion"},{"floor":13,"key":"GhostInAJar"},{"floor":21,"key":"Fire Potion"},{"floor":22,"key":"SneckoOil"},{"floor":24,"key":"Strength Potion"}],"is_trial":false,"path_per_floor":["M","?","?","$","M","R","E","M","T","E","?","E","M","M","R","B",null,"M","?","?","M","M","R","M","R","T","M","M","$","?","?","R","B"],"character_chosen":"THE_SILENT","items_purchased":["Footwork","Gremlin Horn","Trip"],"campfire_rested":1,"item_purchase_floors":[4,29,29],"current_hp_per_floor":[58,53,53,53,53,53,42,42,42,30,30,26,26,26,26,26,56,54,48,48,43,43,43,43,43,43,36,36,36,36,15,34,0],"gold":17,"neow_bonus":"HUNDRED_GOLD","is_prod":false,"is_daily":false,"chose_seed":false,"campfire_upgraded":4,"win_rate":0,"timestamp":1554563421,"path_taken":["M","?","?","$","M","R","E","M","T","E","?","E","M","M","R","BOSS","M","?","?","?","M","R","M","R","T","M","M","$","?","?","R","BOSS"],"build_version":"2019-01-23","purchased_purges":1,"victory":false,"max_hp_per_floor":[66,66,66,66,66,66,66,66,66,66,66,66,66,66,66,66,66,66,66,66,66,66,66,66,66,66,66,66,66,66,66,66,66],"card_choices":[{"not_picked":["Dodge and Roll","Tactician"],"picked":"Masterful Stab","floor":1},{"not_picked":["Dodge and Roll","Reflex"],"picked":"Quick Slash","floor":5},{"not_picked":["Bane","Deadly Poison"],"picked":"Well Laid Plans","floor":5},{"not_picked":["Predator","Crippling Poison"],"picked":"Deflect","floor":7},{"not_picked":["Flying Knee","Sucker Punch"],"picked":"Dagger Spray","floor":8},{"not_picked":["Poisoned Stab","Flying Knee","Endless Agony"],"picked":"SKIP","floor":8},{"not_picked":["Flying Knee+1","PiercingWail"],"picked":"Die Die Die+1","floor":10},{"not_picked":["Deflect","Dodge and Roll"],"picked":"Slice+1","floor":12},{"not_picked":["Sucker Punch+1","Finisher+1"],"picked":"Cloak And Dagger","floor":13},{"not_picked":["Dagger Spray+1","Underhanded Strike+1"],"picked":"Endless Agony+1","floor":13},{"not_picked":["Dagger Throw+1","Poisoned Stab+1"],"picked":"Tools of the Trade","floor":14},{"not_picked":["Dagger Spray+1","Outmaneuver","Acrobatics"],"picked":"SKIP","floor":14},{"not_picked":["Tools of the Trade","Phantasmal Killer"],"picked":"Burst","floor":16},{"not_picked":["Eviscerate+1","Deadly Poison"],"picked":"Deflect","floor":18},{"not_picked":["Acrobatics","Quick Slash+1","Choke+1"],"picked":"SKIP","floor":18},{"not_picked":["Acrobatics","Sucker Punch+1"],"picked":"Prepared","floor":21},{"not_picked":["Dagger Spray+1","Masterful Stab+1"],"picked":"Blade Dance","floor":21},{"not_picked":["Deflect","Wraith Form v2"],"picked":"Backstab+1","floor":22},{"not_picked":["Quick Slash+1","Crippling Poison+1","Sucker Punch+1"],"picked":"SKIP","floor":22},{"not_picked":["Slice+1","Sucker Punch+1"],"picked":"Reflex","floor":24},{"not_picked":["Bane+1","Blade Dance"],"picked":"Endless Agony+1","floor":24},{"not_picked":["Eviscerate+1","Bane+1"],"picked":"Endless Agony+1","floor":27},{"not_picked":["Flying Knee+1","Dagger Throw+1","Expertise"],"picked":"SKIP","floor":27},{"not_picked":["Sucker Punch+1","Dagger Spray+1","Eviscerate+1"],"picked":"SKIP","floor":28},{"not_picked":["Dash+1","Dagger Throw+1","Escape Plan"],"picked":"SKIP","floor":28}],"player_experience":524855,"relics_obtained":[{"floor":7,"key":"Bag of Preparation"},{"floor":9,"key":"Molten Egg 2"},{"floor":10,"key":"Ancient Tea Set"},{"floor":12,"key":"Shuriken"},{"floor":26,"key":"Juzu Bracelet"},{"floor":31,"key":"Nilry\u0027s Codex"}],"event_choices":[{"damage_healed":0,"gold_gain":0,"player_choice":"Success","damage_taken":5,"relics_obtained":["Prayer Wheel"],"max_hp_gain":0,"max_hp_loss":0,"event_name":"Scrap Ooze","floor":2,"gold_loss":0},{"damage_healed":0,"gold_gain":0,"player_choice":"Ignored","damage_taken":0,"max_hp_gain":0,"max_hp_loss":0,"event_name":"Shining Light","floor":3,"gold_loss":0},{"damage_healed":0,"gold_gain":0,"player_choice":"Grow","damage_taken":0,"max_hp_gain":0,"max_hp_loss":0,"event_name":"Living Wall","floor":11,"gold_loss":0,"cards_upgraded":["Footwork"]},{"damage_healed":0,"gold_gain":0,"player_choice":"Joined the Cult","damage_taken":6,"max_hp_gain":0,"max_hp_loss":0,"event_name":"Nest","floor":19,"gold_loss":0,"cards_obtained":["RitualDagger"]},{"cards_removed":["Night Terror"],"damage_healed":0,"gold_gain":0,"player_choice":"Purged","damage_taken":0,"max_hp_gain":0,"max_hp_loss":0,"event_name":"Purifier","floor":20,"gold_loss":0},{"damage_healed":0,"gold_gain":0,"cards_transformed":["Strike_G"],"player_choice":"Transformed","damage_taken":0,"max_hp_gain":0,"max_hp_loss":0,"event_name":"Transmorgrifier","floor":30,"gold_loss":0,"cards_obtained":["Blade Dance"]},{"damage_healed":0,"gold_gain":0,"player_choice":"Obtained Book","damage_taken":21,"max_hp_gain":0,"max_hp_loss":0,"event_name":"Cursed Tome","floor":31,"gold_loss":0}],"is_beta":false,"boss_relics":[{"not_picked":["Orrery","Coffee Dripper"],"picked":"Astrolabe"}],"items_purged_floors":[29],"is_endless":false,"potions_floor_spawned":[1,7,8,13,21,22,24],"killed_by":"Automaton","ascension_level":16}