{"gold_per_floor":[118,68,87,103,120,120,150,150,195,205,205,223,241,253,253,357,357,357,282,282,282,282,282,282,282,282,282,282,282,282,282,282,282,282,282,23,23,23,23,23,23,23,23,23,23,23,23,23,23,23],"floor_reached":51,"playtime":4994,"items_purged":["Defend_G","Strike_G"],"score":996,"play_id":"1ca23535-8099-4f74-b651-4ce4efcfbae4","local_time":"20190702001300","is_ascension_mode":true,"campfire_choices":[{"data":"Neutralize","floor":6,"key":"SMITH"},{"floor":11,"key":"REST"},{"floor":15,"key":"REST"},{"data":"Doppelganger","floor":23,"key":"SMITH"},{"floor":25,"key":"REST"},{"floor":30,"key":"REST"},{"data":"Burst","floor":32,"key":"SMITH"},{"floor":42,"key":"REST"},{"data":"Catalyst","floor":47,"key":"SMITH"},{"floor":49,"key":"REST"}],"neow_cost":"NONE","seed_source_timestamp":6648438966994922,"circlet_count":0,"master_deck":["AscendersBane","Strike_G","Strike_G","Strike_G","Defend_G","Defend_G","Defend_G","Defend_G","Survivor","Neutralize+1","Noxious Fumes+1","Blur","Backstab+1","Burst+1","Doppelganger+1","Backflip+1","All Out Attack+1","Corpse Explosion","Well Laid Plans+1","Tools of the Trade+1","Dodge and Roll+1","PiercingWail+1","Footwork+1","Catalyst+1","PiercingWail+1","Blur+1","Acrobatics+1","Poisoned Stab+1","Phantasmal Killer","Deadly Poison"],"relics":["Ring of the Snake","Frozen Egg 2","Centennial Puzzle","Ectoplasm","Bottled Flame","Tiny House","Dream Catcher","Bag of Marbles","Du-Vu Doll"],"potions_floor_usage":[7,13,16,16,22,27,31,50,50],"damage_taken":[{"damage":7,"enemies":"Small Slimes","floor":1,"turns":5},{"damage":0,"enemies":"Cultist","floor":3,"turns":5},{"damage":1,"enemies":"Jaw Worm","floor":4,"turns":6},{"damage":7,"enemies":"3 Louse","floor":5,"turns":4},{"damage":27,"enemies":"3 Sentries","floor":7,"turns":10},{"damage":0,"enemies":"Red Slaver","floor":10,"turns":6},{"damage":13,"enemies":"Gremlin Gang","floor":12,"turns":5},{"damage":9,"enemies":"Lots of Slimes","floor":13,"turns":4},{"damage":1,"enemies":"Looter","floor":14,"turns":3},{"damage":39,"enemies":"Slime Boss","floor":16,"turns":15},{"damage":0,"enemies":"Shell Parasite","floor":18,"turns":10},{"damage":2,"enemies":"3 Byrds","floor":21,"turns":5},{"damage":9,"enemies":"Snake Plant","floor":22,"turns":6},{"damage":0,"enemies":"Centurion and Healer","floor":24,"turns":9},{"damage":28,"enemies":"Cultist and Chosen","floor":27,"turns":7},{"damage":3,"enemies":"Chosen and Byrds","floor":29,"turns":6},{"damage":4,"enemies":"Centurion and Healer","floor":31,"turns":4},{"damage":19,"enemies":"Automaton","floor":33,"turns":11},{"damage":12,"enemies":"Orb Walker","floor":35,"turns":4},{"damage":4,"enemies":"3 Shapes","floor":38,"turns":1},{"damage":2,"enemies":"3 Darklings","floor":39,"turns":4},{"damage":40,"enemies":"Giant Head","floor":40,"turns":14},{"damage":4,"enemies":"Spire Growth","floor":41,"turns":8},{"damage":15,"enemies":"Maw","floor":44,"turns":6},{"damage":9,"enemies":"Sphere and 2 Shapes","floor":45,"turns":4},{"damage":30,"enemies":"Spire Growth","floor":48,"turns":6},{"damage":59,"enemies":"Time Eater","floor":50,"turns":8}],"seed_played":"-2008037113666133151","potions_obtained":[{"floor":1,"key":"Strength Potion"},{"floor":5,"key":"SkillPotion"},{"floor":7,"key":"GhostInAJar"},{"floor":10,"key":"SpeedPotion"},{"floor":16,"key":"PowerPotion"},{"floor":21,"key":"PowerPotion"},{"floor":29,"key":"Block Potion"},{"floor":31,"key":"Fire Potion"},{"floor":33,"key":"Poison Potion"},{"floor":34,"key":"FairyPotion"},{"floor":39,"key":"FearPotion"}],"is_trial":false,"path_per_floor":["M","?","M","M","M","R","E","?","T","M","R","M","M","M","R","B",null,"M","$","?","M","M","R","M","R","T","M","?","M","R","M","R","B",null,"M","$","?","M","M","E","M","R","T","M","M","?","R","M","R","B",null],"character_chosen":"THE_SILENT","items_purchased":["Footwork+1","Catalyst"],"campfire_rested":6,"item_purchase_floors":[36,36],"current_hp_per_floor":[63,63,63,62,55,55,28,28,28,28,51,38,29,28,51,12,61,61,61,47,45,36,36,36,60,60,32,32,29,53,49,49,30,74,62,62,62,58,56,16,12,38,38,23,14,76,76,46,68,9],"gold":23,"neow_bonus":"TEN_PERCENT_HP_BONUS","is_prod":false,"is_daily":false,"chose_seed":false,"campfire_upgraded":4,"win_rate":0,"timestamp":1562044380,"path_taken":["M","?","M","M","M","R","E","?","T","M","R","?","M","M","R","BOSS","M","$","?","M","M","R","M","R","T","M","?","M","R","M","R","BOSS","M","$","?","M","?","E","?","R","T","?","M","?","R","M","R","BOSS"],"build_version":"2019-07-01","purchased_purges":2,"victory":true,"max_hp_per_floor":[77,77,77,77,77,77,77,77,77,77,77,77,77,77,77,77,77,77,77,82,82,82,82,82,82,82,82,82,82,82,82,82,82,87,87,87,87,87,87,87,87,87,87,87,87,76,76,76,76,76],"card_choices":[{"not_picked":["All Out Attack","Setup"],"picked":"Noxious Fumes","floor":1},{"not_picked":["Distraction","Underhanded Strike","Sucker Punch"],"picked":"SKIP","floor":3},{"not_picked":["Distraction","Prepared","Expertise"],"picked":"SKIP","floor":4},{"not_picked":["Quick Slash","Prepared","Tactician"],"picked":"SKIP","floor":5},{"not_picked":["Leg Sweep","Backflip"],"picked":"Blur","floor":7},{"not_picked":["Prepared","Blade Dance","Underhanded Strike"],"picked":"SKIP","floor":10},{"not_picked":["Deadly Poison","Setup","Acrobatics"],"picked":"SKIP","floor":12},{"not_picked":["Outmaneuver","Underhanded Strike"],"picked":"Backstab","floor":13},{"not_picked":["Backflip","Setup"],"picked":"Burst","floor":14},{"not_picked":["Burst","Die Die Die"],"picked":"Doppelganger","floor":16},{"not_picked":["Calculated Gamble","Setup"],"picked":"Backflip+1","floor":18},{"not_picked":["Eviscerate","Finisher","Bane"],"picked":"SKIP","floor":21},{"not_picked":["Blade Dance","Outmaneuver"],"picked":"All Out Attack+1","floor":22},{"not_picked":["Flying Knee","Quick Slash","Cloak And Dagger"],"picked":"SKIP","floor":24},{"not_picked":["Slice","Poisoned Stab","Predator+1"],"picked":"SKIP","floor":27},{"not_picked":["Cloak And Dagger","Masterful Stab"],"picked":"Well Laid Plans+1","floor":29},{"not_picked":["Prepared+1","Accuracy+1","Dagger Spray"],"picked":"SKIP","floor":31},{"not_picked":["Adrenaline","Wraith Form v2+1"],"picked":"Tools of the Trade+1","floor":33},{"not_picked":["Slice","Deflect"],"picked":"Dodge and Roll+1","floor":34},{"not_picked":["Prepared","Eviscerate+1"],"picked":"PiercingWail+1","floor":35},{"not_picked":["Predator","Setup+1"],"picked":"PiercingWail+1","floor":38},{"not_picked":["Underhanded Strike","Dodge and Roll+1","Well Laid Plans+1"],"picked":"SKIP","floor":39},{"not_picked":["Slice","Deadly Poison+1","Backflip"],"picked":"SKIP","floor":40},{"not_picked":["Cloak And Dagger","Heel Hook"],"picked":"Blur+1","floor":41},{"not_picked":["Setup","Prepared+1"],"picked":"Acrobatics+1","floor":42},{"not_picked":["Slice+1","Quick Slash+1"],"picked":"Poisoned Stab+1","floor":44},{"not_picked":["Dodge and Roll","Distraction"],"picked":"Phantasmal Killer","floor":45},{"not_picked":["Concentrate","Finisher","Poisoned Stab"],"picked":"SKIP","floor":48},{"not_picked":["Endless Agony","Dagger Spray+1"],"picked":"Deadly Poison","floor":49}],"player_experience":226601,"relics_obtained":[{"floor":7,"key":"Frozen Egg 2"},{"floor":9,"key":"Centennial Puzzle"},{"floor":26,"key":"Bottled Flame"},{"floor":40,"key":"Bag of Marbles"},{"floor":43,"key":"Du-Vu Doll"}],"event_choices":[{"cards_removed":["Strike_G"],"damage_healed":0,"gold_gain":0,"player_choice":"Card Removal","damage_taken":0,"max_hp_gain":0,"max_hp_loss":0,"event_name":"The Cleric","floor":2,"gold_loss":50},{"damage_healed":0,"gold_gain":0,"player_choice":"Forge","damage_taken":0,"max_hp_gain":0,"max_hp_loss":0,"event_name":"Accursed Blacksmith","floor":8,"gold_loss":0,"cards_upgraded":["Noxious Fumes"]},{"damage_healed":0,"gold_gain":0,"player_choice":"Shed Blood","damage_taken":19,"max_hp_gain":5,"max_hp_loss":0,"event_name":"Forgotten Altar","floor":20,"gold_loss":0},{"damage_healed":0,"gold_gain":0,"player_choice":"Read","damage_taken":0,"max_hp_gain":0,"max_hp_loss":0,"event_name":"The Library","floor":28,"gold_loss":0,"cards_obtained":["Corpse Explosion"]},{"damage_healed":0,"gold_gain":0,"player_choice":"Gave Potion","damage_taken":0,"relics_obtained":["Dream Catcher"],"max_hp_gain":0,"max_hp_loss":0,"event_name":"WeMeetAgain","floor":37,"gold_loss":0},{"damage_healed":76,"gold_gain":0,"player_choice":"Heal","damage_taken":0,"max_hp_gain":0,"max_hp_loss":11,"event_name":"The Moai Head","floor":46,"gold_loss":0}],"is_beta":false,"boss_relics":[{"not_picked":["Pandora\u0027s Box","Astrolabe"],"picked":"Ectoplasm"},{"not_picked":["Calling Bell","WristBlade"],"picked":"Tiny House"}],"items_purged_floors":[19,36],"is_endless":false,"potions_floor_spawned":[1,5,7,10,16,21,29,31,33,35,39,41,48],"ascension_level":10}