{"gold_per_floor":[109,123,123,142,142,168,168,195,195,195,195,222,237,159,159,236,236,236,236,79,79,79,79,79,79,79,79,79,11,11,11,11,11,11,11,11,11,11,11,11,11,11,11,11,11,11,11,11,11,11],"floor_reached":51,"playtime":3145,"items_purged":[],"score":1139,"play_id":"0addd63a-cb86-489a-8e45-c4bd4b0eeebd","local_time":"20190326164353","is_ascension_mode":true,"campfire_choices":[{"floor":7,"key":"REST"},{"data":"Well Laid Plans","floor":10,"key":"SMITH"},{"floor":15,"key":"REST"},{"floor":23,"key":"REST"},{"data":"Footwork","floor":32,"key":"SMITH"},{"data":"Terror","floor":40,"key":"SMITH"},{"data":"Footwork","floor":42,"key":"SMITH"},{"data":"Prepared","floor":49,"key":"SMITH"}],"neow_cost":"NONE","seed_source_timestamp":512490210037580,"circlet_count":0,"master_deck":["AscendersBane","Defend_G","Defend_G","Defend_G","Defend_G","Defend_G+1","Strike_G","Strike_G+1","Strike_G","Survivor+1","Neutralize+1","Well Laid Plans+1","Prepared+1","Dagger Throw","Dagger Spray+1","Underhanded Strike","Sucker Punch","Terror+1","Die Die Die","Footwork+1","Footwork","Deflect+1","Underhanded Strike","Blur+1","Footwork+1","Acrobatics","Adrenaline","Leg Sweep","Dagger Throw+1","Heel Hook","Good Instincts","Flechettes"],"relics":["Ring of the Snake","NeowsBlessing","Question Card","Whetstone","Paper Crane","Darkstone Periapt","Ectoplasm","Bronze Scales","Red Mask","Orichalcum","Bottled Flame","Eternal Feather","Thread and Needle","Tough Bandages"],"potions_floor_usage":[6,8,13,18,18,22,27,27,28,28,28,31,31,33,50],"damage_taken":[{"damage":0,"enemies":"Cultist","floor":1,"turns":1},{"damage":0,"enemies":"Small Slimes","floor":2,"turns":1},{"damage":0,"enemies":"2 Louse","floor":4,"turns":1},{"damage":22,"enemies":"3 Sentries","floor":6,"turns":10},{"damage":17,"enemies":"Lagavulin","floor":8,"turns":6},{"damage":16,"enemies":"Gremlin Nob","floor":12,"turns":4},{"damage":0,"enemies":"2 Fungi Beasts","floor":13,"turns":2},{"damage":13,"enemies":"The Guardian","floor":16,"turns":13},{"damage":0,"enemies":"Spheric Guardian","floor":18,"turns":1},{"damage":2,"enemies":"Shell Parasite","floor":19,"turns":4},{"damage":25,"enemies":"Masked Bandits","floor":22,"turns":5},{"damage":0,"enemies":"Chosen and Byrds","floor":24,"turns":5},{"damage":2,"enemies":"Centurion and Healer","floor":27,"turns":8},{"damage":0,"enemies":"Book of Stabbing","floor":28,"turns":5},{"damage":9,"enemies":"3 Cultists","floor":30,"turns":5},{"damage":0,"enemies":"Sentry and Sphere","floor":31,"turns":6},{"damage":27,"enemies":"Automaton","floor":33,"turns":13},{"damage":0,"enemies":"3 Shapes","floor":35,"turns":7},{"damage":24,"enemies":"3 Darklings","floor":37,"turns":6},{"damage":9,"enemies":"Transient","floor":39,"turns":5},{"damage":0,"enemies":"Mind Bloom Boss Battle","floor":45,"turns":8},{"damage":18,"enemies":"Spire Growth","floor":47,"turns":7},{"damage":3,"enemies":"Jaw Worm Horde","floor":48,"turns":5},{"damage":68,"enemies":"Donu and Deca","floor":50,"turns":23}],"seed_played":"-3464451815877826066","potions_obtained":[{"floor":1,"key":"FearPotion"},{"floor":2,"key":"AttackPotion"},{"floor":16,"key":"SkillPotion"},{"floor":22,"key":"Regen Potion"},{"floor":27,"key":"Poison Potion"},{"floor":28,"key":"SpeedPotion"}],"is_trial":false,"path_per_floor":["M","M","?","M","?","E","R","E","T","R","?","E","M","$","R","B",null,"M","M","$","?","?","R","M","?","T","M","E","$","M","M","R","B",null,"M","?","M","?","M","R","$","R","T","?","?","?","M","M","R","B",null],"character_chosen":"THE_SILENT","items_purchased":["Terror","Bronze Scales","Footwork"],"campfire_rested":3,"item_purchase_floors":[14,20,29],"current_hp_per_floor":[63,63,56,56,56,34,55,38,38,38,24,8,8,8,29,16,57,57,55,55,55,30,51,51,51,51,64,64,64,55,55,55,43,63,63,80,56,56,47,62,62,77,77,77,77,77,59,56,74,6],"gold":11,"neow_bonus":"THREE_ENEMY_KILL","is_prod":false,"is_daily":false,"chose_seed":false,"campfire_upgraded":5,"win_rate":0,"timestamp":1553633033,"path_taken":["M","?","?","M","?","E","R","E","T","R","?","E","M","?","R","BOSS","M","?","$","?","?","R","M","?","T","?","E","$","M","M","R","BOSS","M","?","?","?","M","R","$","R","T","?","?","?","?","M","R","BOSS"],"build_version":"2019-01-23","purchased_purges":0,"victory":true,"max_hp_per_floor":[70,70,70,70,70,70,70,70,70,70,70,70,70,70,70,70,70,70,70,70,70,70,70,70,70,70,70,70,70,70,70,70,70,70,70,80,80,80,80,80,80,80,80,80,80,80,80,80,80,80],"card_choices":[{"not_picked":["Acrobatics","Choke"],"picked":"Well Laid Plans","floor":1},{"not_picked":["Outmaneuver","Eviscerate"],"picked":"Prepared","floor":2},{"not_picked":["Eviscerate","Cloak And Dagger"],"picked":"Dagger Throw","floor":4},{"not_picked":["Skewer","Escape Plan"],"picked":"Dagger Spray","floor":6},{"not_picked":["Dagger Throw","Eviscerate","Finisher"],"picked":"Underhanded Strike","floor":8},{"not_picked":["Prepared","Slice","Crippling Poison"],"picked":"Venomology","floor":12},{"not_picked":["Cloak And Dagger","Dagger Spray","Acrobatics"],"picked":"Sucker Punch","floor":13},{"not_picked":["Unload","Night Terror","Glass Knife"],"picked":"Die Die Die","floor":16},{"not_picked":["Dagger Throw","Outmaneuver+1","Bane"],"picked":"Footwork","floor":19},{"not_picked":["Backstab","PiercingWail","Blade Dance"],"picked":"Footwork","floor":22},{"not_picked":["Poisoned Stab","Endless Agony","Bane"],"picked":"Deflect+1","floor":24},{"not_picked":["Bouncing Flask","Outmaneuver","Catalyst"],"picked":"Underhanded Strike","floor":27},{"not_picked":["Grand Finale","Dagger Throw","Dodge and Roll"],"picked":"Blur+1","floor":28},{"not_picked":["Setup+1","All Out Attack+1","Underhanded Strike"],"picked":"Acrobatics","floor":30},{"not_picked":["Sucker Punch","Deflect","Poisoned Stab","Underhanded Strike"],"picked":"SKIP","floor":31},{"not_picked":["Grand Finale","Venomology","Wraith Form v2"],"picked":"Adrenaline","floor":33},{"not_picked":["Endless Agony","Quick Slash","Bane+1"],"picked":"Leg Sweep","floor":35},{"not_picked":["Expertise","PiercingWail","Acrobatics"],"picked":"Dagger Throw+1","floor":37},{"not_picked":["Grand Finale","Bane","Leg Sweep+1","Choke"],"picked":"SKIP","floor":39},{"not_picked":["Deflect","Concentrate+1","Quick Slash"],"picked":"Heel Hook","floor":45},{"not_picked":["Dramatic Entrance","Bandage Up","Panacea"],"picked":"Good Instincts","floor":46},{"not_picked":["Slice+1","Blade Dance+1","Masterful Stab"],"picked":"Flechettes","floor":47},{"not_picked":["Heel Hook+1","PiercingWail","Flying Knee","Cloak And Dagger"],"picked":"SKIP","floor":48}],"player_experience":467884,"relics_obtained":[{"floor":6,"key":"Question Card"},{"floor":8,"key":"Whetstone"},{"floor":9,"key":"Paper Crane"},{"floor":12,"key":"Darkstone Periapt"},{"floor":22,"key":"Red Mask"},{"floor":26,"key":"Orichalcum"},{"floor":28,"key":"Bottled Flame"},{"floor":43,"key":"Thread and Needle"},{"floor":45,"key":"Tough Bandages"}],"event_choices":[{"cards_removed":["Strike_G"],"damage_healed":0,"gold_gain":0,"player_choice":"Card Removal","damage_taken":7,"max_hp_gain":0,"max_hp_loss":0,"event_name":"Golden Wing","floor":3,"gold_loss":0},{"damage_healed":0,"gold_gain":0,"player_choice":"Grow","damage_taken":0,"max_hp_gain":0,"max_hp_loss":0,"event_name":"Living Wall","floor":5,"gold_loss":0,"cards_upgraded":["Neutralize"]},{"damage_healed":0,"gold_gain":0,"player_choice":"Entered Light","damage_taken":14,"max_hp_gain":0,"max_hp_loss":0,"event_name":"Shining Light","floor":11,"gold_loss":0,"cards_upgraded":["Survivor","Defend_G"]},{"damage_healed":0,"gold_gain":0,"player_choice":"Ignored","damage_taken":0,"max_hp_gain":0,"max_hp_loss":0,"event_name":"Ghosts","floor":21,"gold_loss":0},{"damage_healed":0,"gold_gain":0,"player_choice":"Fought Bandits","damage_taken":0,"max_hp_gain":0,"max_hp_loss":0,"event_name":"Masked Bandits","floor":22,"gold_loss":0},{"damage_healed":0,"gold_gain":0,"player_choice":"Bought 0 Potions","damage_taken":0,"max_hp_gain":0,"max_hp_loss":0,"event_name":"The Woman in Blue","floor":25,"gold_loss":0},{"cards_removed":["Venomology"],"damage_healed":7,"gold_gain":0,"player_choice":"Offered Rare","damage_taken":0,"max_hp_gain":10,"max_hp_loss":0,"event_name":"Bonfire Elementals","floor":36,"gold_loss":0},{"cards_removed":["Strike_G"],"damage_healed":0,"gold_gain":0,"player_choice":"Removed Attack","damage_taken":0,"max_hp_gain":0,"max_hp_loss":0,"event_name":"Falling","floor":38,"gold_loss":0},{"damage_healed":0,"gold_gain":0,"player_choice":"Ignored","damage_taken":0,"max_hp_gain":0,"max_hp_loss":0,"event_name":"Tomb of Lord Red Mask","floor":44,"gold_loss":0},{"damage_healed":0,"gold_gain":0,"player_choice":"Fight","damage_taken":0,"max_hp_gain":0,"max_hp_loss":0,"event_name":"MindBloom","floor":45,"gold_loss":0},{"damage_healed":0,"gold_gain":0,"player_choice":"Memory 1","damage_taken":0,"max_hp_gain":0,"max_hp_loss":0,"event_name":"SensoryStone","floor":46,"gold_loss":0}],"is_beta":false,"boss_relics":[{"not_picked":["Runic Dome","Tiny House"],"picked":"Ectoplasm"},{"not_picked":["Runic Pyramid","Coffee Dripper"],"picked":"Eternal Feather"}],"items_purged_floors":[],"is_endless":false,"potions_floor_spawned":[1,2,16,22,24,27,28,45,47],"ascension_level":13}