{"gold_per_floor":[364,380,328,328,341,376,376,406,432,432,507,526,176,176,176,272,272,291,291,303,316,72,103,103,36,112,127,137,147,167,181,181,181],"floor_reached":33,"playtime":1257,"items_purged":[],"score":432,"play_id":"3cdd93cf-48f6-4e7a-9b69-a8566c845360","local_time":"20190313002405","is_ascension_mode":true,"campfire_choices":[{"floor":7,"key":"REST"},{"floor":10,"key":"REST"},{"data":"Carnage","floor":15,"key":"SMITH"},{"data":"Reaper","floor":24,"key":"SMITH"},{"data":"Rupture","floor":32,"key":"SMITH"}],"neow_cost":"PERCENT_DAMAGE","seed_source_timestamp":2174299629497563,"circlet_count":0,"master_deck":["AscendersBane","Strike_R","Strike_R","Strike_R","Defend_R","Defend_R","Defend_R","Defend_R","Bash","Carnage+1","Thunderclap","Armaments","Immolate","Cleave","Sever Soul","Reaper+1","Thunderclap+1","Shrug It Off+1","Rupture+1","Inflame","Armaments","Body Slam","Combust"],"relics":["Burning Blood","Happy Flower","Smiling Mask","Ancient Tea Set","Omamori","Lee\u0027s Waffle","Coffee Dripper","CultistMask","Kunai","Ornamental Fan","Meat on the Bone"],"potions_floor_usage":[16,27,27,30,33],"damage_taken":[{"damage":5,"enemies":"2 Louse","floor":1,"turns":3},{"damage":1,"enemies":"Cultist","floor":2,"turns":3},{"damage":4,"enemies":"Jaw Worm","floor":5,"turns":5},{"damage":37,"enemies":"Lagavulin","floor":6,"turns":5},{"damage":32,"enemies":"Gremlin Nob","floor":8,"turns":4},{"damage":0,"enemies":"Large Slime","floor":12,"turns":3},{"damage":31,"enemies":"The Guardian","floor":16,"turns":11},{"damage":12,"enemies":"Chosen","floor":18,"turns":3},{"damage":27,"enemies":"3 Byrds","floor":20,"turns":4},{"damage":13,"enemies":"3 Cultists","floor":21,"turns":5},{"damage":67,"enemies":"Slavers","floor":23,"turns":4},{"damage":42,"enemies":"Centurion and Healer","floor":27,"turns":7},{"damage":3,"enemies":"Cultist and Chosen","floor":28,"turns":4},{"damage":16,"enemies":"Chosen and Byrds","floor":29,"turns":5},{"damage":3,"enemies":"Snecko","floor":30,"turns":4},{"damage":21,"enemies":"Sentry and Sphere","floor":31,"turns":4},{"damage":61,"enemies":"Automaton","floor":33,"turns":7}],"seed_played":"4052418924767185921","potions_obtained":[{"floor":5,"key":"BloodPotion"},{"floor":12,"key":"Energy Potion"},{"floor":18,"key":"Ancient Potion"},{"floor":29,"key":"SteroidPotion"},{"floor":30,"key":"PowerPotion"},{"floor":31,"key":"LiquidBronze"}],"is_trial":false,"path_per_floor":["M","M","$","?","M","E","R","E","T","R","?","M","$","?","R","B",null,"M","?","M","M","$","E","R","$","T","M","M","M","M","M","R","B"],"character_chosen":"IRONCLAD","items_purchased":["Armaments","Omamori","Lee\u0027s Waffle","Kunai","Inflame"],"campfire_rested":2,"item_purchase_floors":[3,13,13,22,25],"current_hp_per_floor":[52,57,57,57,59,28,52,26,26,50,39,45,87,87,87,62,81,81,81,68,79,79,36,36,36,36,40,54,54,64,61,61,0],"gold":181,"neow_bonus":"TWO_FIFTY_GOLD","is_prod":false,"is_daily":false,"chose_seed":false,"campfire_upgraded":3,"win_rate":0,"timestamp":1552451045,"path_taken":["M","M","$","?","?","E","R","E","T","R","?","M","$","?","R","BOSS","M","?","M","M","$","E","R","?","T","M","M","M","M","M","R","BOSS"],"build_version":"2019-01-23","purchased_purges":0,"victory":false,"max_hp_per_floor":[80,80,80,80,80,80,80,80,80,80,80,80,87,87,87,87,87,87,87,87,87,87,87,87,87,87,87,87,87,87,87,87,87],"card_choices":[{"not_picked":["Havoc","Flex"],"picked":"Carnage","floor":1},{"not_picked":["Carnage","Heavy Blade"],"picked":"Thunderclap","floor":2},{"not_picked":["Shrug It Off","Thunderclap"],"picked":"Immolate","floor":5},{"not_picked":["Shrug It Off","Pommel Strike"],"picked":"Cleave","floor":6},{"not_picked":["Sever Soul","Feel No Pain","Flex"],"picked":"SKIP","floor":8},{"not_picked":["Infernal Blade","Hemokinesis"],"picked":"Sever Soul","floor":12},{"not_picked":["Dark Embrace","Berserk"],"picked":"Reaper","floor":16},{"not_picked":["Perfected Strike+1","Shrug It Off"],"picked":"Thunderclap+1","floor":18},{"not_picked":["Sword Boomerang","Bloodletting"],"picked":"Shrug It Off+1","floor":20},{"not_picked":["Bloodletting","Combust","Sword Boomerang"],"picked":"SKIP","floor":21},{"not_picked":["Armaments","Infernal Blade"],"picked":"Rupture","floor":23},{"not_picked":["Sword Boomerang","Heavy Blade"],"picked":"Armaments","floor":27},{"not_picked":["Clothesline","Carnage","Sword Boomerang"],"picked":"SKIP","floor":28},{"not_picked":["Infernal Blade","Burning Pact","Flex"],"picked":"SKIP","floor":29},{"not_picked":["Hemokinesis","Inflame"],"picked":"Body Slam","floor":30},{"not_picked":["Offering","Shrug It Off+1"],"picked":"Combust","floor":31}],"player_experience":375616,"relics_obtained":[{"floor":6,"key":"Happy Flower"},{"floor":8,"key":"Smiling Mask"},{"floor":9,"key":"Ancient Tea Set"},{"floor":23,"key":"Ornamental Fan"},{"floor":26,"key":"Meat on the Bone"}],"event_choices":[{"cards_removed":["Strike_R"],"damage_healed":0,"gold_gain":0,"player_choice":"Offered Basic","damage_taken":0,"max_hp_gain":0,"max_hp_loss":0,"event_name":"Bonfire Elementals","floor":4,"gold_loss":0},{"damage_healed":0,"gold_gain":75,"player_choice":"Gather Gold","damage_taken":11,"max_hp_gain":0,"max_hp_loss":0,"event_name":"World of Goop","floor":11,"gold_loss":0},{"cards_removed":["Strike_R"],"damage_healed":0,"gold_gain":0,"player_choice":"Purged","damage_taken":0,"max_hp_gain":0,"max_hp_loss":0,"event_name":"Purifier","floor":14,"gold_loss":0},{"damage_healed":0,"gold_gain":0,"player_choice":"Trade","damage_taken":0,"relics_obtained":["CultistMask"],"max_hp_gain":0,"max_hp_loss":0,"event_name":"FaceTrader","floor":19,"gold_loss":0}],"is_beta":false,"boss_relics":[{"not_picked":["Black Blood","Orrery"],"picked":"Coffee Dripper"}],"items_purged_floors":[],"is_endless":false,"potions_floor_spawned":[5,12,18,21,29,30,31],"killed_by":"Automaton","ascension_level":11}