{"gold_per_floor":[115,134,134,134,152,152,7,41,68,94,117,146,188,218,230,345,357,380,409,441,186,186,186,216,216,216,216,235,235,254,264,264,264],"floor_reached":33,"playtime":1550,"items_purged":["Strike_R"],"score":309,"play_id":"b3860cc6-3008-4f40-b6ec-01ebe6d2fb73","local_time":"20190204192320","is_ascension_mode":true,"campfire_choices":[{"data":"Clash","floor":6,"key":"SMITH"},{"data":"Armaments","floor":15,"key":"SMITH"},{"data":"Flame Barrier","floor":23,"key":"SMITH"},{"data":"Double Tap","floor":25,"key":"SMITH"},{"data":"Thunderclap","floor":27,"key":"SMITH"},{"floor":32,"key":"REST"}],"neow_cost":"NONE","seed_source_timestamp":383076585375691,"circlet_count":0,"master_deck":["Strike_R","Strike_R","Strike_R","Strike_R","Defend_R","Defend_R","Defend_R","Defend_R","Bash","Cleave","Intimidate","Clash+1","Flame Barrier+1","Pommel Strike","Power Through","Thunderclap+1","Armaments+1","Double Tap+1","Shrug It Off+1","Cleave","Armaments+1","Inflame+1","Writhe","Clash"],"relics":["Burning Blood","Ancient Tea Set","Potion Belt","Orichalcum","Ice Cream","MawBank","Dream Catcher","Sozu","DollysMirror","Frozen Egg 2","Sundial","Bronze Scales"],"potions_floor_usage":[10,16,18],"damage_taken":[{"damage":0,"enemies":"Small Slimes","floor":1,"turns":3},{"damage":19,"enemies":"Jaw Worm","floor":2,"turns":5},{"damage":0,"enemies":"Cultist","floor":5,"turns":3},{"damage":14,"enemies":"3 Sentries","floor":8,"turns":7},{"damage":5,"enemies":"Gremlin Gang","floor":10,"turns":3},{"damage":5,"enemies":"Looter","floor":11,"turns":3},{"damage":0,"enemies":"2 Fungi Beasts","floor":12,"turns":2},{"damage":8,"enemies":"Gremlin Nob","floor":13,"turns":4},{"damage":6,"enemies":"Exordium Wildlife","floor":14,"turns":2},{"damage":62,"enemies":"Slime Boss","floor":16,"turns":21},{"damage":3,"enemies":"Shell Parasite","floor":18,"turns":4},{"damage":3,"enemies":"3 Byrds","floor":19,"turns":6},{"damage":7,"enemies":"Cultist and Chosen","floor":20,"turns":4},{"damage":25,"enemies":"Slavers","floor":24,"turns":5},{"damage":23,"enemies":"Shelled Parasite and Fungi","floor":28,"turns":3},{"damage":8,"enemies":"Centurion and Healer","floor":30,"turns":5},{"damage":6,"enemies":"3 Cultists","floor":31,"turns":3},{"damage":68,"enemies":"Champ","floor":33,"turns":11}],"seed_played":"3253855625035863965","potions_obtained":[{"floor":2,"key":"Explosive Potion"},{"floor":5,"key":"Weak Potion"},{"floor":14,"key":"Poison Potion"}],"is_trial":false,"path_per_floor":["M","M","?","?","M","R","$","E","T","M","M","M","E","M","R","B",null,"M","M","M","$","?","R","E","R","T","R","M","?","M","M","R","B"],"character_chosen":"IRONCLAD","items_purchased":["Orichalcum","DollysMirror"],"campfire_rested":1,"item_purchase_floors":[7,21],"current_hp_per_floor":[80,67,67,60,66,66,66,58,58,59,60,66,64,64,64,8,80,80,80,79,79,79,79,60,60,60,60,43,43,41,41,65,0],"gold":264,"neow_bonus":"RANDOM_COMMON_RELIC","is_prod":false,"is_daily":false,"chose_seed":false,"campfire_upgraded":5,"win_rate":0,"timestamp":1549326200,"path_taken":["M","M","?","?","?","R","$","E","T","?","M","M","E","M","R","BOSS","M","?","M","$","?","R","E","R","T","R","M","?","M","M","R","BOSS"],"build_version":"2019-01-23","purchased_purges":1,"victory":false,"max_hp_per_floor":[80,80,80,80,80,80,80,80,80,80,80,80,80,80,80,80,80,80,80,80,80,80,80,80,80,80,80,80,80,80,80,80,80],"card_choices":[{"not_picked":["Pummel","Metallicize"],"picked":"Cleave","floor":1},{"not_picked":["Bloodletting","Body Slam"],"picked":"Intimidate","floor":2},{"not_picked":["Perfected Strike","Carnage"],"picked":"Clash","floor":5},{"not_picked":["Pommel Strike","Headbutt"],"picked":"Flame Barrier","floor":8},{"not_picked":["Second Wind","Headbutt","Entrench"],"picked":"SKIP","floor":10},{"not_picked":["Headbutt","Second Wind"],"picked":"Pommel Strike","floor":11},{"not_picked":["Disarm","True Grit"],"picked":"Power Through","floor":12},{"not_picked":["Rage","Limit Break"],"picked":"Thunderclap","floor":13},{"not_picked":["Perfected Strike","Flex"],"picked":"Armaments","floor":14},{"not_picked":["Dark Embrace","Berserk"],"picked":"Double Tap","floor":16},{"not_picked":["Cleave","Body Slam"],"picked":"Shrug It Off+1","floor":18},{"not_picked":["Battle Trance","Body Slam"],"picked":"Cleave","floor":19},{"not_picked":["Searing Blow","Metallicize","Burning Pact"],"picked":"SKIP","floor":20},{"not_picked":["Heavy Blade+1","Bloodletting"],"picked":"Inflame","floor":24},{"not_picked":["Rage+1","Heavy Blade","Searing Blow"],"picked":"SKIP","floor":28},{"not_picked":["True Grit+1","Iron Wave+1"],"picked":"Clash","floor":30},{"not_picked":["Exhume","Warcry","Cleave"],"picked":"SKIP","floor":31}],"player_experience":155682,"relics_obtained":[{"floor":8,"key":"Ice Cream"},{"floor":9,"key":"MawBank"},{"floor":13,"key":"Dream Catcher"},{"floor":24,"key":"Frozen Egg 2"},{"floor":26,"key":"Sundial"}],"event_choices":[{"damage_healed":0,"gold_gain":0,"player_choice":"Box","damage_taken":0,"relics_obtained":["Potion Belt"],"max_hp_gain":0,"max_hp_loss":0,"event_name":"Big Fish","floor":3,"gold_loss":0,"cards_obtained":["Regret"]},{"cards_removed":["Regret"],"damage_healed":0,"gold_gain":0,"player_choice":"Card Removal","damage_taken":7,"max_hp_gain":0,"max_hp_loss":0,"event_name":"Golden Wing","floor":4,"gold_loss":0},{"damage_healed":0,"gold_gain":0,"player_choice":"Ignored","damage_taken":0,"max_hp_gain":0,"max_hp_loss":0,"event_name":"Ghosts","floor":22,"gold_loss":0},{"damage_healed":0,"gold_gain":0,"player_choice":"Opened","damage_taken":0,"relics_obtained":["Bronze Scales"],"max_hp_gain":0,"max_hp_loss":0,"event_name":"The Mausoleum","floor":29,"gold_loss":0,"cards_obtained":["Writhe"]}],"is_beta":false,"boss_relics":[{"not_picked":["Lizard Tail","White Beast Statue"],"picked":"Sozu"}],"items_purged_floors":[21],"is_endless":false,"potions_floor_spawned":[2,5,14,19,24,28,31],"killed_by":"Champ","ascension_level":2}