{"gold_per_floor":[118,118,118,118,137,137,168,168,168,218,249,259,278,51,51,51],"floor_reached":16,"playtime":496,"items_purged":["Strike_G"],"score":266,"play_id":"46751fdc-c533-45d6-9c1c-c41979d41ad3","local_time":"20190615082229","is_ascension_mode":true,"campfire_choices":[{"data":"Leg Sweep","floor":6,"key":"SMITH"},{"data":"Neutralize","floor":8,"key":"SMITH"},{"data":"Dash","floor":15,"key":"SMITH"}],"neow_cost":"NONE","seed_source_timestamp":116349949819974,"circlet_count":0,"master_deck":["AscendersBane","Defend_G","Defend_G","Defend_G","Defend_G","Defend_G","Strike_G","Strike_G","Strike_G","Strike_G","Survivor","Neutralize+1","All Out Attack+1","Leg Sweep+1","Footwork+1","Die Die Die","Dash+1","After Image+1"],"relics":["Ring of the Snake","NeowsBlessing","Frozen Egg 2","Toxic Egg 2","Shuriken","Lantern"],"potions_floor_usage":[11,16],"damage_taken":[{"damage":0,"enemies":"2 Louse","floor":1,"turns":1},{"damage":0,"enemies":"Small Slimes","floor":5,"turns":1},{"damage":0,"enemies":"Gremlin Nob","floor":7,"turns":1},{"damage":2,"enemies":"3 Sentries","floor":11,"turns":8},{"damage":0,"enemies":"Cultist","floor":12,"turns":2},{"damage":0,"enemies":"Exordium Thugs","floor":13,"turns":3},{"damage":39,"enemies":"Slime Boss","floor":16,"turns":19}],"seed_played":"8326967502720506255","potions_obtained":[{"floor":1,"key":"Block Potion"},{"floor":13,"key":"EssenceOfSteel"}],"is_trial":false,"path_per_floor":["M","?","?","?","M","R","E","R","T","?","E","M","M","$","R","B"],"character_chosen":"THE_SILENT","items_purchased":["After Image+1"],"campfire_rested":0,"item_purchase_floors":[14],"current_hp_per_floor":[59,59,59,41,41,41,41,41,41,41,39,39,39,39,39,0],"gold":51,"neow_bonus":"THREE_ENEMY_KILL","is_prod":false,"is_daily":false,"chose_seed":false,"campfire_upgraded":3,"win_rate":0,"timestamp":1560601349,"path_taken":["M","?","?","?","M","R","E","R","T","?","E","M","M","$","R","BOSS"],"build_version":"2019-01-23","purchased_purges":1,"victory":false,"max_hp_per_floor":[66,66,66,66,66,66,66,66,66,66,66,66,66,66,66,66],"card_choices":[{"not_picked":["Outmaneuver","Blade Dance"],"picked":"All Out Attack","floor":1},{"not_picked":["Prepared","Deflect"],"picked":"Leg Sweep","floor":5},{"not_picked":["Cloak And Dagger","Outmaneuver"],"picked":"Footwork+1","floor":7},{"not_picked":["Choke","Sucker Punch"],"picked":"Die Die Die","floor":11},{"not_picked":["Poisoned Stab","Crippling Poison+1","Outmaneuver+1"],"picked":"SKIP","floor":12},{"not_picked":["Sucker Punch","Backflip+1"],"picked":"Dash","floor":13}],"player_experience":904739,"relics_obtained":[{"floor":7,"key":"Toxic Egg 2"},{"floor":9,"key":"Shuriken"},{"floor":11,"key":"Lantern"}],"event_choices":[{"damage_healed":0,"gold_gain":0,"player_choice":"Ignored","damage_taken":0,"max_hp_gain":0,"max_hp_loss":0,"event_name":"Liars Game","floor":2,"gold_loss":0},{"damage_healed":0,"gold_gain":0,"player_choice":"Grow","damage_taken":0,"max_hp_gain":0,"max_hp_loss":0,"event_name":"Living Wall","floor":3,"gold_loss":0,"cards_upgraded":["All Out Attack"]},{"damage_healed":0,"gold_gain":0,"player_choice":"Success","damage_taken":18,"relics_obtained":["Frozen Egg 2"],"max_hp_gain":0,"max_hp_loss":0,"event_name":"Scrap Ooze","floor":4,"gold_loss":0},{"damage_healed":0,"gold_gain":50,"player_choice":"Pray","damage_taken":0,"max_hp_gain":0,"max_hp_loss":0,"event_name":"Golden Shrine","floor":10,"gold_loss":0}],"is_beta":false,"boss_relics":[],"items_purged_floors":[14],"is_endless":false,"potions_floor_spawned":[1,13],"killed_by":"Slime Boss","ascension_level":20}