{"gold_per_floor":[117,117,117,117,137,176,176,126,126,166,166,189,189,65,65,194,194,210,480,291,291,206,206,224,79,133,58,78,91,91,107,107,227,227,242,242,142,161,186,186,250,271,271,604,620,111,131,141,141,141,141,141,141,170,170],"floor_reached":55,"playtime":2997,"items_purged":["Strike_B","Strike_B+1","Defend_B"],"score":775,"play_id":"4da0d080-2018-4593-8362-bad29fa39902","local_time":"20190420112449","is_ascension_mode":false,"campfire_choices":[{"data":"Chill","floor":7.0,"key":"SMITH"},{"data":"Sweeping Beam","floor":11.0,"key":"SMITH"},{"data":"Beam Cell","floor":13.0,"key":"SMITH"},{"data":"Echo Form","floor":15.0,"key":"SMITH"},{"floor":23.0,"key":"REST"},{"floor":30.0,"key":"REST"},{"data":"Defragment","floor":32.0,"key":"SMITH"},{"floor":40,"key":"RECALL"},{"data":"Seek","floor":49,"key":"SMITH"},{"data":"Static Discharge","floor":52,"key":"SMITH"}],"neow_cost":"NONE","seed_source_timestamp":0,"circlet_count":0,"master_deck":["Defend_B","Defend_B+1","Zap","Dualcast+1","Chill+1","Cold Snap","Sweeping Beam+1","Beam Cell+1","Echo Form+1","Conserve Battery","Creative AI","Coolheaded","Glacier","Defragment+1","Coolheaded","Leap","Electrodynamics","Glacier","BootSequence","Seek+1","Defragment+1","Zap","Core Surge","Leap","Heatsinks","Static Discharge+1","Leap","Defragment+1","Conserve Battery+1","Reinforced Body+1"],"special_seed":0,"relics":["Cracked Core","NeowsBlessing","Bag of Preparation","Whetstone","Kunai","War Paint","Sozu","Singing Bowl","Bronze Scales","Empty Cage","Dead Branch","Pantograph","Bottled Flame"],"potions_floor_usage":[47],"damage_taken":[{"damage":0.0,"enemies":"2 Louse","floor":1.0,"turns":1.0},{"damage":0.0,"enemies":"Small Slimes","floor":5.0,"turns":1.0},{"damage":0.0,"enemies":"Lagavulin","floor":6.0,"turns":1.0},{"damage":9.0,"enemies":"3 Sentries","floor":10.0,"turns":6.0},{"damage":0.0,"enemies":"Jaw Worm","floor":12.0,"turns":1.0},{"damage":0.0,"enemies":"Slime Boss","floor":16.0,"turns":6.0},{"damage":17.0,"enemies":"3 Byrds","floor":18.0,"turns":5.0},{"damage":7.0,"enemies":"Shell Parasite","floor":24.0,"turns":10.0},{"damage":0.0,"enemies":"Snecko","floor":28.0,"turns":6.0},{"damage":0.0,"enemies":"Centurion and Healer","floor":29.0,"turns":6.0},{"damage":0.0,"enemies":"Snake Plant","floor":31.0,"turns":4.0},{"damage":0.0,"enemies":"Collector","floor":33.0,"turns":11.0},{"damage":4,"enemies":"3 Shapes","floor":35,"turns":4},{"damage":0,"enemies":"3 Darklings","floor":38,"turns":4},{"damage":0,"enemies":"Spire Growth","floor":39,"turns":6},{"damage":28,"enemies":"2 Orb Walkers","floor":41,"turns":5},{"damage":0,"enemies":"Maw","floor":42,"turns":8},{"damage":2,"enemies":"Jaw Worm Horde","floor":45,"turns":3},{"damage":0,"enemies":"Transient","floor":47,"turns":5},{"damage":0,"enemies":"Sphere and 2 Shapes","floor":48,"turns":6},{"damage":29,"enemies":"Time Eater","floor":50,"turns":10},{"damage":31,"enemies":"Shield and Spear","floor":54,"turns":8},{"damage":94,"enemies":"The Heart","floor":55,"turns":14}],"seed_played":"8471564752579599929","potions_obtained":[{"floor":6.0,"key":"Weak Potion"},{"floor":10.0,"key":"Strength Potion"}],"is_trial":false,"path_per_floor":["M","?","?","?","M","E","R","?","T","E","R","M","R","$","R","B",null,"M","?","$","?","?","R","M","$","T","$","M","M","R","M","R","B",null,"M","?","$","M","M","R","?","M","T","?","M","$","M","M","R","B",null,"R","$","E","B"],"character_chosen":"DEFECT","items_purchased":["Echo Form","Conserve Battery","Glacier","Defragment","Electrodynamics","Glacier","Pantograph","Static Discharge","Leap"],"campfire_rested":2,"item_purchase_floors":[14,14,20,20,25,27,46,46,46],"current_hp_per_floor":[75,75,68,50,50,50,50,50,50,41,41,41,41,41,41,41,75,58,30,30,30,30,52,45,45,45,45,47,49,72,72,72,72,79,75,75,75,75,77,77,51,53,53,53,51,51,51,51,51,47,85,85,85,54,0],"gold":170,"neow_bonus":"THREE_ENEMY_KILL","is_prod":false,"is_daily":false,"chose_seed":false,"campfire_upgraded":7,"win_rate":0,"timestamp":1555773889,"path_taken":["M","?","?","?","M","E","R","?","T","E","R","M","R","$","R","BOSS","M","?","?","?","?","R","M","$","T","$","M","?","R","M","R","BOSS","M","?","$","?","M","R","?","M","T","?","M","$","M","M","R","BOSS","R","$","E","BOSS"],"build_version":"2019-01-23","purchased_purges":3,"victory":false,"max_hp_per_floor":[75,75,75,75,75,75,75,75,75,75,75,75,75,75,75,75,75,75,75,75,75,75,75,75,75,75,75,77,79,79,79,79,79,79,79,79,79,79,81,81,83,85,85,85,85,85,85,85,85,85,85,85,85,85,85],"card_choices":[{"not_picked":["Turbo","Go for the Eyes"],"picked":"Chill","floor":1.0},{"not_picked":["Gash","Force Field"],"picked":"Cold Snap","floor":5.0},{"not_picked":["Stack","Rebound"],"picked":"Sweeping Beam","floor":6.0},{"not_picked":["Ball Lightning","Reprogram"],"picked":"Beam Cell","floor":10.0},{"not_picked":["Force Field","Sweeping Beam","Stack"],"picked":"SKIP","floor":12.0},{"not_picked":["Hyperbeam","Rainbow"],"picked":"Creative AI","floor":16.0},{"not_picked":["Sunder","Conserve Battery"],"picked":"Coolheaded","floor":18.0},{"not_picked":["Tempest","Steam+1"],"picked":"Leap","floor":24.0},{"not_picked":["Tempest","Hello World","Stack"],"picked":"Singing Bowl","floor":28.0},{"not_picked":["Barrage","Sweeping Beam","Darkness"],"picked":"Singing Bowl","floor":29.0},{"not_picked":["Stack+1","Hello World"],"picked":"BootSequence","floor":31.0},{"not_picked":["Multi-Cast","Hyperbeam"],"picked":"Seek","floor":33.0},{"not_picked":["Streamline+1","Rebound+1"],"picked":"Defragment+1","floor":35},{"not_picked":["Cold Snap+1","Chill"],"picked":"Leap","floor":38},{"not_picked":["Go for the Eyes","Darkness","Coolheaded+1"],"picked":"Singing Bowl","floor":39},{"not_picked":["Capacitor+1","Sweeping Beam","Gash+1"],"picked":"Singing Bowl","floor":41},{"not_picked":["Loop","Streamline+1","Leap"],"picked":"Singing Bowl","floor":42},{"not_picked":["Go for the Eyes","Rainbow"],"picked":"Heatsinks","floor":45},{"not_picked":["Rip and Tear+1","Redo"],"picked":"Defragment+1","floor":47},{"not_picked":["Leap","Ball Lightning+1"],"picked":"Conserve Battery+1","floor":48},{"not_picked":["Loop+1","Go for the Eyes"],"picked":"Reinforced Body+1","floor":54}],"player_experience":613369,"relics_obtained":[{"floor":6.0,"key":"Whetstone"},{"floor":9.0,"key":"Kunai"},{"floor":10.0,"key":"War Paint"},{"floor":26.0,"key":"Bronze Scales"},{"floor":41,"key":"Dead Branch"},{"floor":54,"key":"Bottled Flame"}],"event_choices":[{"damage_healed":0.0,"max_hp_gain":0.0,"max_hp_loss":0.0,"gold_gain":0.0,"event_name":"Big Fish","player_choice":"Box","floor":2.0,"gold_loss":0.0,"damage_taken":0.0,"relics_obtained":["Bag of Preparation"],"cards_obtained":["Regret"]},{"cards_removed":["Regret"],"damage_healed":0.0,"max_hp_gain":0.0,"max_hp_loss":0.0,"gold_gain":0.0,"event_name":"Golden Wing","player_choice":"Card Removal","floor":3.0,"gold_loss":0.0,"damage_taken":7.0},{"damage_healed":0.0,"max_hp_gain":0.0,"max_hp_loss":0.0,"gold_gain":0.0,"event_name":"Golden Idol","player_choice":"Take Damage","floor":4.0,"gold_loss":0.0,"damage_taken":18.0,"relics_obtained":["Golden Idol"]},{"cards_removed":["Strike_B"],"damage_healed":0.0,"max_hp_gain":0.0,"max_hp_loss":0.0,"gold_gain":0.0,"event_name":"The Cleric","player_choice":"Card Removal","floor":8.0,"gold_loss":50.0,"damage_taken":0.0},{"damage_healed":0.0,"max_hp_gain":0.0,"max_hp_loss":0.0,"gold_gain":270.0,"event_name":"Knowing Skull","player_choice":"GOLD GOLD GOLD ","floor":19.0,"potions_obtained":[],"gold_loss":0.0,"damage_taken":28.0,"cards_obtained":[]},{"damage_healed":0.0,"max_hp_gain":0.0,"max_hp_loss":0.0,"gold_gain":0.0,"event_name":"The Library","player_choice":"Read","floor":21.0,"gold_loss":0.0,"damage_taken":0.0,"cards_obtained":["Coolheaded"]},{"damage_healed":0.0,"max_hp_gain":0.0,"max_hp_loss":0.0,"gold_gain":0.0,"event_name":"Addict","player_choice":"Obtained Relic","floor":22.0,"gold_loss":85.0,"damage_taken":0.0,"relics_obtained":["Singing Bowl"]},{"damage_healed":0,"gold_gain":0,"player_choice":"2 cards matched","damage_taken":0,"max_hp_gain":0,"max_hp_loss":0,"event_name":"Match and Keep!","floor":36,"gold_loss":0,"cards_obtained":["Zap","Core Surge"]},{"damage_healed":0,"gold_gain":0,"player_choice":"Fight","damage_taken":0,"max_hp_gain":0,"max_hp_loss":0,"event_name":"Mysterious Sphere","floor":41,"gold_loss":0},{"damage_healed":0,"gold_gain":333,"player_choice":"Gave Idol","damage_taken":0,"max_hp_gain":0,"max_hp_loss":0,"event_name":"The Moai Head","floor":44,"relics_lost":["Golden Idol"],"gold_loss":0}],"is_beta":false,"boss_relics":[{"not_picked":["Tiny House","Coffee Dripper"],"picked":"Sozu"},{"not_picked":["Black Star","Runic Dome"],"picked":"Empty Cage"}],"items_purged_floors":[20,37,46],"is_endless":false,"potions_floor_spawned":[6,10,18,29,31,33,38,41,47,48],"killed_by":"The Heart","ascension_level":0}