{"gold_per_floor":[119,129,148,148,165,165,191,191,191,191,201,201,201,201,201,201],"floor_reached":16,"playtime":450,"items_purged":[],"score":190,"play_id":"549d4e15-6050-453d-9189-bafdf817e45c","local_time":"20190613215606","is_ascension_mode":true,"campfire_choices":[{"data":"Wild Strike","floor":6,"key":"SMITH"},{"data":"Feed","floor":8,"key":"SMITH"},{"data":"Wild Strike","floor":12,"key":"SMITH"},{"floor":15,"key":"REST"}],"neow_cost":"NONE","seed_source_timestamp":83053622847507,"circlet_count":0,"master_deck":["AscendersBane","Strike_R","Strike_R","Strike_R","Strike_R","Strike_R","Defend_R","Defend_R","Defend_R","Defend_R","Bash","Second Wind","Headbutt","Offering","Wild Strike+1","Feed+1","Wild Strike+1","Shrug It Off","True Grit"],"relics":["Burning Blood","NeowsBlessing","Lantern","Dream Catcher"],"potions_floor_usage":[5,16],"damage_taken":[{"damage":0,"enemies":"Jaw Worm","floor":1,"turns":1},{"damage":0,"enemies":"2 Louse","floor":2,"turns":1},{"damage":0,"enemies":"Cultist","floor":3,"turns":1},{"damage":50,"enemies":"Gremlin Gang","floor":5,"turns":6},{"damage":16,"enemies":"3 Sentries","floor":7,"turns":11},{"damage":8,"enemies":"Blue Slaver","floor":11,"turns":2},{"damage":51,"enemies":"The Guardian","floor":16,"turns":7}],"seed_played":"7303388114934674815","potions_obtained":[{"floor":1,"key":"SpeedPotion"},{"floor":7,"key":"GamblersBrew"}],"is_trial":false,"path_per_floor":["M","M","M","$","M","R","E","R","T","?","M","R","?","?","R","B"],"character_chosen":"IRONCLAD","items_purchased":[],"campfire_rested":1,"item_purchase_floors":[],"current_hp_per_floor":[74,75,75,75,31,31,21,21,21,21,19,19,19,19,41,0],"gold":201,"neow_bonus":"THREE_ENEMY_KILL","is_prod":false,"is_daily":false,"chose_seed":false,"campfire_upgraded":3,"win_rate":0,"timestamp":1560488166,"path_taken":["M","M","M","$","M","R","E","R","T","?","M","R","?","?","R","BOSS"],"build_version":"2019-01-23","purchased_purges":0,"victory":false,"max_hp_per_floor":[75,75,75,75,75,75,75,75,75,75,75,75,75,75,75,75],"card_choices":[{"not_picked":["Seeing Red","Wild Strike"],"picked":"Second Wind","floor":1},{"not_picked":["Warcry","Flex"],"picked":"Headbutt","floor":2},{"not_picked":["Wild Strike","Twin Strike"],"picked":"Offering","floor":3},{"not_picked":["Armaments","Iron Wave"],"picked":"Wild Strike","floor":5},{"not_picked":["Twin Strike","Rupture"],"picked":"Feed","floor":7},{"not_picked":["Sentinel","Rupture"],"picked":"Wild Strike","floor":11},{"not_picked":["Corruption","Iron Wave"],"picked":"True Grit","floor":15}],"player_experience":1004961,"relics_obtained":[{"floor":7,"key":"Lantern"},{"floor":9,"key":"Dream Catcher"}],"event_choices":[{"damage_healed":0,"gold_gain":0,"player_choice":"Fled","damage_taken":0,"max_hp_gain":0,"max_hp_loss":0,"event_name":"Scrap Ooze","floor":10,"gold_loss":0},{"damage_healed":0,"gold_gain":0,"player_choice":"Searched \u00270\u0027 times","damage_taken":0,"max_hp_gain":0,"max_hp_loss":0,"event_name":"Dead Adventurer","floor":13,"gold_loss":0},{"damage_healed":0,"gold_gain":0,"player_choice":"1 cards matched","damage_taken":0,"max_hp_gain":0,"max_hp_loss":0,"event_name":"Match and Keep!","floor":14,"gold_loss":0,"cards_obtained":["Shrug It Off"]}],"is_beta":false,"boss_relics":[],"items_purged_floors":[],"is_endless":false,"potions_floor_spawned":[1,7],"killed_by":"The Guardian","ascension_level":18}