{"gold_per_floor":[114,128,128,148,36,36,370,370,370,370,400,414,445,464,464,563,563,580,580,580,593,613,624,649,661,661,661,676,775,791,96,96,196,196,212,223,223,238,113,158,158,158,204,124,134,152,152,168,168,168],"floor_reached":51,"playtime":1866,"items_purged":["Strike_R","Pain","Strike_R"],"score":791,"play_id":"569d10eb-bed9-462e-8673-0f2644e1480f","local_time":"20190513222849","is_ascension_mode":false,"campfire_choices":[{"data":"Uppercut","floor":6,"key":"SMITH"},{"data":"Inflame","floor":8,"key":"SMITH"},{"data":"True Grit","floor":15,"key":"SMITH"},{"data":"Spot Weakness","floor":27,"key":"SMITH"},{"data":"Limit Break","floor":32,"key":"SMITH"},{"data":"Demon Form","floor":42,"key":"SMITH"},{"data":"Limit Break","floor":47,"key":"SMITH"},{"data":"Flame Barrier","floor":49,"key":"SMITH"}],"neow_cost":"NONE","seed_source_timestamp":613716197740945,"circlet_count":0,"master_deck":["Strike_R","Strike_R","Strike_R","Defend_R","Defend_R","Defend_R","Defend_R","Bash","Uppercut+1","True Grit+1","Panacea+1","Inflame+1","Flame Barrier+1","Bludgeon","Spot Weakness+1","Heavy Blade+1","Limit Break+1","Demon Form+1","Whirlwind","Heavy Blade","Limit Break+1"],"relics":["Burning Blood","NeowsBlessing","Old Coin","Singing Bowl","WarpedTongs","Unceasing Top","Meat on the Bone","Coffee Dripper","Pear","Bottled Flame","Gambling Chip","Pocketwatch","Philosopher\u0027s Stone","CultistMask","Prayer Wheel","Omamori"],"potions_floor_usage":[16,24,24,33,33,50],"damage_taken":[{"damage":0,"enemies":"Small Slimes","floor":1,"turns":1},{"damage":0,"enemies":"Cultist","floor":2,"turns":1},{"damage":0,"enemies":"Jaw Worm","floor":4,"turns":1},{"damage":22,"enemies":"Gremlin Nob","floor":7,"turns":4},{"damage":28,"enemies":"Lagavulin","floor":11,"turns":6},{"damage":16,"enemies":"Lots of Slimes","floor":12,"turns":6},{"damage":13,"enemies":"Gremlin Nob","floor":13,"turns":5},{"damage":6,"enemies":"Looter","floor":14,"turns":4},{"damage":12,"enemies":"Slime Boss","floor":16,"turns":10},{"damage":16,"enemies":"Spheric Guardian","floor":18,"turns":5},{"damage":2,"enemies":"Chosen","floor":21,"turns":4},{"damage":10,"enemies":"Snecko","floor":22,"turns":6},{"damage":9,"enemies":"Cultist and Chosen","floor":23,"turns":6},{"damage":26,"enemies":"Book of Stabbing","floor":24,"turns":6},{"damage":6,"enemies":"Shelled Parasite and Fungi","floor":25,"turns":7},{"damage":42,"enemies":"Sentry and Sphere","floor":28,"turns":8},{"damage":5,"enemies":"Centurion and Healer","floor":30,"turns":5},{"damage":11,"enemies":"Automaton","floor":33,"turns":5},{"damage":3,"enemies":"Orb Walker","floor":35,"turns":3},{"damage":21,"enemies":"3 Darklings","floor":36,"turns":4},{"damage":15,"enemies":"Writhing Mass","floor":38,"turns":4},{"damage":28,"enemies":"2 Orb Walkers","floor":40,"turns":4},{"damage":27,"enemies":"Sphere and 2 Shapes","floor":45,"turns":5},{"damage":7,"enemies":"Spire Growth","floor":46,"turns":3},{"damage":19,"enemies":"4 Shapes","floor":48,"turns":5},{"damage":21,"enemies":"Time Eater","floor":50,"turns":5}],"seed_played":"4312577878304216842","potions_obtained":[{"floor":2,"key":"SpeedPotion"},{"floor":4,"key":"LiquidBronze"},{"floor":11,"key":"Block Potion"},{"floor":13,"key":"Regen Potion"},{"floor":16,"key":"Fire Potion"},{"floor":21,"key":"SteroidPotion"},{"floor":24,"key":"Dexterity Potion"},{"floor":28,"key":"Fire Potion"},{"floor":36,"key":"SneckoOil"},{"floor":45,"key":"Weak Potion"}],"is_trial":false,"path_per_floor":["M","M","?","M","$","R","E","R","T","?","E","M","E","M","R","B",null,"M","?","?","M","M","M","E","M","T","R","M","?","M","$","R","B",null,"M","M","?","M","$","?","?","R","T","$","M","M","R","M","R","B",null],"character_chosen":"IRONCLAD","items_purchased":["Inflame","Gambling Chip","Pocketwatch","Whirlwind"],"campfire_rested":0,"item_purchase_floors":[5,31,31,44],"current_hp_per_floor":[80,80,80,80,80,80,64,64,64,64,44,34,29,43,43,49,86,78,78,78,84,82,79,71,73,73,73,49,49,62,62,62,71,106,108,95,95,88,88,68,68,68,68,68,61,74,74,77,77,74],"gold":168,"neow_bonus":"THREE_ENEMY_KILL","is_prod":false,"is_daily":false,"chose_seed":false,"campfire_upgraded":8,"win_rate":0,"timestamp":1557800929,"path_taken":["M","M","?","?","$","R","E","R","T","?","E","?","E","M","R","BOSS","M","?","?","?","M","M","E","M","T","R","M","?","M","$","R","BOSS","M","M","?","?","$","?","?","R","T","?","M","M","R","M","R","BOSS"],"build_version":"2019-01-23","purchased_purges":3,"victory":true,"max_hp_per_floor":[80,80,80,80,80,80,80,80,80,80,82,82,84,86,86,86,86,88,88,88,90,92,92,104,106,106,106,106,106,106,106,106,106,106,108,110,110,112,112,114,108,108,108,108,110,112,112,116,116,116],"card_choices":[{"not_picked":["Clash","Shrug It Off"],"picked":"Uppercut","floor":1},{"not_picked":["Carnage","Iron Wave"],"picked":"True Grit","floor":2},{"not_picked":["Blood for Blood","Burning Pact","Power Through"],"picked":"SKIP","floor":4},{"not_picked":["Twin Strike","Searing Blow","Headbutt"],"picked":"SKIP","floor":7},{"not_picked":["Juggernaut","Bloodletting","Iron Wave"],"picked":"Singing Bowl","floor":11},{"not_picked":["Pommel Strike","Blood for Blood"],"picked":"Flame Barrier","floor":12},{"not_picked":["Carnage","Fire Breathing","Iron Wave"],"picked":"Singing Bowl","floor":13},{"not_picked":["Twin Strike","Havoc","Pommel Strike"],"picked":"Singing Bowl","floor":14},{"not_picked":["Dark Embrace","Double Tap"],"picked":"Bludgeon","floor":16},{"not_picked":["Second Wind","Infernal Blade","Bloodletting"],"picked":"Singing Bowl","floor":18},{"not_picked":["Power Through+1","Headbutt","Warcry"],"picked":"Singing Bowl","floor":21},{"not_picked":["Second Wind+1","Sever Soul","Infernal Blade+1"],"picked":"Singing Bowl","floor":22},{"not_picked":["Cleave","Intimidate+1"],"picked":"Spot Weakness","floor":23},{"not_picked":["Spot Weakness+1","True Grit","Perfected Strike"],"picked":"Singing Bowl","floor":24},{"not_picked":["Sword Boomerang","Pommel Strike","Flex"],"picked":"Singing Bowl","floor":25},{"not_picked":["Corruption","Disarm"],"picked":"Heavy Blade+1","floor":28},{"not_picked":["Burning Pact","Wild Strike"],"picked":"Limit Break","floor":30},{"not_picked":["Immolate","Exhume"],"picked":"Demon Form","floor":33},{"not_picked":["Headbutt+1","Rupture+1","Clash+1"],"picked":"Singing Bowl","floor":35},{"not_picked":["Wild Strike","Perfected Strike+1","Carnage"],"picked":"Singing Bowl","floor":36},{"not_picked":["Twin Strike","Feel No Pain","Disarm"],"picked":"Singing Bowl","floor":38},{"not_picked":["Entrench+1","Havoc","True Grit+1"],"picked":"Singing Bowl","floor":40},{"not_picked":["Hemokinesis+1","Fire Breathing+1"],"picked":"Heavy Blade","floor":45},{"not_picked":["Shrug It Off","Warcry+1","Thunderclap"],"picked":"Singing Bowl","floor":45},{"not_picked":["Evolve+1","Dual Wield+1"],"picked":"Limit Break","floor":46},{"not_picked":["Dual Wield+1","Iron Wave","Wild Strike"],"picked":"Singing Bowl","floor":46},{"not_picked":["Armaments+1","Rupture+1","Searing Blow+1"],"picked":"Singing Bowl","floor":48},{"not_picked":["Warcry+1","Wild Strike+1","Iron Wave+1"],"picked":"Singing Bowl","floor":48}],"player_experience":702576,"relics_obtained":[{"floor":7,"key":"Old Coin"},{"floor":9,"key":"Singing Bowl"},{"floor":11,"key":"Unceasing Top"},{"floor":13,"key":"Meat on the Bone"},{"floor":24,"key":"Pear"},{"floor":26,"key":"Bottled Flame"},{"floor":40,"key":"Prayer Wheel"},{"floor":43,"key":"Omamori"}],"event_choices":[{"damage_healed":0,"gold_gain":0,"player_choice":"1 cards matched","damage_taken":0,"max_hp_gain":0,"max_hp_loss":0,"event_name":"Match and Keep!","floor":3,"gold_loss":0,"cards_obtained":["Panacea"]},{"damage_healed":0,"gold_gain":0,"player_choice":"Rummage","damage_taken":0,"relics_obtained":["WarpedTongs"],"max_hp_gain":0,"max_hp_loss":0,"event_name":"Accursed Blacksmith","floor":10,"gold_loss":0,"cards_obtained":["Pain"]},{"damage_healed":0,"gold_gain":0,"player_choice":"Ignored","damage_taken":0,"max_hp_gain":0,"max_hp_loss":0,"event_name":"Ghosts","floor":19,"gold_loss":0},{"damage_healed":0,"gold_gain":0,"player_choice":"Upgraded","damage_taken":0,"max_hp_gain":0,"max_hp_loss":0,"event_name":"Upgrade Shrine","floor":20,"gold_loss":0,"cards_upgraded":["Panacea"]},{"damage_healed":0,"gold_gain":99,"player_choice":"Stole From Cult","damage_taken":0,"max_hp_gain":0,"max_hp_loss":0,"event_name":"Nest","floor":29,"gold_loss":0},{"damage_healed":0,"gold_gain":0,"player_choice":"Trade","damage_taken":0,"relics_obtained":["CultistMask"],"max_hp_gain":0,"max_hp_loss":0,"event_name":"FaceTrader","floor":37,"gold_loss":0},{"damage_healed":0,"gold_gain":0,"player_choice":"Fight","damage_taken":0,"max_hp_gain":0,"max_hp_loss":0,"event_name":"Mysterious Sphere","floor":40,"gold_loss":0},{"damage_healed":0,"gold_gain":0,"player_choice":"Max HP","damage_taken":0,"max_hp_gain":0,"max_hp_loss":6,"event_name":"Winding Halls","floor":41,"gold_loss":0}],"is_beta":false,"boss_relics":[{"not_picked":["Black Star","Empty Cage"],"picked":"Coffee Dripper"},{"not_picked":["White Beast Statue","Runic Dome"],"picked":"Philosopher\u0027s Stone"}],"items_purged_floors":[5,31,39],"is_endless":false,"potions_floor_spawned":[2,4,11,13,14,16,21,22,23,24,28,36,45],"ascension_level":0}