{"gold_per_floor":[117,196,271,271,285,285,325,325,325,344,362,385,406,406],"floor_reached":14,"playtime":403,"items_purged":[],"score":175,"play_id":"6fe1d9c8-cfbf-441c-a693-f1b0356448ef","local_time":"20190615180551","is_ascension_mode":true,"campfire_choices":[{"data":"Shrug It Off","floor":6,"key":"SMITH"},{"data":"Searing Blow","floor":8,"key":"SMITH"}],"neow_cost":"NONE","seed_source_timestamp":242081887747249,"circlet_count":0,"master_deck":["AscendersBane","Strike_R","Strike_R","Strike_R","Strike_R","Strike_R","Defend_R","Defend_R","Defend_R","Defend_R","Bash+1","Shrug It Off","Shrug It Off+1","Searing Blow+1","Wild Strike","Feed","True Grit"],"relics":["Burning Blood","Golden Idol","PreservedInsect","Bird Faced Urn"],"potions_floor_usage":[7],"damage_taken":[{"damage":6,"enemies":"Jaw Worm","floor":1,"turns":6},{"damage":11,"enemies":"2 Louse","floor":5,"turns":5},{"damage":45,"enemies":"Lagavulin","floor":7,"turns":6},{"damage":4,"enemies":"Cultist","floor":10,"turns":4},{"damage":1,"enemies":"3 Louse","floor":11,"turns":4},{"damage":1,"enemies":"2 Fungi Beasts","floor":12,"turns":4},{"damage":10,"enemies":"Gremlin Gang","floor":13,"turns":6},{"damage":27,"enemies":"Lots of Slimes","floor":14,"turns":2}],"seed_played":"5405442715469197120","potions_obtained":[{"floor":5,"key":"LiquidBronze"},{"floor":7,"key":"SpeedPotion"}],"is_trial":false,"path_per_floor":["M","?","?","?","M","R","E","R","T","M","M","M","M","M"],"character_chosen":"IRONCLAD","items_purchased":[],"campfire_rested":0,"item_purchase_floors":[],"current_hp_per_floor":[68,68,57,57,52,52,13,13,13,15,20,25,24,0],"gold":406,"neow_bonus":"UPGRADE_CARD","is_prod":false,"is_daily":false,"chose_seed":false,"campfire_upgraded":2,"win_rate":0,"timestamp":1560647151,"path_taken":["M","?","?","?","M","R","E","R","T","M","M","M","M","M"],"build_version":"2019-01-23","purchased_purges":0,"victory":false,"max_hp_per_floor":[75,75,75,68,68,68,68,68,68,68,68,68,71,71],"card_choices":[{"not_picked":["Clothesline","Body Slam"],"picked":"Shrug It Off","floor":1},{"not_picked":["Twin Strike","Sword Boomerang"],"picked":"Shrug It Off","floor":5},{"not_picked":["Evolve","Heavy Blade"],"picked":"Searing Blow","floor":7},{"not_picked":["Inflame","Perfected Strike","Rupture"],"picked":"SKIP","floor":10},{"not_picked":["Twin Strike","Heavy Blade"],"picked":"Wild Strike","floor":11},{"not_picked":["Havoc","Cleave"],"picked":"Feed","floor":12},{"not_picked":["Flex","Cleave"],"picked":"True Grit","floor":13}],"player_experience":1015225,"relics_obtained":[{"floor":7,"key":"PreservedInsect"},{"floor":9,"key":"Bird Faced Urn"}],"event_choices":[{"damage_healed":0,"gold_gain":79,"player_choice":"Gained Gold","damage_taken":0,"max_hp_gain":0,"max_hp_loss":0,"event_name":"Golden Wing","floor":2,"gold_loss":0},{"damage_healed":0,"gold_gain":75,"player_choice":"Gather Gold","damage_taken":11,"max_hp_gain":0,"max_hp_loss":0,"event_name":"World of Goop","floor":3,"gold_loss":0},{"damage_healed":0,"gold_gain":0,"player_choice":"Lose Max HP","damage_taken":0,"relics_obtained":["Golden Idol"],"max_hp_gain":0,"max_hp_loss":7,"event_name":"Golden Idol","floor":4,"gold_loss":0}],"is_beta":false,"boss_relics":[],"items_purged_floors":[],"is_endless":false,"potions_floor_spawned":[5,7],"killed_by":"Lots of Slimes","ascension_level":18}