{"gold_per_floor":[114,128,128,53,73,104,104,130,130,160],"floor_reached":10,"playtime":343,"items_purged":["Doubt"],"score":152,"play_id":"deefb43c-34c7-4f55-9e66-86611d674fc3","local_time":"20190608091534","is_ascension_mode":true,"campfire_choices":[{"data":"Buffer","floor":7,"key":"SMITH"}],"neow_cost":"CURSE","seed_source_timestamp":378796009271759,"circlet_count":0,"master_deck":["AscendersBane","Strike_B","Strike_B","Strike_B","Strike_B","Defend_B","Defend_B","Defend_B","Defend_B","Zap","Dualcast","Buffer+1","Genetic Algorithm","Conserve Battery","Darkness","Ball Lightning","BootSequence"],"relics":["Cracked Core","Dream Catcher","Pantograph","Vajra"],"potions_floor_usage":[2,8],"damage_taken":[{"damage":0,"enemies":"2 Louse","floor":1,"turns":3},{"damage":2,"enemies":"Small Slimes","floor":2,"turns":3},{"damage":4,"enemies":"Jaw Worm","floor":5,"turns":5},{"damage":10,"enemies":"Lagavulin","floor":6,"turns":7},{"damage":24,"enemies":"Gremlin Nob","floor":8,"turns":5},{"damage":31,"enemies":"3 Sentries","floor":10,"turns":6}],"seed_played":"-8965740631376668244","potions_obtained":[{"floor":1,"key":"AttackPotion"},{"floor":2,"key":"Weak Potion"},{"floor":8,"key":"Energy Potion"}],"is_trial":false,"path_per_floor":["M","M","?","$","M","E","R","E","T","?"],"character_chosen":"DEFECT","items_purchased":[],"campfire_rested":0,"item_purchase_floors":[],"current_hp_per_floor":[64,62,67,67,63,53,53,29,29,0],"gold":160,"neow_bonus":"THREE_RARE_CARDS","is_prod":false,"is_daily":false,"chose_seed":false,"campfire_upgraded":1,"win_rate":0,"timestamp":1559999734,"path_taken":["M","M","?","$","M","E","R","E","T","?"],"build_version":"2019-01-23","purchased_purges":1,"victory":false,"max_hp_per_floor":[71,71,76,76,76,76,76,76,76,76],"card_choices":[{"not_picked":["All For One","Fission"],"picked":"Buffer","floor":0},{"not_picked":["Tempest","Fusion"],"picked":"Genetic Algorithm","floor":1},{"not_picked":["Leap","Redo"],"picked":"Conserve Battery","floor":2},{"not_picked":["Loop","Barrage"],"picked":"Darkness","floor":5},{"not_picked":["Capacitor","Barrage"],"picked":"Ball Lightning","floor":6},{"not_picked":["Heatsinks","Leap"],"picked":"BootSequence","floor":8}],"player_experience":865995,"relics_obtained":[{"floor":6,"key":"Dream Catcher"},{"floor":8,"key":"Pantograph"},{"floor":9,"key":"Vajra"}],"event_choices":[{"damage_healed":0,"gold_gain":0,"player_choice":"Donut","damage_taken":0,"max_hp_gain":5,"max_hp_loss":0,"event_name":"Big Fish","floor":3,"gold_loss":0},{"damage_healed":0,"gold_gain":30,"player_choice":"Searched \u00272\u0027 times","damage_taken":0,"max_hp_gain":0,"max_hp_loss":0,"event_name":"Dead Adventurer","floor":10,"gold_loss":0}],"is_beta":false,"boss_relics":[],"items_purged_floors":[4],"is_endless":false,"potions_floor_spawned":[1,2,8],"killed_by":"3 Sentries","ascension_level":20}