{"gold_per_floor":[367,379,25,36,48,108,108,135,135,135,165,165,196,196,196,196],"floor_reached":16,"playtime":598,"items_purged":["Regret"],"score":183,"play_id":"b3f9ee9e-2828-4bfa-bf73-726dd8e329b6","local_time":"20190311215248","is_ascension_mode":true,"campfire_choices":[{"data":"Panacea","floor":7,"key":"SMITH"},{"floor":12,"key":"REST"},{"data":"Armaments","floor":15,"key":"SMITH"}],"neow_cost":"CURSE","seed_source_timestamp":2079481416269535,"circlet_count":0,"master_deck":["AscendersBane","Strike_R","Strike_R","Strike_R","Strike_R","Strike_R","Defend_R","Defend_R","Defend_R","Defend_R","Bash","Cleave","Panacea+1","Thunderclap","Clothesline","Armaments+1","Cleave","Shockwave"],"relics":["Burning Blood","Lee\u0027s Waffle","Tiny Chest","Ancient Tea Set","Ornamental Fan","Bottled Lightning"],"potions_floor_usage":[6,8,8,13],"damage_taken":[{"damage":21,"enemies":"Cultist","floor":1,"turns":4},{"damage":7,"enemies":"2 Louse","floor":2,"turns":3},{"damage":0,"enemies":"Small Slimes","floor":4,"turns":3},{"damage":21,"enemies":"Looter","floor":5,"turns":4},{"damage":45,"enemies":"3 Sentries","floor":6,"turns":9},{"damage":52,"enemies":"Gremlin Nob","floor":8,"turns":6},{"damage":21,"enemies":"3 Sentries","floor":13,"turns":6},{"damage":25,"enemies":"Hexaghost","floor":16,"turns":9}],"seed_played":"2802331134054453915","potions_obtained":[{"floor":4,"key":"BloodPotion"},{"floor":5,"key":"EntropicBrew"},{"floor":6,"key":"Swift Potion"}],"is_trial":false,"path_per_floor":["M","M","$","M","M","E","R","E","T","$","?","R","E","?","R","B"],"character_chosen":"IRONCLAD","items_purchased":["Lee\u0027s Waffle","Panacea"],"campfire_rested":1,"item_purchase_floors":[3,3],"current_hp_per_floor":[57,56,87,87,72,41,41,14,14,14,14,40,25,25,25,0],"gold":196,"neow_bonus":"TWO_FIFTY_GOLD","is_prod":false,"is_daily":false,"chose_seed":false,"campfire_upgraded":2,"win_rate":0,"timestamp":1552355568,"path_taken":["M","?","$","M","M","E","R","E","T","$","?","R","E","?","R","BOSS"],"build_version":"2019-01-23","purchased_purges":1,"victory":false,"max_hp_per_floor":[80,80,87,87,87,87,87,87,87,87,87,87,87,87,87,87],"card_choices":[{"not_picked":["True Grit","Sword Boomerang","Havoc"],"picked":"SKIP","floor":1},{"not_picked":["Heavy Blade","Searing Blow"],"picked":"Cleave","floor":2},{"not_picked":["Twin Strike","Ghostly Armor"],"picked":"Thunderclap","floor":4},{"not_picked":["Evolve","Wild Strike"],"picked":"Clothesline","floor":5},{"not_picked":["Cleave","Reckless Charge"],"picked":"Armaments","floor":6},{"not_picked":["Brutality","Metallicize"],"picked":"Cleave","floor":8},{"not_picked":["Anger","Sword Boomerang"],"picked":"Shockwave","floor":13}],"player_experience":358496,"relics_obtained":[{"floor":6,"key":"Tiny Chest"},{"floor":8,"key":"Ancient Tea Set"},{"floor":9,"key":"Ornamental Fan"},{"floor":13,"key":"Bottled Lightning"}],"event_choices":[{"damage_healed":0,"gold_gain":30,"player_choice":"Searched \u00271\u0027 times","damage_taken":0,"max_hp_gain":0,"max_hp_loss":0,"event_name":"Dead Adventurer","floor":11,"gold_loss":0},{"damage_healed":0,"gold_gain":0,"player_choice":"Ignored","damage_taken":0,"max_hp_gain":0,"max_hp_loss":0,"event_name":"Shining Light","floor":14,"gold_loss":0}],"is_beta":false,"boss_relics":[],"items_purged_floors":[3],"is_endless":false,"potions_floor_spawned":[4,5,6],"killed_by":"Hexaghost","ascension_level":11}