{"gold_per_floor":[109,259,334,344,369,369,396,396,421,447,447,447,466,489,489,489],"floor_reached":16,"playtime":542,"items_purged":[],"score":194,"play_id":"f6b0df80-231b-4ae2-9f0d-0649b56cb227","local_time":"20190512114849","is_ascension_mode":true,"campfire_choices":[{"data":"Zap","floor":6,"key":"SMITH"},{"floor":8,"key":"REST"},{"floor":12,"key":"REST"},{"floor":15,"key":"REST"}],"neow_cost":"TEN_PERCENT_HP_LOSS","seed_source_timestamp":41793715037572,"circlet_count":0,"master_deck":["AscendersBane","Strike_B","Strike_B","Strike_B","Strike_B","Defend_B","Defend_B","Defend_B","Defend_B","Zap+1","Dualcast","All For One","White Noise","Doubt","Go for the Eyes","FTL","Scrape","Turbo","Sweeping Beam"],"relics":["Cracked Core","Oddly Smooth Stone","Strawberry","Ancient Tea Set","Bag of Marbles","Golden Idol"],"potions_floor_usage":[10],"damage_taken":[{"damage":11,"enemies":"Small Slimes","floor":1,"turns":3},{"damage":14,"enemies":"Jaw Worm","floor":4,"turns":3},{"damage":24,"enemies":"3 Sentries","floor":7,"turns":8},{"damage":17,"enemies":"Lagavulin","floor":10,"turns":5},{"damage":0,"enemies":"Cultist","floor":13,"turns":2},{"damage":8,"enemies":"Gremlin Gang","floor":14,"turns":6},{"damage":46,"enemies":"The Guardian","floor":16,"turns":10}],"seed_played":"-3255150658140270561","potions_obtained":[{"floor":4,"key":"Poison Potion"},{"floor":10,"key":"SpeedPotion"},{"floor":14,"key":"SpeedPotion"}],"is_trial":false,"path_per_floor":["M","?","?","M","T","R","E","R","T","E","?","R","M","M","R","B"],"character_chosen":"DEFECT","items_purchased":[],"campfire_rested":3,"item_purchase_floors":[],"current_hp_per_floor":[53,53,42,28,28,28,11,32,32,15,15,34,34,26,45,0],"gold":489,"neow_bonus":"THREE_RARE_CARDS","is_prod":false,"is_daily":false,"chose_seed":false,"campfire_upgraded":1,"win_rate":0,"timestamp":1557686929,"path_taken":["M","?","?","M","?","R","E","R","T","E","?","R","M","?","R","BOSS"],"build_version":"2019-01-23","purchased_purges":0,"victory":false,"max_hp_per_floor":[64,64,64,64,64,64,71,71,71,71,64,64,64,64,64,64],"card_choices":[{"not_picked":["Rainbow","Buffer"],"picked":"All For One","floor":0},{"not_picked":["Redo","Conserve Battery"],"picked":"White Noise","floor":1},{"not_picked":["Double Energy","Doom and Gloom"],"picked":"Go for the Eyes","floor":4},{"not_picked":["Capacitor","Hologram"],"picked":"FTL","floor":7},{"not_picked":["Multi-Cast","Go for the Eyes"],"picked":"Scrape","floor":10},{"not_picked":["Sweeping Beam","Barrage"],"picked":"Turbo","floor":13},{"not_picked":["Double Energy","Rebound"],"picked":"Sweeping Beam","floor":14}],"player_experience":924770,"relics_obtained":[{"floor":5,"key":"Oddly Smooth Stone"},{"floor":7,"key":"Strawberry"},{"floor":9,"key":"Ancient Tea Set"},{"floor":10,"key":"Bag of Marbles"}],"event_choices":[{"damage_healed":0,"gold_gain":150,"player_choice":"AGREE","damage_taken":0,"max_hp_gain":0,"max_hp_loss":0,"event_name":"Liars Game","floor":2,"gold_loss":0,"cards_obtained":["Doubt"]},{"damage_healed":0,"gold_gain":75,"player_choice":"Gather Gold","damage_taken":11,"max_hp_gain":0,"max_hp_loss":0,"event_name":"World of Goop","floor":3,"gold_loss":0},{"damage_healed":0,"gold_gain":0,"player_choice":"Lose Max HP","damage_taken":0,"relics_obtained":["Golden Idol"],"max_hp_gain":0,"max_hp_loss":7,"event_name":"Golden Idol","floor":11,"gold_loss":0}],"is_beta":false,"boss_relics":[],"items_purged_floors":[],"is_endless":false,"potions_floor_spawned":[4,10,14],"killed_by":"The Guardian","ascension_level":16}