{"gold_per_floor":[117,117,117,42,42,72,84,100,100,100,175,100,134,145,145,145],"floor_reached":16,"playtime":322,"items_purged":["Pain"],"score":266,"play_id":"ed046214-d890-4760-9344-af02fcc74120","local_time":"20190626084003","is_ascension_mode":true,"campfire_choices":[{"data":"Crippling Poison","floor":10,"key":"SMITH"},{"data":"All Out Attack","floor":15,"key":"SMITH"}],"neow_cost":"NONE","seed_source_timestamp":393609342865253,"circlet_count":0,"master_deck":["AscendersBane","Defend_G","Defend_G","Defend_G","Defend_G","Defend_G","Strike_G","Strike_G","Strike_G","Strike_G","Survivor","Neutralize","Dagger Spray","Deadly Poison","Crippling Poison+1","All Out Attack+1","Cloak And Dagger","Escape Plan"],"relics":["Ring of the Snake","NeowsBlessing","WarpedTongs","Tingsha","Bottled Flame","Bottled Lightning"],"potions_floor_usage":[13,16],"damage_taken":[{"damage":0,"enemies":"Cultist","floor":1,"turns":1},{"damage":0,"enemies":"Gremlin Nob","floor":6,"turns":1},{"damage":0,"enemies":"Jaw Worm","floor":7,"turns":1},{"damage":0,"enemies":"2 Louse","floor":8,"turns":2},{"damage":2,"enemies":"Lagavulin","floor":13,"turns":5},{"damage":0,"enemies":"2 Fungi Beasts","floor":14,"turns":3},{"damage":53,"enemies":"Slime Boss","floor":16,"turns":11}],"seed_played":"9006433973493428215","potions_obtained":[{"floor":6,"key":"Poison Potion"},{"floor":13,"key":"Dexterity Potion"}],"is_trial":false,"path_per_floor":["M","$","?","$","$","E","M","M","T","R","?","?","E","M","R","B"],"character_chosen":"THE_SILENT","items_purchased":[],"campfire_rested":0,"item_purchase_floors":[],"current_hp_per_floor":[59,59,59,59,59,59,59,59,59,59,48,48,46,46,46,0],"gold":145,"neow_bonus":"THREE_ENEMY_KILL","is_prod":false,"is_daily":false,"chose_seed":false,"campfire_upgraded":2,"win_rate":0,"timestamp":1561552803,"path_taken":["M","$","?","?","$","E","?","M","T","R","?","?","E","M","R","BOSS"],"build_version":"2019-01-23","purchased_purges":1,"victory":false,"max_hp_per_floor":[66,66,66,66,66,66,66,66,66,66,66,66,66,66,66,66],"card_choices":[{"not_picked":["Caltrops","Slice"],"picked":"Dagger Spray","floor":1},{"not_picked":["Bouncing Flask","Dagger Spray"],"picked":"Deadly Poison","floor":6},{"not_picked":["Bouncing Flask","PiercingWail"],"picked":"Crippling Poison","floor":7},{"not_picked":["Prepared","Dodge and Roll"],"picked":"All Out Attack","floor":8},{"not_picked":["Deflect","Phantasmal Killer"],"picked":"Cloak And Dagger","floor":13},{"not_picked":["Underhanded Strike","Concentrate"],"picked":"Escape Plan","floor":14}],"player_experience":976287,"relics_obtained":[{"floor":6,"key":"Tingsha"},{"floor":9,"key":"Bottled Flame"},{"floor":13,"key":"Bottled Lightning"}],"event_choices":[{"damage_healed":0,"gold_gain":0,"player_choice":"Rummage","damage_taken":0,"relics_obtained":["WarpedTongs"],"max_hp_gain":0,"max_hp_loss":0,"event_name":"Accursed Blacksmith","floor":3,"gold_loss":0,"cards_obtained":["Pain"]},{"damage_healed":0,"gold_gain":75,"player_choice":"Gather Gold","damage_taken":11,"max_hp_gain":0,"max_hp_loss":0,"event_name":"World of Goop","floor":11,"gold_loss":0},{"cards_removed":["Strike_G"],"damage_healed":0,"gold_gain":0,"player_choice":"Card Removal","damage_taken":0,"max_hp_gain":0,"max_hp_loss":0,"event_name":"The Cleric","floor":12,"gold_loss":75}],"is_beta":false,"boss_relics":[],"items_purged_floors":[4],"is_endless":false,"potions_floor_spawned":[6,13],"killed_by":"Slime Boss","ascension_level":20}