{"gold_per_floor":[118,118,118,118,118,144,144,176,176,191,191,205,134,162,162,263,263,279,554,567,567],"floor_reached":21,"playtime":484,"items_purged":[],"score":380,"play_id":"f41d84cf-3b7e-4622-af3c-14e67c514c71","local_time":"20190312222359","is_ascension_mode":true,"campfire_choices":[{"data":"Bash","floor":7,"key":"SMITH"},{"data":"Rupture","floor":15,"key":"SMITH"}],"neow_cost":"NONE","seed_source_timestamp":2167866164346833,"circlet_count":0,"master_deck":["AscendersBane","Strike_R","Strike_R","Strike_R","Defend_R","Defend_R","Defend_R","Defend_R","Bash+1","Thunderclap","Iron Wave","Pommel Strike","Cleave","Rupture+1","Demon Form","Combust+1","Regret","Shrug It Off+1"],"relics":["Burning Blood","NeowsBlessing","Mercury Hourglass","Potion Belt","Strawberry","Sundial","Bronze Scales","Black Star"],"potions_floor_usage":[16,21],"damage_taken":[{"damage":0,"enemies":"Jaw Worm","floor":1,"turns":1},{"damage":0,"enemies":"Lagavulin","floor":6,"turns":2},{"damage":0,"enemies":"3 Sentries","floor":8,"turns":1},{"damage":7,"enemies":"2 Louse","floor":10,"turns":3},{"damage":0,"enemies":"Cultist","floor":12,"turns":2},{"damage":19,"enemies":"Gremlin Nob","floor":14,"turns":4},{"damage":75,"enemies":"Hexaghost","floor":16,"turns":10},{"damage":18,"enemies":"3 Byrds","floor":18,"turns":2},{"damage":31,"enemies":"Shell Parasite","floor":20,"turns":5},{"damage":33,"enemies":"3 Cultists","floor":21,"turns":3}],"seed_played":"4831928187577804447","potions_obtained":[{"floor":6,"key":"Regen Potion"},{"floor":12,"key":"Swift Potion"}],"is_trial":false,"path_per_floor":["M","$","?","?","?","E","R","E","T","M","$","M","$","E","R","B",null,"M","?","M","M"],"character_chosen":"IRONCLAD","items_purchased":["Rupture"],"campfire_rested":0,"item_purchase_floors":[13],"current_hp_per_floor":[78,78,75,68,68,74,74,87,87,86,86,87,87,74,74,20,70,58,58,33,0],"gold":567,"neow_bonus":"THREE_ENEMY_KILL","is_prod":false,"is_daily":false,"chose_seed":false,"campfire_upgraded":2,"win_rate":0,"timestamp":1552443839,"path_taken":["M","$","?","?","?","E","R","E","T","M","$","?","$","E","R","BOSS","M","?","?","M"],"build_version":"2019-01-23","purchased_purges":0,"victory":false,"max_hp_per_floor":[80,80,80,80,80,80,80,87,87,87,87,87,87,87,87,87,87,87,87,87,87],"card_choices":[{"not_picked":["Dual Wield","True Grit"],"picked":"Thunderclap","floor":1},{"not_picked":["Havoc","Twin Strike"],"picked":"Iron Wave","floor":6},{"not_picked":["Fiend Fire","Fire Breathing","Corruption"],"picked":"SKIP","floor":8},{"not_picked":["Wild Strike","Headbutt"],"picked":"Pommel Strike","floor":10},{"not_picked":["Iron Wave","Metallicize"],"picked":"Cleave","floor":12},{"not_picked":["Fire Breathing","Entrench","True Grit"],"picked":"SKIP","floor":14},{"not_picked":["Reaper","Feed"],"picked":"Demon Form","floor":16},{"not_picked":["Anger","Corruption"],"picked":"Combust+1","floor":18},{"not_picked":["Clash","Perfected Strike"],"picked":"Shrug It Off+1","floor":20}],"player_experience":369226,"relics_obtained":[{"floor":6,"key":"Potion Belt"},{"floor":8,"key":"Strawberry"},{"floor":9,"key":"Sundial"},{"floor":14,"key":"Bronze Scales"}],"event_choices":[{"damage_healed":0,"gold_gain":0,"player_choice":"Success","damage_taken":3,"relics_obtained":["Mercury Hourglass"],"max_hp_gain":0,"max_hp_loss":0,"event_name":"Scrap Ooze","floor":3,"gold_loss":0},{"cards_removed":["Strike_R"],"damage_healed":0,"gold_gain":0,"player_choice":"Card Removal","damage_taken":7,"max_hp_gain":0,"max_hp_loss":0,"event_name":"Golden Wing","floor":4,"gold_loss":0},{"cards_removed":["Strike_R"],"damage_healed":0,"gold_gain":0,"player_choice":"Offered Basic","damage_taken":0,"max_hp_gain":0,"max_hp_loss":0,"event_name":"Bonfire Elementals","floor":5,"gold_loss":0},{"damage_healed":0,"gold_gain":275,"player_choice":"Desecrate","damage_taken":0,"max_hp_gain":0,"max_hp_loss":0,"event_name":"Golden Shrine","floor":19,"gold_loss":0,"cards_obtained":["Regret"]}],"is_beta":false,"boss_relics":[{"not_picked":["Pandora\u0027s Box","Snecko Eye"],"picked":"Black Star"}],"items_purged_floors":[],"is_endless":false,"potions_floor_spawned":[6,12],"killed_by":"3 Cultists","ascension_level":11}