{"gold_per_floor":[114,133,152,168,180,180,212,212,261,279,279,279,3,15,15,115,115,133,151,151,151,76,76,76],"floor_reached":24,"playtime":1313,"items_purged":["Defend_G"],"score":238,"play_id":"5fd77531-4a20-4ca3-b447-88b1885a7aa9","local_time":"20190619222026","is_ascension_mode":true,"campfire_choices":[{"floor":6,"key":"REST"},{"floor":8,"key":"REST"},{"data":"Footwork","floor":15,"key":"SMITH"},{"floor":23,"key":"REST"}],"neow_cost":"NONE","seed_source_timestamp":15678429128250,"circlet_count":0,"master_deck":["Defend_G+1","Defend_G","Defend_G+1","Defend_G","Strike_G","Strike_G","Strike_G","Strike_G","Strike_G","Survivor","Neutralize","Endless Agony","Dagger Spray","Tactician","Slice","Glass Knife+1","Quick Slash","Footwork+1","Backflip","PiercingWail","Terror","Glass Knife","Endless Agony","Decay"],"relics":["HoveringKite","Dodecahedron","War Paint","Eternal Feather"],"potions_floor_usage":[3,4,14,14,16,24,24],"damage_taken":[{"damage":9,"enemies":"2 Louse","floor":1,"turns":3},{"damage":4,"enemies":"Jaw Worm","floor":2,"turns":4},{"damage":0,"enemies":"Cultist","floor":3,"turns":3},{"damage":5,"enemies":"Large Slime","floor":4,"turns":7},{"damage":12,"enemies":"Exordium Wildlife","floor":5,"turns":5},{"damage":34,"enemies":"Gremlin Nob","floor":7,"turns":5},{"damage":0,"enemies":"Blue Slaver","floor":10,"turns":3},{"damage":0,"enemies":"2 Fungi Beasts","floor":14,"turns":3},{"damage":30,"enemies":"Hexaghost","floor":16,"turns":8},{"damage":11,"enemies":"2 Thieves","floor":18,"turns":4},{"damage":17,"enemies":"Shell Parasite","floor":19,"turns":6},{"damage":33,"enemies":"Colosseum Slavers","floor":21,"turns":5},{"damage":70,"enemies":"Gremlin Leader","floor":24,"turns":4}],"seed_played":"-1115153670747077406","potions_obtained":[{"floor":1,"key":"Fire Potion"},{"floor":3,"key":"Block Potion"},{"floor":10,"key":"EssenceOfSteel"},{"floor":16,"key":"LiquidBronze"}],"is_trial":false,"path_per_floor":["M","M","M","M","M","R","E","R","T","M","?","?","$","M","R","B",null,"M","M","?","?","$","R","E"],"character_chosen":"THE_SILENT","items_purchased":["Backflip","Swift Potion","Strength Potion","PiercingWail","Regen Potion"],"campfire_rested":3,"item_purchase_floors":[13,13,13,13,22],"current_hp_per_floor":[61,57,57,52,40,61,27,48,48,48,48,48,48,48,48,18,70,59,42,42,9,9,42,0],"gold":76,"neow_bonus":"BOSS_RELIC","is_prod":false,"is_daily":false,"chose_seed":false,"campfire_upgraded":1,"win_rate":0,"timestamp":1561008026,"path_taken":["M","M","M","M","M","R","E","R","T","M","?","?","$","M","R","BOSS","M","M","?","?","$","R","E"],"build_version":"2019-01-23","purchased_purges":1,"victory":false,"max_hp_per_floor":[70,70,70,70,70,70,70,70,70,70,70,70,70,70,70,70,70,70,70,70,70,70,70,70],"card_choices":[{"not_picked":["Prepared","Noxious Fumes"],"picked":"Endless Agony","floor":1},{"not_picked":["Setup","Deadly Poison"],"picked":"Dagger Spray","floor":2},{"not_picked":["Dash","Heel Hook"],"picked":"Tactician","floor":3},{"not_picked":["Dodge and Roll","Cloak And Dagger"],"picked":"Slice","floor":4},{"not_picked":["Bane","Dagger Spray"],"picked":"Glass Knife","floor":5},{"not_picked":["All Out Attack","Cloak And Dagger"],"picked":"Quick Slash","floor":7},{"not_picked":["Prepared","Masterful Stab"],"picked":"Footwork","floor":10},{"not_picked":["Flechettes","Prepared"],"picked":"Terror","floor":14},{"not_picked":["Die Die Die","Bullet Time"],"picked":"Glass Knife","floor":16},{"not_picked":["Deflect+1","Catalyst","Dagger Spray"],"picked":"SKIP","floor":18},{"not_picked":["PiercingWail","Deadly Poison"],"picked":"Endless Agony","floor":19}],"player_experience":441996,"relics_obtained":[{"floor":7,"key":"Dodecahedron"},{"floor":9,"key":"War Paint"}],"event_choices":[{"damage_healed":0,"gold_gain":0,"player_choice":"Fled","damage_taken":0,"max_hp_gain":0,"max_hp_loss":0,"event_name":"Scrap Ooze","floor":11,"gold_loss":0},{"damage_healed":0,"gold_gain":0,"player_choice":"Grow","damage_taken":0,"max_hp_gain":0,"max_hp_loss":0,"event_name":"Living Wall","floor":12,"gold_loss":0,"cards_upgraded":["Glass Knife"]},{"damage_healed":0,"gold_gain":0,"player_choice":"Smashed Altar","damage_taken":0,"max_hp_gain":0,"max_hp_loss":0,"event_name":"Forgotten Altar","floor":20,"gold_loss":0,"cards_obtained":["Decay"]},{"damage_healed":0,"gold_gain":0,"player_choice":"Fight","damage_taken":0,"max_hp_gain":0,"max_hp_loss":0,"event_name":"Colosseum","floor":21,"gold_loss":0},{"damage_healed":0,"gold_gain":0,"player_choice":"Fled From Nobs","damage_taken":0,"max_hp_gain":0,"max_hp_loss":0,"event_name":"Colosseum","floor":21,"gold_loss":0}],"is_beta":false,"boss_relics":[{"not_picked":["White Beast Statue","Fusion Hammer"],"picked":"Eternal Feather"}],"items_purged_floors":[13],"is_endless":false,"potions_floor_spawned":[1,3,10,16,21],"killed_by":"Gremlin Leader","ascension_level":4}