{"gold_per_floor":[117,129,129,304,319,353,353,397,478,478,512,512,82,32,32,162,162,182,67,67,67,87,118,131,151,175,187,242,254,17,17,17,119,119,134,134,134,134,146,146,0,0,0,0,0,0,0,0,0,0],"floor_reached":51,"playtime":1986,"items_purged":["Doubt","Strike_B"],"score":839,"play_id":"996a1bcd-1278-4f32-ab1a-d45ae74b9ee9","local_time":"20190204151853","is_ascension_mode":true,"campfire_choices":[{"data":"Zap","floor":7,"key":"SMITH"},{"floor":10,"key":"REST"},{"floor":12,"key":"REST"},{"data":"Apotheosis","floor":15,"key":"SMITH"},{"floor":27,"key":"REST"},{"floor":32,"key":"REST"},{"floor":40,"key":"REST"},{"floor":42,"key":"REST"},{"floor":49,"key":"RECALL"}],"neow_cost":"NONE","seed_source_timestamp":367967103345463,"circlet_count":0,"master_deck":["Strike_B+1","Strike_B+1","Strike_B+1","Defend_B+1","Defend_B+1","Defend_B+1","Defend_B+1","Zap+1","Dualcast+1","Streamline+1","Conserve Battery+1","BootSequence+1","Chaos+1","Turbo+1","Loop+1","Apotheosis+1","Self Repair+1","Electrodynamics+1","Capacitor+1","Capacitor+1","Darkness+1","RitualDagger+1","Redo+1","Streamline+1","Stack+1","Glacier+1","Auto Shields+1","Self Repair+1","Streamline+1","Rainbow+1","Sweeping Beam+1","Madness+1","Madness+1","Mind Blast+1","Mind Blast+1","Secret Weapon+1","Redo+1","White Noise+1","Sunder+1"],"relics":["Cracked Core","Strawberry","Bloody Idol","StoneCalendar","Art of War","Bottled Flame","Centennial Puzzle","Blood Vial","Black Star","Dream Catcher","Juzu Bracelet","MawBank","Anchor","Cables","War Paint","Lizard Tail","WarpedTongs","Regal Pillow","Orichalcum","Mark of the Bloom","Red Mask"],"potions_floor_usage":[6,11,11,11,11,16,23,23,28,33,50],"damage_taken":[{"damage":4,"enemies":"2 Louse","floor":1,"turns":2},{"damage":10,"enemies":"Small Slimes","floor":2,"turns":2},{"damage":1,"enemies":"Cultist","floor":5,"turns":3},{"damage":18,"enemies":"Lagavulin","floor":6,"turns":6},{"damage":27,"enemies":"3 Sentries","floor":8,"turns":7},{"damage":14,"enemies":"Lagavulin","floor":11,"turns":6},{"damage":10,"enemies":"The Guardian","floor":16,"turns":9},{"damage":10,"enemies":"Spheric Guardian","floor":18,"turns":5},{"damage":18,"enemies":"2 Thieves","floor":22,"turns":3},{"damage":16,"enemies":"Gremlin Leader","floor":23,"turns":6},{"damage":23,"enemies":"Snake Plant","floor":24,"turns":4},{"damage":31,"enemies":"Snecko","floor":25,"turns":7},{"damage":38,"enemies":"Slavers","floor":28,"turns":5},{"damage":38,"enemies":"Champ","floor":33,"turns":12},{"damage":25,"enemies":"3 Shapes","floor":35,"turns":6},{"damage":49,"enemies":"3 Darklings","floor":39,"turns":7},{"damage":45,"enemies":"Donu and Deca","floor":50,"turns":10}],"seed_played":"-1247679193404536942","potions_obtained":[{"floor":2,"key":"EntropicBrew"},{"floor":5,"key":"Fire Potion"},{"floor":6,"key":"Weak Potion"},{"floor":18,"key":"FearPotion"},{"floor":21,"key":"FairyPotion"},{"floor":21,"key":"PowerPotion"},{"floor":24,"key":"LiquidBronze"},{"floor":28,"key":"Strength Potion"},{"floor":33,"key":"EssenceOfSteel"},{"floor":35,"key":"Energy Potion"}],"is_trial":false,"path_per_floor":["M","M","?","?","M","E","R","E","T","R","E","R","$","?","R","B",null,"M","$","?","?","M","E","M","M","T","R","E","?","$","?","R","B",null,"M","?","?","?","M","R","$","R","T","?","$","?","?","?","R","B",null],"character_chosen":"DEFECT","items_purchased":["Apotheosis","Self Repair","Blood Vial","Capacitor","Darkness","War Paint","Regal Pillow"],"campfire_rested":6,"item_purchase_floors":[13,13,13,19,19,30,41],"current_hp_per_floor":[78,68,68,68,67,49,49,22,22,46,32,56,56,56,56,48,82,79,79,73,73,67,53,32,13,13,37,1,1,1,1,25,13,82,69,69,59,49,27,51,51,82,82,82,82,82,82,82,82,37],"gold":0,"neow_bonus":"RANDOM_COMMON_RELIC","is_prod":false,"is_daily":false,"chose_seed":false,"campfire_upgraded":2,"win_rate":0,"timestamp":1549311533,"path_taken":["M","M","?","?","M","E","R","E","T","R","E","R","$","?","R","BOSS","M","$","?","?","M","E","M","M","T","R","E","?","?","?","R","BOSS","M","?","?","?","M","R","$","R","T","?","$","?","?","?","R","BOSS"],"build_version":"2019-01-23","purchased_purges":2,"victory":true,"max_hp_per_floor":[82,82,82,82,82,82,82,82,82,82,82,82,82,82,82,82,82,82,82,82,82,82,82,82,82,82,82,82,82,82,82,82,82,82,82,82,82,82,82,82,82,82,82,82,82,82,82,82,82,82],"card_choices":[{"not_picked":["Go for the Eyes","Undo"],"picked":"Streamline","floor":1},{"not_picked":["Leap","Barrage"],"picked":"Conserve Battery","floor":2},{"not_picked":["Chill","Compile Driver"],"picked":"BootSequence","floor":5},{"not_picked":["Hologram","Recycle"],"picked":"Chaos","floor":6},{"not_picked":["Steam Power","Coolheaded"],"picked":"Turbo","floor":8},{"not_picked":["Beam Cell","Fission"],"picked":"Loop","floor":11},{"not_picked":["Creative AI","Multi-Cast"],"picked":"Electrodynamics","floor":16},{"not_picked":["Melter","Streamline"],"picked":"Capacitor","floor":18},{"not_picked":["Sweeping Beam","Streamline"],"picked":"Redo+1","floor":22},{"not_picked":["Fission","Aggregate+1"],"picked":"Streamline+1","floor":23},{"not_picked":["Barrage","Compile Driver+1"],"picked":"Lockon","floor":24},{"not_picked":["Hologram","Capacitor"],"picked":"Stack","floor":25},{"not_picked":["Go for the Eyes","Turbo"],"picked":"Glacier+1","floor":27},{"not_picked":["Beam Cell","Fusion"],"picked":"Auto Shields","floor":28},{"not_picked":["Fusion","Darkness"],"picked":"Streamline+1","floor":32},{"not_picked":["Hyperbeam","Creative AI"],"picked":"Rainbow","floor":33},{"not_picked":["Beam Cell","Steam Power"],"picked":"Sweeping Beam","floor":35},{"not_picked":["Secret Weapon","Deep Breath"],"picked":"Mind Blast","floor":38},{"not_picked":["Enlightenment","PanicButton"],"picked":"Mind Blast","floor":38},{"not_picked":["Flash of Steel","Enlightenment"],"picked":"Secret Weapon","floor":38},{"not_picked":["Streamline","Melter"],"picked":"Redo+1","floor":39},{"not_picked":["Consume+1","Rebound"],"picked":"White Noise+1","floor":40},{"not_picked":["Sweeping Beam+1","Steam"],"picked":"Sunder+1","floor":42}],"player_experience":153696,"relics_obtained":[{"floor":6,"key":"StoneCalendar"},{"floor":8,"key":"Art of War"},{"floor":9,"key":"Bottled Flame"},{"floor":11,"key":"Centennial Puzzle"},{"floor":23,"key":"Dream Catcher"},{"floor":23,"key":"Juzu Bracelet"},{"floor":26,"key":"MawBank"},{"floor":28,"key":"Anchor"},{"floor":28,"key":"Cables"},{"floor":43,"key":"Orichalcum"}],"event_choices":[{"damage_healed":0,"gold_gain":0,"player_choice":"Take Wound","damage_taken":0,"relics_obtained":["Golden Idol"],"max_hp_gain":0,"max_hp_loss":0,"event_name":"Golden Idol","floor":3,"gold_loss":0,"cards_obtained":["Injury"]},{"damage_healed":0,"gold_gain":175,"player_choice":"AGREE","damage_taken":0,"max_hp_gain":0,"max_hp_loss":0,"event_name":"Liars Game","floor":4,"gold_loss":0,"cards_obtained":["Doubt"]},{"cards_removed":["Injury"],"damage_healed":0,"gold_gain":0,"player_choice":"Card Removal","damage_taken":0,"max_hp_gain":0,"max_hp_loss":0,"event_name":"The Cleric","floor":14,"gold_loss":50},{"damage_healed":0,"gold_gain":0,"player_choice":"Joined the Cult","damage_taken":6,"max_hp_gain":0,"max_hp_loss":0,"event_name":"Nest","floor":20,"gold_loss":0,"cards_obtained":["RitualDagger"]},{"damage_healed":0,"gold_gain":0,"player_choice":"Got Potions","damage_taken":0,"max_hp_gain":0,"max_hp_loss":0,"event_name":"Lab","floor":21,"gold_loss":0},{"damage_healed":0,"gold_gain":0,"player_choice":"Copied","damage_taken":0,"max_hp_gain":0,"max_hp_loss":0,"event_name":"Duplicator","floor":29,"gold_loss":0,"cards_obtained":["Self Repair"]},{"damage_healed":0,"gold_gain":0,"player_choice":"Gave Idol","damage_taken":0,"relics_obtained":["Bloody Idol"],"max_hp_gain":0,"max_hp_loss":0,"event_name":"Forgotten Altar","floor":31,"relics_lost":["Golden Idol"],"gold_loss":0},{"damage_healed":0,"gold_gain":0,"player_choice":"Rummage","damage_taken":0,"relics_obtained":["WarpedTongs"],"max_hp_gain":0,"max_hp_loss":0,"event_name":"Accursed Blacksmith","floor":36,"gold_loss":0,"cards_obtained":["Pain"]},{"damage_healed":0,"gold_gain":0,"player_choice":"Embrace Madness","damage_taken":10,"max_hp_gain":0,"max_hp_loss":0,"event_name":"Winding Halls","floor":37,"gold_loss":0,"cards_obtained":["Madness","Madness"]},{"damage_healed":0,"gold_gain":0,"player_choice":"Memory 3","damage_taken":10,"max_hp_gain":0,"max_hp_loss":0,"event_name":"SensoryStone","floor":38,"gold_loss":0},{"damage_healed":0,"gold_gain":0,"player_choice":"Upgrade","damage_taken":0,"relics_obtained":["Mark of the Bloom"],"max_hp_gain":0,"max_hp_loss":0,"event_name":"MindBloom","floor":44,"gold_loss":0,"cards_upgraded":["Strike_B","Strike_B","Strike_B","Defend_B","Defend_B","Defend_B","Defend_B","Streamline","Conserve Battery","BootSequence","Chaos","Turbo","Loop","Self Repair","Electrodynamics","Capacitor","Capacitor","Darkness","RitualDagger","Lockon","Stack","Self Repair","Rainbow","Sweeping Beam","Madness","Madness","Mind Blast","Mind Blast","Secret Weapon"]},{"cards_removed":["Lockon"],"damage_healed":0,"gold_gain":0,"player_choice":"Removed Attack","damage_taken":0,"max_hp_gain":0,"max_hp_loss":0,"event_name":"Falling","floor":46,"gold_loss":0},{"cards_removed":["Pain"],"damage_healed":0,"gold_gain":0,"player_choice":"Removed Curses","damage_taken":0,"max_hp_gain":0,"max_hp_loss":0,"event_name":"Fountain of Cleansing","floor":47,"gold_loss":0},{"damage_healed":0,"gold_gain":0,"player_choice":"Paid","damage_taken":0,"relics_obtained":["Red Mask"],"max_hp_gain":0,"max_hp_loss":0,"event_name":"Tomb of Lord Red Mask","floor":48,"gold_loss":0}],"is_beta":false,"boss_relics":[{"not_picked":["Snecko Eye","Orrery"],"picked":"Black Star"},{"not_picked":["Empty Cage","Inserter"],"picked":"Lizard Tail"}],"items_purged_floors":[13,30],"is_endless":false,"potions_floor_spawned":[2,5,6,18,24,28,33,35],"ascension_level":3}