{"gold_per_floor":[18,33,45,60,60,86,166,166,192,192,225,249,276,304,316,423,435,467,499,511],"floor_reached":20,"playtime":1656,"items_purged":[],"score":213,"play_id":"05e4513b-f292-42ee-a65d-e565e29ddc7e","local_time":"20190429091748","is_ascension_mode":false,"campfire_choices":[{"data":"Searing Blow","floor":8,"key":"SMITH"},{"floor":10,"key":"REST"},{"data":"Pommel Strike","floor":15,"key":"SMITH"}],"neow_cost":"NO_GOLD","seed_source_timestamp":85174093488429,"circlet_count":0,"master_deck":["Strike_R","Strike_R+1","Strike_R","Strike_R","Defend_R","Defend_R","Defend_R","Bash","Headbutt","Cleave+1","Iron Wave","Searing Blow+1","Pommel Strike+1","Uppercut","Feed","Cleave"],"relics":["Burning Blood","Bottled Flame","Tiny Chest","Strawberry","MawBank","Empty Cage"],"potions_floor_usage":[6,6,13,16,20,20],"damage_taken":[{"damage":5,"enemies":"Cultist","floor":1,"turns":4},{"damage":6,"enemies":"Jaw Worm","floor":2,"turns":4},{"damage":0,"enemies":"Small Slimes","floor":3,"turns":3},{"damage":10,"enemies":"Looter","floor":4,"turns":3},{"damage":23,"enemies":"Gremlin Nob","floor":6,"turns":4},{"damage":18,"enemies":"3 Sentries","floor":11,"turns":6},{"damage":0,"enemies":"3 Louse","floor":12,"turns":2},{"damage":7,"enemies":"Exordium Thugs","floor":13,"turns":4},{"damage":0,"enemies":"2 Fungi Beasts","floor":14,"turns":2},{"damage":74,"enemies":"The Guardian","floor":16,"turns":17},{"damage":32,"enemies":"3 Byrds","floor":18,"turns":6},{"damage":20,"enemies":"Chosen","floor":19,"turns":4},{"damage":69,"enemies":"Centurion and Healer","floor":20,"turns":9}],"seed_played":"6213709808872829378","potions_obtained":[{"floor":3,"key":"SteroidPotion"},{"floor":4,"key":"Poison Potion"},{"floor":11,"key":"Fire Potion"},{"floor":14,"key":"Weak Potion"},{"floor":16,"key":"Swift Potion"},{"floor":18,"key":"Poison Potion"},{"floor":19,"key":"PowerPotion"}],"is_trial":false,"path_per_floor":["M","M","M","M","?","E","T","R","T","R","E","M","M","M","R","B",null,"M","M","M"],"character_chosen":"IRONCLAD","items_purchased":[],"campfire_rested":1,"item_purchase_floors":[],"current_hp_per_floor":[96,96,96,92,73,56,56,56,63,93,81,87,86,92,92,24,103,77,63,0],"gold":511,"neow_bonus":"TWENTY_PERCENT_HP_BONUS","is_prod":false,"is_daily":false,"chose_seed":false,"campfire_upgraded":2,"win_rate":0.0,"timestamp":1556554668,"path_taken":["M","M","M","M","?","E","?","R","T","R","E","M","M","M","R","BOSS","M","M","M"],"build_version":"2019-01-23","purchased_purges":0,"victory":false,"max_hp_per_floor":[96,96,96,96,96,96,96,96,103,103,103,103,103,103,103,103,103,103,103,103],"card_choices":[{"not_picked":["Shrug It Off","Feel No Pain"],"picked":"Headbutt","floor":1},{"not_picked":["Twin Strike","Warcry"],"picked":"Cleave","floor":2},{"not_picked":["Rupture","Fire Breathing"],"picked":"Iron Wave","floor":3},{"not_picked":["Clash","Heavy Blade","True Grit"],"picked":"SKIP","floor":4},{"not_picked":["Dual Wield","Whirlwind"],"picked":"Searing Blow","floor":6},{"not_picked":["Infernal Blade","Sever Soul","Havoc"],"picked":"SKIP","floor":11},{"not_picked":["Sword Boomerang","Pummel","Clothesline"],"picked":"SKIP","floor":12},{"not_picked":["Berserk","Metallicize"],"picked":"Pommel Strike","floor":13},{"not_picked":["Wild Strike","Havoc"],"picked":"Uppercut","floor":14},{"not_picked":["Limit Break","Double Tap"],"picked":"Feed","floor":16},{"not_picked":["Shrug It Off+1","Thunderclap"],"picked":"Cleave","floor":18},{"not_picked":["Sentinel","Havoc+1","Entrench"],"picked":"SKIP","floor":19}],"player_experience":57095,"relics_obtained":[{"floor":6,"key":"Bottled Flame"},{"floor":7,"key":"Tiny Chest"},{"floor":9,"key":"Strawberry"},{"floor":11,"key":"MawBank"}],"event_choices":[{"damage_healed":0,"gold_gain":0,"player_choice":"Entered Light","damage_taken":19,"max_hp_gain":0,"max_hp_loss":0,"event_name":"Shining Light","floor":5,"gold_loss":0,"cards_upgraded":["Strike_R","Cleave"]}],"is_beta":false,"boss_relics":[{"not_picked":["Snecko Eye","Philosopher\u0027s Stone"],"picked":"Empty Cage"}],"items_purged_floors":[],"is_endless":false,"potions_floor_spawned":[3,4,11,14,16,18,19],"killed_by":"Centurion and Healer","ascension_level":0}