{"gold_per_floor":[361,66,86,98,98,98,141,141,141,141,156,192,192,210,210,210],"floor_reached":16,"playtime":622,"items_purged":[],"score":193,"play_id":"49d40f6c-5ac4-419e-94a2-372431dfa5d2","local_time":"20190503104800","is_ascension_mode":true,"campfire_choices":[{"data":"Limit Break","floor":6,"key":"SMITH"},{"data":"Iron Wave","floor":8,"key":"SMITH"},{"data":"Twin Strike","floor":10,"key":"SMITH"},{"data":"Whirlwind","floor":15,"key":"SMITH"}],"neow_cost":"PERCENT_DAMAGE","seed_source_timestamp":571085341632539,"circlet_count":0,"master_deck":["AscendersBane","Strike_R","Strike_R","Strike_R","Strike_R","Strike_R","Defend_R","Defend_R","Defend_R","Defend_R","Bash","Iron Wave+1","Limit Break+1","Twin Strike+1","Thunderclap","Whirlwind+1"],"relics":["Burning Blood","Champion Belt","Golden Idol","Meat on the Bone","Bronze Scales","Smiling Mask","The Courier"],"potions_floor_usage":[7,11,12],"damage_taken":[{"damage":0,"enemies":"Small Slimes","floor":1,"turns":3},{"damage":3,"enemies":"Jaw Worm","floor":3,"turns":4},{"damage":6,"enemies":"Cultist","floor":4,"turns":4},{"damage":20,"enemies":"Lagavulin","floor":7,"turns":7},{"damage":12,"enemies":"Large Slime","floor":11,"turns":4},{"damage":17,"enemies":"3 Sentries","floor":12,"turns":7},{"damage":0,"enemies":"3 Louse","floor":14,"turns":3},{"damage":86,"enemies":"The Guardian","floor":16,"turns":12}],"seed_played":"-1577591410227788731","potions_obtained":[{"floor":4,"key":"Strength Potion"},{"floor":7,"key":"GamblersBrew"},{"floor":11,"key":"AttackPotion"}],"is_trial":false,"path_per_floor":["M","$","M","M","?","R","E","R","T","R","M","E","T","M","R","B"],"character_chosen":"IRONCLAD","items_purchased":["Champion Belt"],"campfire_rested":0,"item_purchase_floors":[2],"current_hp_per_floor":[56,56,59,59,59,59,45,45,45,45,51,52,52,58,58,0],"gold":210,"neow_bonus":"TWO_FIFTY_GOLD","is_prod":false,"is_daily":false,"chose_seed":false,"campfire_upgraded":4,"win_rate":0,"timestamp":1556905680,"path_taken":["M","$","M","M","?","R","E","R","T","R","M","E","?","M","R","BOSS"],"build_version":"2019-01-23","purchased_purges":0,"victory":false,"max_hp_per_floor":[75,75,75,75,68,68,68,68,68,68,68,68,68,68,68,68],"card_choices":[{"not_picked":["Warcry","Clothesline"],"picked":"Iron Wave","floor":1},{"not_picked":["Armaments","Anger"],"picked":"Limit Break","floor":3},{"not_picked":["Clash","Sword Boomerang"],"picked":"Twin Strike","floor":4},{"not_picked":["Infernal Blade","Havoc","Perfected Strike"],"picked":"SKIP","floor":7},{"not_picked":["Searing Blow","Iron Wave"],"picked":"Thunderclap","floor":11},{"not_picked":["Thunderclap","Immolate"],"picked":"Whirlwind","floor":12},{"not_picked":["Clothesline","Rampage","Clash"],"picked":"SKIP","floor":14}],"player_experience":872305,"relics_obtained":[{"floor":7,"key":"Meat on the Bone"},{"floor":9,"key":"Bronze Scales"},{"floor":12,"key":"Smiling Mask"},{"floor":13,"key":"The Courier"}],"event_choices":[{"damage_healed":0,"gold_gain":0,"player_choice":"Lose Max HP","damage_taken":0,"relics_obtained":["Golden Idol"],"max_hp_gain":0,"max_hp_loss":7,"event_name":"Golden Idol","floor":5,"gold_loss":0}],"is_beta":false,"boss_relics":[],"items_purged_floors":[],"is_endless":false,"potions_floor_spawned":[4,7,11],"killed_by":"The Guardian","ascension_level":15}