{"gold_per_floor":[111,121,121,121,121,151,151,151,151,168,168,185,185,220,220,220],"floor_reached":16,"playtime":765,"items_purged":[],"score":130,"play_id":"7104af53-379f-4d46-ba2b-bc431765af45","local_time":"20190623015938","is_ascension_mode":true,"campfire_choices":[{"floor":8,"key":"REST"},{"floor":11,"key":"REST"},{"data":"Defend_R","floor":15,"key":"SMITH"}],"neow_cost":"NONE","seed_source_timestamp":3386403146137,"circlet_count":0,"master_deck":["Strike_R","Strike_R","Strike_R","Strike_R","Defend_R","Defend_R+1","Defend_R","Defend_R+1","Bash","Thunderclap","Body Slam+1","Iron Wave","True Grit+1","Shrug It Off+1","Shrug It Off+1"],"relics":["Burning Blood","Toxic Egg 2","Dodecahedron","Pen Nib"],"potions_floor_usage":[10,14],"damage_taken":[{"damage":2,"enemies":"2 Louse","floor":1,"turns":3},{"damage":0,"enemies":"Small Slimes","floor":2,"turns":2},{"damage":32,"enemies":"Gremlin Nob","floor":6,"turns":4},{"damage":7,"enemies":"Jaw Worm","floor":10,"turns":2},{"damage":4,"enemies":"2 Fungi Beasts","floor":12,"turns":3},{"damage":16,"enemies":"Lagavulin","floor":14,"turns":8},{"damage":80,"enemies":"Slime Boss","floor":16,"turns":15}],"seed_played":"-927881170176488972","potions_obtained":[{"floor":6,"key":"Energy Potion"},{"floor":12,"key":"Energy Potion"},{"floor":14,"key":"LiquidBronze"}],"is_trial":false,"path_per_floor":["M","M","?","$","?","E","?","R","T","M","R","M","?","E","R","B"],"character_chosen":"IRONCLAD","items_purchased":[],"campfire_rested":2,"item_purchase_floors":[],"current_hp_per_floor":[88,88,81,81,63,37,34,60,60,59,85,87,87,77,77,0],"gold":220,"neow_bonus":"TEN_PERCENT_HP_BONUS","is_prod":false,"is_daily":false,"chose_seed":false,"campfire_upgraded":1,"win_rate":0,"timestamp":1561280378,"path_taken":["M","M","?","$","?","E","?","R","T","M","R","?","?","E","R","BOSS"],"build_version":"2019-01-23","purchased_purges":0,"victory":false,"max_hp_per_floor":[88,88,88,88,88,88,88,88,88,88,88,88,88,88,88,88],"card_choices":[{"not_picked":["Sword Boomerang","Cleave"],"picked":"Thunderclap","floor":1},{"not_picked":["Corruption","Dual Wield"],"picked":"Body Slam","floor":2},{"not_picked":["Thunderclap","Clothesline"],"picked":"Iron Wave","floor":6},{"not_picked":["Intimidate+1","Spot Weakness+1"],"picked":"True Grit+1","floor":10},{"not_picked":["Clothesline","Perfected Strike"],"picked":"Shrug It Off+1","floor":12},{"not_picked":["Clothesline","Spot Weakness+1"],"picked":"Shrug It Off+1","floor":14}],"player_experience":478053,"relics_obtained":[{"floor":6,"key":"Toxic Egg 2"},{"floor":9,"key":"Dodecahedron"},{"floor":14,"key":"Pen Nib"}],"event_choices":[{"cards_removed":["Strike_R"],"damage_healed":0,"gold_gain":0,"player_choice":"Card Removal","damage_taken":7,"max_hp_gain":0,"max_hp_loss":0,"event_name":"Golden Wing","floor":3,"gold_loss":0},{"damage_healed":0,"gold_gain":0,"player_choice":"Entered Light","damage_taken":18,"max_hp_gain":0,"max_hp_loss":0,"event_name":"Shining Light","floor":5,"gold_loss":0,"cards_upgraded":["Defend_R","Body Slam"]},{"damage_healed":0,"gold_gain":0,"player_choice":"Fled","damage_taken":3,"max_hp_gain":0,"max_hp_loss":0,"event_name":"Scrap Ooze","floor":7,"gold_loss":0},{"damage_healed":0,"gold_gain":0,"player_choice":"Ignored","damage_taken":0,"max_hp_gain":0,"max_hp_loss":0,"event_name":"Liars Game","floor":13,"gold_loss":0}],"is_beta":false,"boss_relics":[],"items_purged_floors":[],"is_endless":false,"potions_floor_spawned":[6,12,14],"killed_by":"Slime Boss","ascension_level":4}