{"gold_per_floor":[116,116,116,131,156,191,205,218,241,241,279,293,331,331,331,461,461,461,461,282,282,131,131,131,131,131,131,131,131,131,131,131,131,131,131,131,54,54,54,54,54,54,54,54,54,54,54,54,54,54],"floor_reached":51,"playtime":3643,"items_purged":[],"score":994,"play_id":"3812360e-74b7-4ff6-b0eb-46837e96b6c4","local_time":"20190226165512","is_ascension_mode":true,"campfire_choices":[{"floor":10,"key":"REST"},{"floor":15,"key":"REST"},{"data":"Apotheosis","floor":23,"key":"SMITH"},{"data":"Wraith Form v2","floor":32,"key":"SMITH"},{"data":"After Image","floor":40,"key":"SMITH"},{"data":"Malaise","floor":42,"key":"SMITH"},{"data":"Well Laid Plans","floor":47,"key":"SMITH"},{"data":"Caltrops","floor":49,"key":"SMITH"}],"neow_cost":"NONE","seed_source_timestamp":938951608862262,"circlet_count":0,"master_deck":["Defend_G+1","Defend_G+1","Defend_G+1","Defend_G+1","Defend_G+1","Strike_G+1","Strike_G+1","Strike_G+1","Survivor","Neutralize","Panacea+1","Dagger Throw","PiercingWail","Poisoned Stab","Adrenaline","Masterful Stab","Well Laid Plans+1","Sucker Punch","Caltrops+1","Escape Plan","Dash","Swift Strike","Flying Knee","Blur","Wraith Form v2+1","Blur","Flying Knee+1","Apotheosis+1","Cloak And Dagger+1","Slice+1","Dagger Throw+1","Infinite Blades+1","Malaise+1","Flechettes+1","After Image+1","Dodge and Roll+1","Deflect+1","Blade Dance+1"],"relics":["Ring of the Snake","Golden Idol","Ninja Scroll","Dream Catcher","Blood Vial","Vajra","Ectoplasm","PreservedInsect","StoneCalendar","Boot","Philosopher\u0027s Stone","Omamori"],"potions_floor_usage":[6,11,16,18,33,33,35,41,50,50,50],"damage_taken":[{"damage":1,"enemies":"Jaw Worm","floor":1,"turns":6},{"damage":0,"enemies":"Cultist","floor":4,"turns":4},{"damage":0,"enemies":"Small Slimes","floor":5,"turns":4},{"damage":31,"enemies":"3 Sentries","floor":6,"turns":13},{"damage":5,"enemies":"3 Louse","floor":7,"turns":4},{"damage":0,"enemies":"Looter","floor":8,"turns":2},{"damage":0,"enemies":"Gremlin Nob","floor":11,"turns":2},{"damage":13,"enemies":"Gremlin Gang","floor":12,"turns":4},{"damage":26,"enemies":"3 Sentries","floor":13,"turns":9},{"damage":26,"enemies":"Hexaghost","floor":16,"turns":10},{"damage":5,"enemies":"Shell Parasite","floor":18,"turns":2},{"damage":0,"enemies":"Chosen","floor":19,"turns":4},{"damage":4,"enemies":"Book of Stabbing","floor":25,"turns":5},{"damage":8,"enemies":"Shelled Parasite and Fungi","floor":27,"turns":4},{"damage":0,"enemies":"Sentry and Sphere","floor":28,"turns":4},{"damage":0,"enemies":"3 Cultists","floor":29,"turns":5},{"damage":0,"enemies":"Snake Plant","floor":30,"turns":3},{"damage":0,"enemies":"Centurion and Healer","floor":31,"turns":4},{"damage":28,"enemies":"Champ","floor":33,"turns":9},{"damage":0,"enemies":"Orb Walker","floor":35,"turns":4},{"damage":1,"enemies":"3 Shapes","floor":36,"turns":5},{"damage":1,"enemies":"Transient","floor":38,"turns":5},{"damage":8,"enemies":"Maw","floor":41,"turns":8},{"damage":0,"enemies":"Spire Growth","floor":44,"turns":5},{"damage":0,"enemies":"3 Darklings","floor":48,"turns":7},{"damage":19,"enemies":"Awakened One","floor":50,"turns":19}],"seed_played":"5801208797266189533","potions_obtained":[{"floor":1,"key":"Poison Potion"},{"floor":7,"key":"FearPotion"},{"floor":11,"key":"SteroidPotion"},{"floor":16,"key":"SteroidPotion"},{"floor":25,"key":"SkillPotion"},{"floor":27,"key":"SpeedPotion"},{"floor":29,"key":"LiquidBronze"},{"floor":33,"key":"EssenceOfSteel"},{"floor":36,"key":"GamblersBrew"},{"floor":44,"key":"EssenceOfSteel"},{"floor":48,"key":"Explosive Potion"}],"is_trial":false,"path_per_floor":["M","?","?","M","M","E","M","M","T","R","E","M","E","?","R","B",null,"M","M","$","?","$","R","?","E","T","M","M","M","M","M","R","B",null,"M","M","$","M","$","R","M","R","T","M","?","?","R","M","R","B",null],"character_chosen":"THE_SILENT","items_purchased":["Apotheosis","PreservedInsect","After Image"],"campfire_rested":2,"item_purchase_floors":[20,22,37],"current_hp_per_floor":[62,62,62,62,62,31,26,26,26,45,45,34,10,10,29,5,50,47,49,49,49,49,49,49,47,47,41,43,45,47,49,49,23,55,57,58,58,59,59,59,53,53,53,55,65,65,65,65,65,46],"gold":54,"neow_bonus":"RANDOM_COLORLESS","is_prod":false,"is_daily":false,"chose_seed":false,"campfire_upgraded":6,"win_rate":0,"timestamp":1551218112,"path_taken":["M","?","?","M","M","E","?","M","T","R","E","M","E","?","R","BOSS","M","?","$","?","$","R","?","E","T","M","?","M","M","M","R","BOSS","M","M","?","M","?","R","M","R","T","?","?","?","R","M","R","BOSS"],"build_version":"2019-01-23","purchased_purges":0,"victory":true,"max_hp_per_floor":[70,65,65,65,65,65,65,65,65,65,65,65,65,65,65,65,65,65,65,65,65,65,65,65,65,65,65,65,65,65,65,65,65,65,65,65,65,65,65,65,65,65,65,65,65,65,65,65,65,65],"card_choices":[{"not_picked":["Dodge and Roll","Prepared"],"picked":"Dagger Throw","floor":1},{"not_picked":["Prepared","Accuracy"],"picked":"PiercingWail","floor":4},{"not_picked":["Bane","Flying Knee"],"picked":"Poisoned Stab","floor":5},{"not_picked":["Endless Agony","Deflect"],"picked":"Adrenaline","floor":6},{"not_picked":["Bane","Deadly Poison"],"picked":"Masterful Stab","floor":7},{"not_picked":["Expertise","Backflip"],"picked":"Well Laid Plans","floor":8},{"not_picked":["Quick Slash","Riddle With Holes"],"picked":"Sucker Punch","floor":10},{"not_picked":["Well Laid Plans","Concentrate"],"picked":"Caltrops","floor":11},{"not_picked":["PiercingWail","Flying Knee"],"picked":"Escape Plan","floor":12},{"not_picked":["Heel Hook","Underhanded Strike"],"picked":"Dash","floor":13},{"not_picked":["Night Terror","Underhanded Strike"],"picked":"Blur","floor":15},{"not_picked":["Venomology","Grand Finale"],"picked":"Wraith Form v2","floor":16},{"not_picked":["Poisoned Stab","Outmaneuver"],"picked":"Blur","floor":18},{"not_picked":["Blade Dance","Calculated Gamble+1"],"picked":"Flying Knee+1","floor":19},{"not_picked":["Bane","Poisoned Stab","Heel Hook+1"],"picked":"SKIP","floor":25},{"not_picked":["Blade Dance","Heel Hook"],"picked":"Cloak And Dagger+1","floor":27},{"not_picked":["Dodge and Roll","Acrobatics"],"picked":"Slice+1","floor":28},{"not_picked":["Prepared","Sucker Punch"],"picked":"Dagger Throw+1","floor":29},{"not_picked":["Concentrate","Flying Knee","Prepared"],"picked":"SKIP","floor":30},{"not_picked":["Endless Agony","Bane"],"picked":"Infinite Blades+1","floor":31},{"not_picked":["A Thousand Cuts","Glass Knife"],"picked":"Malaise","floor":33},{"not_picked":["PiercingWail","Deadly Poison","Prepared"],"picked":"SKIP","floor":35},{"not_picked":["PiercingWail","Catalyst"],"picked":"Flechettes+1","floor":36},{"not_picked":["A Thousand Cuts","Bane+1"],"picked":"Dodge and Roll+1","floor":38},{"not_picked":["PiercingWail+1","Caltrops","Distraction"],"picked":"SKIP","floor":41},{"not_picked":["Catalyst+1","Sucker Punch+1"],"picked":"Deflect+1","floor":44},{"not_picked":["Bane+1","Dodge and Roll"],"picked":"Blade Dance+1","floor":48}],"player_experience":322635,"relics_obtained":[{"floor":6,"key":"Ninja Scroll"},{"floor":9,"key":"Dream Catcher"},{"floor":11,"key":"Blood Vial"},{"floor":13,"key":"Vajra"},{"floor":25,"key":"StoneCalendar"},{"floor":26,"key":"Boot"},{"floor":43,"key":"Omamori"}],"event_choices":[{"damage_healed":0,"gold_gain":0,"player_choice":"Lose Max HP","damage_taken":0,"relics_obtained":["Golden Idol"],"max_hp_gain":0,"max_hp_loss":5,"event_name":"Golden Idol","floor":2,"gold_loss":0},{"cards_removed":["Strike_G"],"damage_healed":0,"gold_gain":0,"player_choice":"Purged","damage_taken":0,"max_hp_gain":0,"max_hp_loss":0,"event_name":"Purifier","floor":3,"gold_loss":0},{"damage_healed":0,"gold_gain":0,"player_choice":"2 cards matched","damage_taken":0,"max_hp_gain":0,"max_hp_loss":0,"event_name":"Match and Keep!","floor":14,"gold_loss":0,"cards_obtained":["Swift Strike","Flying Knee"]},{"damage_healed":0,"gold_gain":0,"player_choice":"Simplicity","damage_taken":0,"max_hp_gain":0,"max_hp_loss":0,"event_name":"Back to Basics","floor":21,"gold_loss":0,"cards_upgraded":["Defend_G","Defend_G","Defend_G","Defend_G","Defend_G","Strike_G","Strike_G","Strike_G","Strike_G"]},{"damage_healed":0,"gold_gain":0,"player_choice":"Upgraded","damage_taken":0,"max_hp_gain":0,"max_hp_loss":0,"event_name":"Upgrade Shrine","floor":24,"gold_loss":0,"cards_upgraded":["Panacea"]},{"damage_healed":16,"gold_gain":0,"player_choice":"Writhe","damage_taken":0,"max_hp_gain":0,"max_hp_loss":0,"event_name":"Winding Halls","floor":45,"gold_loss":0,"cards_obtained":["Writhe"]},{"cards_removed":["Strike_G"],"damage_healed":0,"gold_gain":0,"player_choice":"Removed Attack","damage_taken":0,"max_hp_gain":0,"max_hp_loss":0,"event_name":"Falling","floor":46,"gold_loss":0}],"is_beta":false,"boss_relics":[{"not_picked":["Runic Pyramid","Ring of the Serpent"],"picked":"Ectoplasm"},{"not_picked":["Pandora\u0027s Box","Orrery"],"picked":"Philosopher\u0027s Stone"}],"items_purged_floors":[],"is_endless":false,"potions_floor_spawned":[1,7,11,16,25,27,29,30,33,36,44,48],"ascension_level":9}