{"gold_per_floor":[115,127,127,302,312,81,107,107,107,122,142,161,161,61,61,140,140,151,33,33,58,81,93,105],"floor_reached":24,"playtime":864,"items_purged":["Doubt","Strike_R"],"score":333,"play_id":"5366d968-f1bf-4f04-a87b-0c4587622749","local_time":"20181119231326","is_ascension_mode":true,"campfire_choices":[{"data":"Armaments","floor":15,"key":"SMITH"},{"data":"Entrench","floor":23,"key":"SMITH"}],"neow_cost":"NONE","seed_source_timestamp":20193614706872,"circlet_count":0,"master_deck":["AscendersBane","Bash","Demon Form","Armaments+1","Pommel Strike","Spot Weakness","Barricade+1","Impervious","Spot Weakness","Rage","True Grit","Flex","Pummel","Rage","Heavy Blade","Entrench+1","Metallicize"],"relics":["Burning Blood","Lantern","Singing Bowl","Gremlin Horn","Pandora\u0027s Box","MawBank"],"potions_floor_usage":[7,11,12,16,24],"damage_taken":[{"damage":1,"enemies":"Cultist","floor":1,"turns":4},{"damage":7,"enemies":"Jaw Worm","floor":2,"turns":4},{"damage":11,"enemies":"2 Louse","floor":5,"turns":4},{"damage":32,"enemies":"Gremlin Nob","floor":7,"turns":4},{"damage":15,"enemies":"Exordium Wildlife","floor":10,"turns":8},{"damage":7,"enemies":"Lots of Slimes","floor":11,"turns":5},{"damage":15,"enemies":"2 Fungi Beasts","floor":12,"turns":3},{"damage":23,"enemies":"The Guardian","floor":16,"turns":13},{"damage":37,"enemies":"Shell Parasite","floor":18,"turns":6},{"damage":0,"enemies":"Spheric Guardian","floor":22,"turns":7},{"damage":91,"enemies":"Slavers","floor":24,"turns":4}],"seed_played":"-994303869725706429","potions_obtained":[{"floor":1,"key":"Energy Potion"},{"floor":7,"key":"Swift Potion"},{"floor":11,"key":"Fire Potion"},{"floor":12,"key":"AttackPotion"},{"floor":18,"key":"BloodPotion"}],"is_trial":false,"path_per_floor":["M","M","$","?","M","$","E","?","T","M","M","M","?","$","R","B",null,"M","$","?","T","M","R","E"],"character_chosen":"IRONCLAD","items_purchased":["Lantern","Entrench","Metallicize"],"campfire_rested":0,"item_purchase_floors":[6,19,19],"current_hp_per_floor":[73,72,72,72,67,67,43,43,43,36,35,26,26,26,26,9,62,33,33,60,60,68,68,0],"gold":105,"neow_bonus":"ONE_RANDOM_RARE_CARD","is_prod":false,"is_daily":false,"chose_seed":false,"campfire_upgraded":2,"win_rate":0,"timestamp":1542698006,"path_taken":["M","?","$","?","M","$","E","?","T","?","M","M","?","?","R","BOSS","M","$","?","?","M","R","E"],"build_version":"2018-11-15","purchased_purges":2,"victory":false,"max_hp_per_floor":[75,75,75,75,75,75,77,77,77,79,79,79,79,79,79,79,79,81,81,81,81,83,83,83],"card_choices":[{"not_picked":["Feel No Pain","Warcry"],"picked":"Armaments","floor":1},{"not_picked":["Clash","Havoc"],"picked":"Pommel Strike","floor":2},{"not_picked":["Seeing Red","Combust","Intimidate"],"picked":"SKIP","floor":5},{"not_picked":["Thunderclap","Wild Strike","Second Wind"],"picked":"Singing Bowl","floor":7},{"not_picked":["Bloodletting","Sword Boomerang","Warcry"],"picked":"Singing Bowl","floor":10},{"not_picked":["Iron Wave","Dropkick"],"picked":"Spot Weakness","floor":11},{"not_picked":["Warcry","Power Through"],"picked":"Barricade","floor":12},{"not_picked":["Feed","Double Tap"],"picked":"Impervious","floor":16},{"not_picked":["Thunderclap","Twin Strike","Rage"],"picked":"Singing Bowl","floor":18},{"not_picked":["Heavy Blade","Clash","Dropkick"],"picked":"Singing Bowl","floor":22}],"player_experience":797297,"relics_obtained":[{"floor":7,"key":"Singing Bowl"},{"floor":9,"key":"Gremlin Horn"},{"floor":21,"key":"MawBank"}],"event_choices":[{"damage_healed":0,"gold_gain":175,"player_choice":"AGREE","damage_taken":0,"max_hp_gain":0,"max_hp_loss":0,"event_name":"Liars Game","floor":4,"gold_loss":0,"cards_obtained":["Doubt"]},{"cards_removed":["Strike_R"],"damage_healed":0,"gold_gain":0,"player_choice":"Purged","damage_taken":0,"max_hp_gain":0,"max_hp_loss":0,"event_name":"Purifier","floor":8,"gold_loss":0},{"damage_healed":0,"gold_gain":0,"player_choice":"Forge","damage_taken":0,"max_hp_gain":0,"max_hp_loss":0,"event_name":"Accursed Blacksmith","floor":13,"gold_loss":0,"cards_upgraded":["Barricade"]},{"damage_healed":27,"gold_gain":0,"player_choice":"Heal","damage_taken":0,"max_hp_gain":0,"max_hp_loss":0,"event_name":"The Library","floor":20,"gold_loss":0}],"is_beta":false,"boss_relics":[{"not_picked":["Eternal Feather","Empty Cage"],"picked":"Pandora\u0027s Box"}],"items_purged_floors":[6,14],"is_endless":false,"potions_floor_spawned":[1,7,11,12,18],"killed_by":"Slavers","ascension_level":14}