{"gold_per_floor":[112,130,145,160,335,370,370,404,404,421,421,16,16],"floor_reached":13,"playtime":521,"items_purged":[],"score":162,"play_id":"4bdfe028-3440-46c9-b089-e152fe4bd636","local_time":"20181120182001","is_ascension_mode":true,"campfire_choices":[{"data":"Body Slam","floor":7,"key":"SMITH"}],"neow_cost":"NONE","seed_source_timestamp":2258429095619,"circlet_count":0,"master_deck":["AscendersBane","Strike_R","Strike_R","Strike_R","Strike_R","Strike_R","Defend_R","Defend_R","Defend_R","Defend_R","Bash","True Grit","Shrug It Off","Reckless Charge","Clothesline","Doubt","Body Slam+1","Evolve","Body Slam+1"],"relics":["Burning Blood","PreservedInsect","Ornamental Fan","Kunai","Blue Candle","Lantern","Shuriken"],"potions_floor_usage":[6,10],"damage_taken":[{"damage":11,"enemies":"Jaw Worm","floor":1,"turns":4},{"damage":0,"enemies":"2 Louse","floor":2,"turns":3},{"damage":3,"enemies":"Small Slimes","floor":3,"turns":3},{"damage":19,"enemies":"Blue Slaver","floor":4,"turns":5},{"damage":12,"enemies":"Gremlin Nob","floor":6,"turns":3},{"damage":30,"enemies":"3 Sentries","floor":8,"turns":9},{"damage":28,"enemies":"Gremlin Gang","floor":10,"turns":7},{"damage":7,"enemies":"Exordium Thugs","floor":13,"turns":1}],"seed_played":"-8150535675752132362","potions_obtained":[{"floor":2,"key":"SteroidPotion"},{"floor":8,"key":"SpeedPotion"}],"is_trial":false,"path_per_floor":["M","M","M","M","?","E","R","E","T","M","?","$","M"],"character_chosen":"IRONCLAD","items_purchased":["Lantern","Shuriken"],"campfire_rested":0,"item_purchase_floors":[12,12],"current_hp_per_floor":[63,69,72,59,59,53,53,29,29,7,7,7,0],"gold":16,"neow_bonus":"RANDOM_COMMON_RELIC","is_prod":false,"is_daily":false,"chose_seed":false,"campfire_upgraded":1,"win_rate":0,"timestamp":1542766801,"path_taken":["M","M","M","M","?","E","R","E","T","M","?","$","M"],"build_version":"2018-11-15","purchased_purges":0,"victory":false,"max_hp_per_floor":[75,75,75,75,75,75,75,75,75,75,75,75,75],"card_choices":[{"not_picked":["Cleave","Warcry"],"picked":"True Grit","floor":1},{"not_picked":["Pommel Strike","Flex"],"picked":"Shrug It Off","floor":2},{"not_picked":["True Grit","Flex"],"picked":"Reckless Charge","floor":3},{"not_picked":["Heavy Blade","Bloodletting"],"picked":"Clothesline","floor":4},{"not_picked":["Disarm","Wild Strike"],"picked":"Body Slam","floor":6},{"not_picked":["Dark Embrace","Twin Strike"],"picked":"Evolve","floor":8},{"not_picked":["Second Wind","Clash"],"picked":"Body Slam","floor":10}],"player_experience":803518,"relics_obtained":[{"floor":6,"key":"Ornamental Fan"},{"floor":8,"key":"Kunai"},{"floor":9,"key":"Blue Candle"}],"event_choices":[{"damage_healed":0,"gold_gain":175,"player_choice":"AGREE","damage_taken":0,"max_hp_gain":0,"max_hp_loss":0,"event_name":"Liars Game","floor":5,"gold_loss":0,"cards_obtained":["Doubt"]},{"damage_healed":0,"gold_gain":0,"player_choice":"Grow","damage_taken":0,"max_hp_gain":0,"max_hp_loss":0,"event_name":"Living Wall","floor":11,"gold_loss":0,"cards_upgraded":["Body Slam"]}],"is_beta":false,"boss_relics":[],"items_purged_floors":[],"is_endless":false,"potions_floor_spawned":[2,8],"killed_by":"Exordium Thugs","ascension_level":14}