{"gold_per_floor":[216,216,230,246,32,58,58,77,77,177,188,188],"floor_reached":12,"playtime":695,"items_purged":[],"score":128,"play_id":"95276ce3-3dd7-47db-9ba9-b657bbba807b","local_time":"20180818174647","is_ascension_mode":true,"campfire_choices":[{"data":"Storm of Steel","floor":7,"key":"SMITH"}],"neow_cost":"NONE","seed_source_timestamp":176855863639703,"circlet_count":0,"master_deck":["Defend_G","Defend_G","Defend_G","Defend_G","Defend_G","Strike_G","Strike_G","Strike_G","Strike_G","Strike_G","Survivor","Neutralize","AscendersBane","Dagger Spray","Noxious Fumes","Noxious Fumes","Storm of Steel+1","Blur"],"relics":["Ring of the Snake","Ancient Tea Set","Art of War"],"potions_floor_usage":[12],"damage_taken":[{"damage":2,"enemies":"Cultist","floor":1,"turns":5},{"damage":3,"enemies":"Jaw Worm","floor":3,"turns":5},{"damage":8,"enemies":"Small Slimes","floor":4,"turns":5},{"damage":24,"enemies":"3 Sentries","floor":6,"turns":6},{"damage":1,"enemies":"Looter","floor":8,"turns":3},{"damage":4,"enemies":"Blue Slaver","floor":11,"turns":5},{"damage":25,"enemies":"Large Slime","floor":12,"turns":5}],"seed_played":"3911884499835602751","potions_obtained":[{"floor":11,"key":"Energy Potion"}],"is_trial":false,"path_per_floor":["M","?","M","M","$","E","R","M","T","?","M"],"character_chosen":"THE_SILENT","items_purchased":["Noxious Fumes","Storm of Steel"],"campfire_rested":0,"item_purchase_floors":[5,5],"current_hp_per_floor":[61,61,58,50,50,26,26,25,25,25,21,0],"gold":188,"neow_bonus":"HUNDRED_GOLD","is_prod":false,"is_daily":false,"chose_seed":false,"campfire_upgraded":1,"win_rate":0,"timestamp":1534639607,"path_taken":["M","?","M","M","$","E","R","M","T","?","M","M"],"build_version":"2018-08-16","purchased_purges":0,"victory":false,"max_hp_per_floor":[70,70,70,70,70,70,70,70,70,70,70,70],"card_choices":[{"not_picked":["Dodge and Roll","Slice"],"picked":"Dagger Spray","floor":1},{"not_picked":["Bane","Tactician","Slice"],"picked":"SKIP","floor":3},{"not_picked":["Backflip","PiercingWail"],"picked":"Noxious Fumes","floor":4},{"not_picked":["Setup","Deadly Poison","Tools of the Trade"],"picked":"SKIP","floor":6},{"not_picked":["Terror","Tactician"],"picked":"Blur","floor":8},{"not_picked":["Concentrate","Dagger Spray","All Out Attack"],"picked":"SKIP","floor":11}],"player_experience":781973,"relics_obtained":[{"floor":6,"key":"Ancient Tea Set"},{"floor":9,"key":"Art of War"}],"event_choices":[{"event_name":"NoteForYourself","player_choice":"Ignored","floor":2,"damage_taken":0},{"event_name":"Golden Shrine","player_choice":"Pray","floor":10,"damage_taken":0}],"is_beta":true,"boss_relics":[],"items_purged_floors":[],"is_endless":false,"potions_floor_spawned":[11],"killed_by":"Large Slime","ascension_level":12}