{"gold_per_floor":[118,132,148,159,129,162,162,192,192,23,23,40,40,67,67,171,171,182,107,119,133,133,148,148],"floor_reached":24,"playtime":2092,"items_purged":[],"score":229,"play_id":"4f4cb41d-9d98-43a6-838a-7eb474ed4676","local_time":"20190601234913","is_ascension_mode":true,"campfire_choices":[{"data":"Terror","floor":7,"key":"SMITH"},{"floor":11,"key":"REST"},{"floor":13,"key":"REST"},{"floor":15,"key":"REST"}],"neow_cost":"NONE","seed_source_timestamp":530482806588327,"circlet_count":0,"master_deck":["Defend_G","Defend_G","Defend_G","Strike_G","Strike_G","Strike_G","Strike_G","Strike_G","Survivor","Neutralize","Well Laid Plans","PiercingWail","Backflip","Terror+1","Escape Plan","Flying Knee","Violence","Noxious Fumes","Doppelganger","Deflect","Backstab","Corpse Explosion","Backflip+1","Cloak And Dagger","Glass Knife","Dramatic Entrance"],"relics":["Ring of the Snake","Dream Catcher","Letter Opener","Odd Mushroom","Busted Crown"],"potions_floor_usage":[4,6,6,8,8,18,20],"damage_taken":[{"damage":0,"enemies":"Small Slimes","floor":1,"turns":4},{"damage":0,"enemies":"Cultist","floor":2,"turns":3},{"damage":0,"enemies":"Jaw Worm","floor":3,"turns":4},{"damage":0,"enemies":"2 Fungi Beasts","floor":4,"turns":4},{"damage":7,"enemies":"Gremlin Nob","floor":6,"turns":4},{"damage":42,"enemies":"Lagavulin","floor":8,"turns":8},{"damage":13,"enemies":"Large Slime","floor":12,"turns":6},{"damage":24,"enemies":"The Mushroom Lair","floor":14,"turns":5},{"damage":16,"enemies":"Hexaghost","floor":16,"turns":11},{"damage":12,"enemies":"2 Thieves","floor":18,"turns":4},{"damage":0,"enemies":"3 Byrds","floor":20,"turns":4},{"damage":25,"enemies":"Snake Plant","floor":21,"turns":4},{"damage":0,"enemies":"Snecko","floor":23,"turns":5},{"damage":44,"enemies":"Cultist and Chosen","floor":24,"turns":6}],"seed_played":"7101297478445988864","potions_obtained":[{"floor":1,"key":"Block Potion"},{"floor":4,"key":"Explosive Potion"},{"floor":5,"key":"LiquidBronze"},{"floor":5,"key":"PowerPotion"},{"floor":6,"key":"Swift Potion"},{"floor":14,"key":"Explosive Potion"},{"floor":18,"key":"FearPotion"}],"is_trial":false,"path_per_floor":["M","M","M","M","?","E","R","E","T","$","R","M","R","?","R","B",null,"M","?","M","M","?","M","M"],"character_chosen":"THE_SILENT","items_purchased":["Violence"],"campfire_rested":3,"item_purchase_floors":[10],"current_hp_per_floor":[70,70,70,70,70,63,63,21,21,21,42,29,50,26,47,31,70,58,58,58,33,33,33,0],"gold":148,"neow_bonus":"REMOVE_CARD","is_prod":false,"is_daily":false,"chose_seed":false,"campfire_upgraded":1,"win_rate":0,"timestamp":1559458153,"path_taken":["M","M","M","M","?","E","R","E","T","?","R","M","R","?","R","BOSS","M","?","M","M","?","M","M"],"build_version":"2019-01-23","purchased_purges":0,"victory":false,"max_hp_per_floor":[70,70,70,70,70,70,70,70,70,70,70,70,70,70,70,70,70,70,70,70,70,70,70,70],"card_choices":[{"not_picked":["Backflip","Poisoned Stab"],"picked":"Well Laid Plans","floor":1},{"not_picked":["Choke","Dodge and Roll"],"picked":"PiercingWail","floor":2},{"not_picked":["Dodge and Roll","Acrobatics"],"picked":"Backflip","floor":3},{"not_picked":["Caltrops","Bouncing Flask"],"picked":"Terror","floor":4},{"not_picked":["Acrobatics","Quick Slash"],"picked":"Escape Plan","floor":6},{"not_picked":["Reflex","Well Laid Plans"],"picked":"Flying Knee","floor":8},{"not_picked":["Flying Knee","Blade Dance"],"picked":"Noxious Fumes","floor":11},{"not_picked":["Bouncing Flask","Deadly Poison"],"picked":"Doppelganger","floor":12},{"not_picked":["Masterful Stab","Dodge and Roll"],"picked":"Deflect","floor":13},{"not_picked":["Deadly Poison","Prepared"],"picked":"Backstab","floor":14},{"not_picked":["Unload","A Thousand Cuts"],"picked":"Corpse Explosion","floor":16},{"not_picked":["Tactician"],"picked":"SKIP","floor":18},{"not_picked":[],"picked":"Backflip+1","floor":20},{"not_picked":[],"picked":"Cloak And Dagger","floor":21},{"not_picked":["Acrobatics"],"picked":"SKIP","floor":23}],"player_experience":256135,"relics_obtained":[{"floor":6,"key":"Dream Catcher"},{"floor":8,"key":"Letter Opener"},{"floor":14,"key":"Odd Mushroom"}],"event_choices":[{"damage_healed":0,"gold_gain":0,"player_choice":"Bought 2 Potions","damage_taken":0,"max_hp_gain":0,"max_hp_loss":0,"event_name":"The Woman in Blue","floor":5,"gold_loss":0},{"damage_healed":0,"gold_gain":0,"player_choice":"Fought Mushrooms","damage_taken":0,"max_hp_gain":0,"max_hp_loss":0,"event_name":"Mushrooms","floor":14,"gold_loss":0},{"cards_removed":["Defend_G"],"damage_healed":0,"gold_gain":0,"player_choice":"Gave Gold","damage_taken":0,"max_hp_gain":0,"max_hp_loss":0,"event_name":"Beggar","floor":19,"gold_loss":75},{"damage_healed":0,"gold_gain":0,"player_choice":"2 cards matched","damage_taken":0,"max_hp_gain":0,"max_hp_loss":0,"event_name":"Match and Keep!","floor":22,"gold_loss":0,"cards_obtained":["Glass Knife","Dramatic Entrance"]}],"is_beta":false,"boss_relics":[{"not_picked":["Calling Bell","Lizard Tail"],"picked":"Busted Crown"}],"items_purged_floors":[],"is_endless":false,"potions_floor_spawned":[1,4,6,14,18],"killed_by":"Cultist and Chosen","ascension_level":2}