{"gold_per_floor":[114,39,39,39,39,39,39,72,72,91,4,24,24,42,42,132,132,157,82,106,31,50,50,50,50,50,50,50,80,80,92,92,92],"floor_reached":33,"playtime":1200,"items_purged":["Defend_B"],"score":470,"play_id":"3e7dbaa6-cf02-46c2-b35d-20add26d7bc0","local_time":"20190602154720","is_ascension_mode":true,"campfire_choices":[{"floor":7,"key":"REST"},{"floor":13,"key":"REST"},{"floor":15,"key":"REST"},{"floor":23,"key":"REST"},{"data":"Seek","floor":27,"key":"SMITH"},{"data":"Heatsinks","floor":30,"key":"SMITH"},{"floor":32,"key":"REST"}],"neow_cost":"NONE","seed_source_timestamp":87293880423158,"circlet_count":0,"master_deck":["AscendersBane","Strike_B","Strike_B","Strike_B","Defend_B","Defend_B","Zap","Dualcast","Conserve Battery+1","Glacier","White Noise","Static Discharge","Leap","Seek+1","Redo+1","Barrage+1","Loop","Heatsinks+1"],"relics":["Cracked Core","Omamori","Emotion Chip","Bloody Idol","Ancient Tea Set","Mummified Hand","Velvet Choker","Strawberry","Centennial Puzzle"],"potions_floor_usage":[16,29,31],"damage_taken":[{"damage":4,"enemies":"Jaw Worm","floor":1,"turns":3},{"damage":45,"enemies":"3 Sentries","floor":8,"turns":7},{"damage":0,"enemies":"Small Slimes","floor":10,"turns":4},{"damage":0,"enemies":"2 Louse","floor":12,"turns":3},{"damage":0,"enemies":"2 Fungi Beasts","floor":14,"turns":3},{"damage":21,"enemies":"The Guardian","floor":16,"turns":15},{"damage":4,"enemies":"3 Byrds","floor":18,"turns":3},{"damage":2,"enemies":"Shell Parasite","floor":20,"turns":15},{"damage":22,"enemies":"Snake Plant","floor":22,"turns":5},{"damage":19,"enemies":"Book of Stabbing","floor":29,"turns":7},{"damage":23,"enemies":"Centurion and Healer","floor":31,"turns":11},{"damage":56,"enemies":"Automaton","floor":33,"turns":6}],"seed_played":"840516688882651919","potions_obtained":[{"floor":1,"key":"FearPotion"},{"floor":8,"key":"SpeedPotion"},{"floor":12,"key":"GamblersBrew"},{"floor":22,"key":"AttackPotion"},{"floor":29,"key":"SkillPotion"}],"is_trial":false,"path_per_floor":["M","?","?","?","$","?","R","E","T","M","$","M","R","M","R","B",null,"M","?","M","$","M","R","$","?","T","R","$","E","R","M","R","B"],"character_chosen":"DEFECT","items_purchased":["Static Discharge"],"campfire_rested":5,"item_purchase_floors":[11],"current_hp_per_floor":[60,60,34,34,34,34,55,10,10,10,10,10,31,31,52,31,61,57,57,55,55,33,54,54,54,61,61,61,47,47,29,52,0],"gold":92,"neow_bonus":"RANDOM_COMMON_RELIC","is_prod":false,"is_daily":false,"chose_seed":false,"campfire_upgraded":2,"win_rate":0,"timestamp":1559515640,"path_taken":["M","?","?","?","$","?","R","E","T","M","$","M","R","M","R","BOSS","M","?","M","$","M","R","$","?","T","R","?","E","R","M","R","BOSS"],"build_version":"2019-01-23","purchased_purges":1,"victory":false,"max_hp_per_floor":[71,71,71,71,71,71,71,71,71,71,71,71,71,71,71,71,71,71,71,71,71,71,71,71,71,78,78,78,78,78,78,78,78],"card_choices":[{"not_picked":["Recycle","Hologram"],"picked":"Conserve Battery","floor":1},{"not_picked":["Seek","Go for the Eyes"],"picked":"Glacier","floor":8},{"not_picked":["Cold Snap","Redo"],"picked":"White Noise","floor":10},{"not_picked":["Streamline","Barrage","Sweeping Beam"],"picked":"SKIP","floor":12},{"not_picked":["Redo","Blizzard"],"picked":"Leap","floor":14},{"not_picked":["Meteor Strike","Hyperbeam"],"picked":"Seek","floor":16},{"not_picked":["Sunder","Scrape"],"picked":"Redo+1","floor":18},{"not_picked":["Reinforced Body","Hologram"],"picked":"Barrage+1","floor":20},{"not_picked":["Beam Cell","Turbo"],"picked":"Loop","floor":22},{"not_picked":["Beam Cell","Compile Driver"],"picked":"Heatsinks","floor":29},{"not_picked":["Force Field","Rebound","Sweeping Beam"],"picked":"SKIP","floor":31}],"player_experience":940643,"relics_obtained":[{"floor":8,"key":"Ancient Tea Set"},{"floor":9,"key":"Mummified Hand"},{"floor":26,"key":"Strawberry"},{"floor":29,"key":"Centennial Puzzle"}],"event_choices":[{"cards_removed":["Strike_B"],"damage_healed":0,"gold_gain":0,"player_choice":"Card Removal","damage_taken":0,"max_hp_gain":0,"max_hp_loss":0,"event_name":"The Cleric","floor":2,"gold_loss":75},{"damage_healed":0,"gold_gain":0,"player_choice":"Success","damage_taken":26,"relics_obtained":["Emotion Chip"],"max_hp_gain":0,"max_hp_loss":0,"event_name":"Scrap Ooze","floor":3,"gold_loss":0},{"damage_healed":0,"gold_gain":0,"player_choice":"Grow","damage_taken":0,"max_hp_gain":0,"max_hp_loss":0,"event_name":"Living Wall","floor":4,"gold_loss":0,"cards_upgraded":["Conserve Battery"]},{"damage_healed":0,"gold_gain":0,"player_choice":"Take Wound","damage_taken":0,"relics_obtained":["Golden Idol"],"max_hp_gain":0,"max_hp_loss":0,"event_name":"Golden Idol","floor":6,"gold_loss":0,"cards_obtained":["Injury"]},{"cards_removed":["Defend_B"],"damage_healed":0,"gold_gain":0,"player_choice":"Gave Gold","damage_taken":0,"max_hp_gain":0,"max_hp_loss":0,"event_name":"Beggar","floor":19,"gold_loss":75},{"damage_healed":0,"gold_gain":0,"player_choice":"Gave Idol","damage_taken":0,"relics_obtained":["Bloody Idol"],"max_hp_gain":0,"max_hp_loss":0,"event_name":"Forgotten Altar","floor":25,"relics_lost":["Golden Idol"],"gold_loss":0}],"is_beta":false,"boss_relics":[{"not_picked":["Busted Crown","Coffee Dripper"],"picked":"Velvet Choker"}],"items_purged_floors":[21],"is_endless":false,"potions_floor_spawned":[1,8,12,22,29],"killed_by":"Automaton","ascension_level":16}