{"gold_per_floor":[143,159,177,187,187,216,216,216,216,60,71,99,114,125,125,226,276,296,327,327,44,44,73,73,87,157,157,157,157,157,168,168,168],"floor_reached":33,"playtime":3281,"items_purged":["Corruption"],"score":277,"play_id":"ca2b698b-fb3f-40b5-985c-6dd3abab2d7a","local_time":"20190127175649","is_ascension_mode":false,"campfire_choices":[{"data":"Blood for Blood","floor":7,"key":"SMITH"},{"data":"Body Slam","floor":15,"key":"SMITH"},{"data":"Barricade","floor":24,"key":"SMITH"},{"data":"Rage","floor":27,"key":"SMITH"},{"data":"Spot Weakness","floor":30,"key":"SMITH"},{"floor":32,"key":"REST"}],"neow_cost":"NONE","seed_source_timestamp":801019642670750,"circlet_count":0,"master_deck":["Strike_R","Strike_R","Strike_R","Defend_R","Defend_R+1","Defend_R","Defend_R","Bash","Iron Wave","Shockwave","Thunderclap","Armaments","Blood for Blood+1","Body Slam+1","Clash","Spot Weakness+1","Barricade+1","Uppercut","Inflame","Perfected Strike+1","Body Slam+1","Heavy Blade+1","Inflame","Heavy Blade","Sever Soul"],"relics":["Burning Blood","Tiny Chest","Meat on the Bone","Thread and Needle","Lantern","Bird Faced Urn","Tiny House","Red Mask","ClockworkSouvenir","Potion Belt","Bottled Lightning","Pen Nib"],"potions_floor_usage":[16,16,23,23,23],"damage_taken":[{"damage":1,"enemies":"Cultist","floor":1,"turns":4},{"damage":3,"enemies":"2 Louse","floor":2,"turns":3},{"damage":9,"enemies":"Small Slimes","floor":3,"turns":4},{"damage":12,"enemies":"Gremlin Gang","floor":4,"turns":5},{"damage":37,"enemies":"3 Sentries","floor":6,"turns":11},{"damage":0,"enemies":"Exordium Wildlife","floor":11,"turns":5},{"damage":12,"enemies":"Lagavulin","floor":12,"turns":6},{"damage":0,"enemies":"3 Louse","floor":13,"turns":4},{"damage":0,"enemies":"Looter","floor":14,"turns":3},{"damage":37,"enemies":"The Guardian","floor":16,"turns":13},{"damage":13,"enemies":"Shell Parasite","floor":18,"turns":5},{"damage":60,"enemies":"Masked Bandits","floor":19,"turns":7},{"damage":10,"enemies":"2 Thieves","floor":22,"turns":4},{"damage":28,"enemies":"Book of Stabbing","floor":23,"turns":5},{"damage":6,"enemies":"Snake Plant","floor":25,"turns":4},{"damage":27,"enemies":"Chosen and Byrds","floor":31,"turns":5},{"damage":88,"enemies":"Collector","floor":33,"turns":7}],"seed_played":"-2969044063801176817","potions_obtained":[{"floor":1,"key":"EssenceOfSteel"},{"floor":4,"key":"Block Potion"},{"floor":13,"key":"GamblersBrew"},{"floor":14,"key":"Fire Potion"},{"floor":17,"key":"Explosive Potion"},{"floor":22,"key":"Fire Potion"}],"is_trial":false,"path_per_floor":["M","M","M","M","?","E","R","?","T","$","M","E","M","M","R","B",null,"M","?","?","$","M","E","R","M","T","R","T","?","R","M","R","B"],"character_chosen":"IRONCLAD","items_purchased":["Lantern","ClockworkSouvenir"],"campfire_rested":1,"item_purchase_floors":[10,21],"current_hp_per_floor":[80,80,77,71,71,40,40,40,40,40,58,52,58,64,64,45,85,78,40,68,68,68,50,50,52,52,52,52,52,52,43,68,0],"gold":168,"neow_bonus":"RANDOM_COMMON_RELIC","is_prod":false,"is_daily":false,"chose_seed":false,"campfire_upgraded":5,"win_rate":0.0,"timestamp":1548629809,"path_taken":["M","M","?","M","?","E","R","?","T","$","M","E","?","M","R","BOSS","M","?","?","$","M","E","R","M","T","R","?","?","R","M","R","BOSS"],"build_version":"2019-01-23","purchased_purges":1,"victory":false,"max_hp_per_floor":[80,80,80,80,80,80,80,80,80,80,80,80,80,80,80,80,85,85,85,85,85,85,85,85,85,85,85,85,85,85,85,85,85],"card_choices":[{"not_picked":["Burning Pact","Clothesline"],"picked":"Iron Wave","floor":1},{"not_picked":["Sever Soul","Warcry"],"picked":"Shockwave","floor":2},{"not_picked":["Twin Strike","Headbutt"],"picked":"Thunderclap","floor":3},{"not_picked":["Shrug It Off","Body Slam"],"picked":"Armaments","floor":4},{"not_picked":["Warcry","True Grit"],"picked":"Blood for Blood","floor":6},{"not_picked":["Warcry","Iron Wave"],"picked":"Body Slam","floor":11},{"not_picked":["Armaments","Headbutt"],"picked":"Clash","floor":12},{"not_picked":["Bloodletting","Clothesline"],"picked":"Spot Weakness","floor":13},{"not_picked":["Pummel","Warcry"],"picked":"Corruption","floor":14},{"not_picked":["Bludgeon","Fiend Fire"],"picked":"Barricade","floor":16},{"not_picked":["Sword Boomerang","Warcry"],"picked":"Uppercut","floor":17},{"not_picked":["Feel No Pain","Whirlwind"],"picked":"Inflame","floor":18},{"not_picked":["Ghostly Armor","Burning Pact+1"],"picked":"Perfected Strike+1","floor":19},{"not_picked":["Iron Wave","Armaments"],"picked":"Body Slam+1","floor":22},{"not_picked":["Pummel+1","Clothesline"],"picked":"Heavy Blade+1","floor":23},{"not_picked":["Anger+1","Feed"],"picked":"Rage","floor":25},{"not_picked":["Perfected Strike+1","Spot Weakness"],"picked":"Sever Soul","floor":31}],"player_experience":18410,"relics_obtained":[{"floor":6,"key":"Meat on the Bone"},{"floor":9,"key":"Thread and Needle"},{"floor":12,"key":"Bird Faced Urn"},{"floor":19,"key":"Red Mask"},{"floor":23,"key":"Potion Belt"},{"floor":26,"key":"Bottled Lightning"},{"floor":28,"key":"Pen Nib"}],"event_choices":[{"damage_healed":0,"gold_gain":0,"player_choice":"Ignored","damage_taken":0,"max_hp_gain":0,"max_hp_loss":0,"event_name":"Golden Wing","floor":5,"gold_loss":0},{"cards_removed":["Strike_R"],"damage_healed":0,"gold_gain":0,"player_choice":"Offered Basic","damage_taken":0,"max_hp_gain":0,"max_hp_loss":0,"event_name":"Bonfire Elementals","floor":8,"gold_loss":0},{"damage_healed":0,"gold_gain":0,"player_choice":"Fought Bandits","damage_taken":0,"max_hp_gain":0,"max_hp_loss":0,"event_name":"Masked Bandits","floor":19,"gold_loss":0},{"damage_healed":28,"gold_gain":0,"player_choice":"Heal","damage_taken":0,"max_hp_gain":0,"max_hp_loss":0,"event_name":"The Library","floor":20,"gold_loss":0},{"damage_healed":0,"gold_gain":0,"cards_transformed":["Rage","Strike_R"],"player_choice":"Became Test Subject","damage_taken":0,"max_hp_gain":0,"max_hp_loss":0,"event_name":"Drug Dealer","floor":29,"gold_loss":0,"cards_obtained":["Inflame","Heavy Blade"]}],"is_beta":false,"boss_relics":[{"not_picked":["Snecko Eye","Fusion Hammer"],"picked":"Tiny House"}],"items_purged_floors":[21],"is_endless":false,"potions_floor_spawned":[1,4,13,14,22],"killed_by":"Collector","ascension_level":0}