{"gold_per_floor":[118,8,8,24,36,61,61,75,153,168,202,202,216,233,233,307,307,317,33,51,64,75,75,88,88,88,88,106,106,123,143,143,143],"floor_reached":33,"playtime":2372,"items_purged":[],"score":508,"play_id":"4796c690-55cd-4827-9fbb-f6faede869f4","local_time":"20190405205934","is_ascension_mode":true,"campfire_choices":[{"floor":12,"key":"REST"},{"data":"Calculated Gamble","floor":15,"key":"SMITH"},{"floor":23,"key":"REST"},{"floor":25,"key":"REST"},{"data":"Glass Knife","floor":27,"key":"SMITH"},{"data":"Underhanded Strike","floor":29,"key":"SMITH"},{"floor":32,"key":"REST"}],"neow_cost":"PERCENT_DAMAGE","seed_source_timestamp":9369594550605,"circlet_count":0,"master_deck":["AscendersBane","Defend_G","Defend_G","Defend_G","Defend_G","Defend_G","Strike_G","Strike_G","Strike_G","Strike_G","Survivor","Neutralize","Tactician","Reflex","Footwork","After Image","Dagger Throw","Glass Knife+1","Calculated Gamble+1","Blur","Acrobatics","Underhanded Strike+1","Acrobatics","Escape Plan","Backflip+1","Skewer","Flying Knee+1","Dagger Throw","Underhanded Strike","Prepared+1","Adrenaline+1","Bouncing Flask+1"],"relics":["Ring of the Snake","Gambling Chip","Turnip","Kunai","Snake Skull","Philosopher\u0027s Stone","Toxic Egg 2","Sundial"],"potions_floor_usage":[10,11,16,22],"damage_taken":[{"damage":0,"enemies":"Small Slimes","floor":1,"turns":5},{"damage":0,"enemies":"Cultist","floor":4,"turns":5},{"damage":1,"enemies":"Jaw Worm","floor":5,"turns":9},{"damage":31,"enemies":"Gremlin Nob","floor":6,"turns":5},{"damage":0,"enemies":"Looter","floor":8,"turns":3},{"damage":0,"enemies":"Blue Slaver","floor":10,"turns":3},{"damage":0,"enemies":"3 Sentries","floor":11,"turns":11},{"damage":0,"enemies":"Red Slaver","floor":13,"turns":7},{"damage":0,"enemies":"Large Slime","floor":14,"turns":5},{"damage":31,"enemies":"Slime Boss","floor":16,"turns":26},{"damage":0,"enemies":"Spheric Guardian","floor":18,"turns":4},{"damage":32,"enemies":"Chosen","floor":20,"turns":8},{"damage":3,"enemies":"Snake Plant","floor":21,"turns":9},{"damage":9,"enemies":"Snecko","floor":22,"turns":7},{"damage":0,"enemies":"Centurion and Healer","floor":24,"turns":7},{"damage":13,"enemies":"Snake Plant","floor":28,"turns":5},{"damage":9,"enemies":"Sentry and Sphere","floor":30,"turns":6},{"damage":0,"enemies":"Snecko","floor":31,"turns":5},{"damage":56,"enemies":"Collector","floor":33,"turns":7}],"seed_played":"5697113330321188667","potions_obtained":[{"floor":4,"key":"Regen Potion"},{"floor":5,"key":"Strength Potion"},{"floor":10,"key":"Weak Potion"},{"floor":16,"key":"FairyPotion"},{"floor":20,"key":"Explosive Potion"},{"floor":30,"key":"SteroidPotion"}],"is_trial":false,"path_per_floor":["M","$","?","M","M","E","?","M","T","M","E","R","M","M","R","B",null,"M","$","M","M","M","R","M","R","T","R","M","R","M","M","R","B"],"character_chosen":"THE_SILENT","items_purchased":["Reflex","Footwork","Toxic Egg 2","Backflip+1"],"campfire_rested":4,"item_purchase_floors":[2,2,19,19],"current_hp_per_floor":[44,44,44,44,43,12,12,12,12,21,21,40,40,40,40,9,52,52,52,20,17,8,27,27,46,46,46,33,33,24,24,43,0],"gold":143,"neow_bonus":"ONE_RARE_RELIC","is_prod":false,"is_daily":false,"chose_seed":false,"campfire_upgraded":3,"win_rate":0,"timestamp":1554512374,"path_taken":["M","$","?","M","?","E","?","M","T","M","E","R","M","M","R","BOSS","M","$","M","M","M","R","M","R","T","R","M","R","M","M","R","BOSS"],"build_version":"2019-01-23","purchased_purges":0,"victory":false,"max_hp_per_floor":[66,66,66,66,66,66,66,66,66,66,66,66,66,66,66,66,66,66,66,66,66,66,66,66,66,66,66,66,66,66,66,66,66],"card_choices":[{"not_picked":["Deadly Poison","Skewer"],"picked":"Tactician","floor":1},{"not_picked":["Backflip","Prepared"],"picked":"Dagger Throw","floor":4},{"not_picked":["Outmaneuver","Bane"],"picked":"Glass Knife","floor":5},{"not_picked":["Venomology","Quick Slash"],"picked":"Calculated Gamble","floor":6},{"not_picked":["Catalyst","Blade Dance"],"picked":"Blur","floor":8},{"not_picked":["Catalyst","Bane"],"picked":"Acrobatics","floor":10},{"not_picked":["Outmaneuver","Wraith Form v2"],"picked":"Underhanded Strike","floor":11},{"not_picked":["Concentrate","Slice"],"picked":"Acrobatics","floor":13},{"not_picked":["Quick Slash","Backflip"],"picked":"Escape Plan","floor":14},{"not_picked":["Setup","Distraction","Dodge and Roll"],"picked":"SKIP","floor":18},{"not_picked":["Leg Sweep+1","Dagger Spray"],"picked":"Skewer","floor":20},{"not_picked":["Slice","Outmaneuver+1"],"picked":"Flying Knee+1","floor":21},{"not_picked":["Slice","Backflip+1"],"picked":"Dagger Throw","floor":22},{"not_picked":["Skewer","Prepared+1"],"picked":"Underhanded Strike","floor":24},{"not_picked":["Acrobatics+1","Bane"],"picked":"Prepared+1","floor":28},{"not_picked":["Prepared+1","Bane"],"picked":"Adrenaline+1","floor":30},{"not_picked":["Blade Dance+1","Underhanded Strike"],"picked":"Bouncing Flask+1","floor":31}],"player_experience":519002,"relics_obtained":[{"floor":6,"key":"Turnip"},{"floor":9,"key":"Kunai"},{"floor":11,"key":"Snake Skull"},{"floor":26,"key":"Sundial"}],"event_choices":[{"damage_healed":0,"gold_gain":0,"cards_transformed":["Strike_G"],"player_choice":"Transformed","damage_taken":0,"max_hp_gain":0,"max_hp_loss":0,"event_name":"Transmorgrifier","floor":3,"gold_loss":0,"cards_obtained":["After Image"]},{"damage_healed":0,"gold_gain":0,"player_choice":"Ignored","damage_taken":0,"max_hp_gain":0,"max_hp_loss":0,"event_name":"Golden Wing","floor":7,"gold_loss":0}],"is_beta":false,"boss_relics":[{"not_picked":["White Beast Statue","Ectoplasm"],"picked":"Philosopher\u0027s Stone"}],"items_purged_floors":[],"is_endless":false,"potions_floor_spawned":[4,5,10,16,20,30],"killed_by":"Collector","ascension_level":15}