{"gold_per_floor":[112,112,124,299,127,127,154,154,235,265,265,276,276,176,176,279,279,291,291,566,111,129,129],"floor_reached":23,"playtime":701,"items_purged":["Decay","Doubt","Regret"],"score":275,"play_id":"d5a79586-58b0-4dea-807a-b7eb1dc3fc2c","local_time":"20190211011934","is_ascension_mode":true,"campfire_choices":[{"data":"Zap","floor":6,"key":"SMITH"},{"data":"Panacea","floor":8,"key":"SMITH"},{"floor":11,"key":"REST"},{"data":"Dualcast","floor":13,"key":"SMITH"},{"data":"Stack","floor":15,"key":"SMITH"}],"neow_cost":"NONE","seed_source_timestamp":923723071567908,"circlet_count":0,"master_deck":["Zap+1","Dualcast+1","Stack+1","Leap","Panacea+1","Conserve Battery","Coolheaded","FTL","Buffer","White Noise","Streamline","Rip and Tear","Buffer","Streamline","Heatsinks","Auto Shields","Capacitor","Loop"],"relics":["Cracked Core","NeowsBlessing","Oddly Smooth Stone","Bottled Flame","Dodecahedron","Pandora\u0027s Box","Mummified Hand"],"potions_floor_usage":[10,23],"damage_taken":[{"damage":0,"enemies":"Jaw Worm","floor":1,"turns":1},{"damage":0,"enemies":"Cultist","floor":3,"turns":1},{"damage":0,"enemies":"Lagavulin","floor":7,"turns":1},{"damage":46,"enemies":"Gremlin Nob","floor":10,"turns":6},{"damage":7,"enemies":"2 Louse","floor":12,"turns":3},{"damage":35,"enemies":"The Guardian","floor":16,"turns":17},{"damage":7,"enemies":"Spheric Guardian","floor":18,"turns":4},{"damage":27,"enemies":"3 Byrds","floor":22,"turns":5},{"damage":39,"enemies":"Book of Stabbing","floor":23,"turns":5}],"seed_played":"-6502545087807940426","potions_obtained":[{"floor":7,"key":"Block Potion"},{"floor":10,"key":"FairyPotion"},{"floor":16,"key":"FocusPotion"}],"is_trial":false,"path_per_floor":["M","?","M","?","$","R","E","R","T","E","R","M","R","$","R","B",null,"M","?","?","$","M","E"],"character_chosen":"DEFECT","items_purchased":["Panacea","Mummified Hand","Loop"],"campfire_rested":1,"item_purchase_floors":[5,21,21],"current_hp_per_floor":[75,75,75,75,75,75,75,75,75,29,51,44,44,44,44,9,59,52,52,52,52,25,0],"gold":129,"neow_bonus":"THREE_ENEMY_KILL","is_prod":false,"is_daily":false,"chose_seed":false,"campfire_upgraded":4,"win_rate":0,"timestamp":1549865974,"path_taken":["M","?","?","?","?","R","E","R","T","E","R","M","R","$","R","BOSS","M","?","?","$","?","E"],"build_version":"2019-01-23","purchased_purges":3,"victory":false,"max_hp_per_floor":[75,75,75,75,75,75,75,75,75,75,75,75,75,75,75,75,75,75,75,75,75,75,75],"card_choices":[{"not_picked":["Aggregate","Recycle"],"picked":"Stack","floor":1},{"not_picked":["Hologram","Streamline"],"picked":"Leap","floor":3},{"not_picked":["Streamline","Aggregate"],"picked":"Conserve Battery","floor":7},{"not_picked":["Steam","Reprogram"],"picked":"Coolheaded","floor":10},{"not_picked":["Blizzard","Steam"],"picked":"FTL","floor":12},{"not_picked":["Amplify","Meteor Strike"],"picked":"Buffer","floor":16},{"not_picked":["Barrage","Steam+1"],"picked":"Capacitor","floor":18},{"not_picked":["Compile Driver","Steam","Aggregate"],"picked":"SKIP","floor":22}],"player_experience":218494,"relics_obtained":[{"floor":7,"key":"Oddly Smooth Stone"},{"floor":9,"key":"Bottled Flame"},{"floor":10,"key":"Dodecahedron"}],"event_choices":[{"damage_healed":0,"gold_gain":0,"player_choice":"Cursed","damage_taken":0,"max_hp_gain":0,"max_hp_loss":0,"event_name":"Wheel of Change","floor":2,"gold_loss":0,"cards_obtained":["Decay"]},{"damage_healed":0,"gold_gain":175,"player_choice":"AGREE","damage_taken":0,"max_hp_gain":0,"max_hp_loss":0,"event_name":"Liars Game","floor":4,"gold_loss":0,"cards_obtained":["Doubt"]},{"cards_removed":["Recycle"],"damage_healed":0,"gold_gain":0,"player_choice":"Elegance","damage_taken":0,"max_hp_gain":0,"max_hp_loss":0,"event_name":"Back to Basics","floor":19,"gold_loss":0},{"damage_healed":0,"gold_gain":275,"player_choice":"Desecrate","damage_taken":0,"max_hp_gain":0,"max_hp_loss":0,"event_name":"Golden Shrine","floor":20,"gold_loss":0,"cards_obtained":["Regret"]}],"is_beta":false,"boss_relics":[{"not_picked":["Runic Dome","Tiny House"],"picked":"Pandora\u0027s Box"}],"items_purged_floors":[5,14,21],"is_endless":false,"potions_floor_spawned":[7,10,16],"killed_by":"Book of Stabbing","ascension_level":5}