{"gold_per_floor":[111,24,34,34,34,66,31,31,31,48,48,48,48,48,48,147,147,172,172,172,192,107,107,121,121,147,197,220,220,251,289,289,289],"floor_reached":33,"playtime":954,"items_purged":[],"score":511,"play_id":"2cf5bdff-d9d2-497e-98b8-1cf19e308a58","local_time":"20190512122807","is_ascension_mode":true,"campfire_choices":[{"data":"Defragment","floor":12,"key":"SMITH"},{"data":"Loop","floor":15,"key":"SMITH"},{"data":"Hologram","floor":23,"key":"SMITH"},{"data":"Reboot","floor":25,"key":"SMITH"},{"data":"Conserve Battery","floor":29,"key":"SMITH"},{"floor":32,"key":"REST"}],"neow_cost":"NONE","seed_source_timestamp":43739038913534,"circlet_count":0,"master_deck":["AscendersBane","Strike_B","Strike_B","Strike_B","Defend_B","Defend_B","Defend_B","Defend_B","Zap","Dualcast","Gash+1","Defragment+1","Rebound","Reboot","Loop+1","Reboot+1","Hologram+1","Sweeping Beam+1","Go for the Eyes+1","Conserve Battery+1","Coolheaded","Go for the Eyes+1"],"relics":["Cracked Core","NeowsBlessing","Thread and Needle","Meat on the Bone","Mercury Hourglass","Golden Idol","Lizard Tail","Molten Egg 2","DataDisk","Red Mask","Potion Belt"],"potions_floor_usage":[16,18,24,30,33],"damage_taken":[{"damage":0,"enemies":"2 Louse","floor":1,"turns":1},{"damage":0,"enemies":"Jaw Worm","floor":3,"turns":1},{"damage":0,"enemies":"Gremlin Nob","floor":6,"turns":1},{"damage":3,"enemies":"Small Slimes","floor":10,"turns":2},{"damage":44,"enemies":"Slime Boss","floor":16,"turns":7},{"damage":12,"enemies":"3 Byrds","floor":18,"turns":4},{"damage":22,"enemies":"Shell Parasite","floor":21,"turns":5},{"damage":18,"enemies":"Cultist and Chosen","floor":24,"turns":6},{"damage":10,"enemies":"Shelled Parasite and Fungi","floor":28,"turns":5},{"damage":46,"enemies":"Masked Bandits","floor":30,"turns":4},{"damage":22,"enemies":"Book of Stabbing","floor":31,"turns":7},{"damage":45,"enemies":"Champ","floor":33,"turns":13}],"seed_played":"4653396931681385569","potions_obtained":[{"floor":1,"key":"Swift Potion"},{"floor":6,"key":"SpeedPotion"},{"floor":16,"key":"Fire Potion"},{"floor":18,"key":"Ancient Potion"},{"floor":24,"key":"Ancient Potion"},{"floor":28,"key":"Block Potion"},{"floor":30,"key":"SneckoOil"}],"is_trial":false,"path_per_floor":["M","$","M","?","$","E","?","?","T","M","?","R","?","$","R","B",null,"M","?","?","M","?","R","M","R","T","?","M","R","?","E","R","B"],"character_chosen":"DEFECT","items_purchased":["Defragment"],"campfire_rested":1,"item_purchase_floors":[2],"current_hp_per_floor":[64,64,64,29,29,29,46,46,46,43,43,43,64,64,64,32,56,44,57,57,35,35,35,29,29,29,29,31,31,29,19,38,0],"gold":289,"neow_bonus":"THREE_ENEMY_KILL","is_prod":false,"is_daily":false,"chose_seed":false,"campfire_upgraded":5,"win_rate":0,"timestamp":1557689287,"path_taken":["M","$","M","?","$","E","?","?","T","M","?","R","?","?","R","BOSS","M","?","?","?","?","R","M","R","T","?","M","R","?","E","R","BOSS"],"build_version":"2019-01-23","purchased_purges":0,"victory":false,"max_hp_per_floor":[71,71,71,71,71,71,71,71,71,71,64,64,64,64,64,64,64,64,64,64,64,64,64,64,64,64,64,64,64,64,64,64,64],"card_choices":[{"not_picked":["Undo","Steam"],"picked":"Gash","floor":1},{"not_picked":["Barrage","Streamline"],"picked":"Rebound","floor":3},{"not_picked":["Barrage","Conserve Battery"],"picked":"Reboot","floor":6},{"not_picked":["Compile Driver","Redo"],"picked":"Loop","floor":10},{"not_picked":["Biased Cognition","Buffer"],"picked":"Reboot","floor":16},{"not_picked":["Blizzard","Stack"],"picked":"Hologram","floor":18},{"not_picked":["Barrage","Turbo"],"picked":"Sweeping Beam+1","floor":21},{"not_picked":["Steam","Beam Cell+1"],"picked":"Go for the Eyes+1","floor":24},{"not_picked":["Blizzard+1","Coolheaded"],"picked":"Conserve Battery","floor":28},{"not_picked":["Turbo","Barrage+1"],"picked":"Coolheaded","floor":30},{"not_picked":["Fusion","Cold Snap+1"],"picked":"Go for the Eyes+1","floor":31}],"player_experience":926673,"relics_obtained":[{"floor":6,"key":"Meat on the Bone"},{"floor":9,"key":"Mercury Hourglass"},{"floor":26,"key":"DataDisk"},{"floor":30,"key":"Red Mask"},{"floor":31,"key":"Potion Belt"}],"event_choices":[{"damage_healed":0,"gold_gain":0,"player_choice":"Success","damage_taken":35,"relics_obtained":["Thread and Needle"],"max_hp_gain":0,"max_hp_loss":0,"event_name":"Scrap Ooze","floor":4,"gold_loss":0},{"damage_healed":17,"gold_gain":0,"player_choice":"Healed","damage_taken":0,"max_hp_gain":0,"max_hp_loss":0,"event_name":"The Cleric","floor":7,"gold_loss":35},{"damage_healed":0,"gold_gain":0,"player_choice":"Grow","damage_taken":0,"max_hp_gain":0,"max_hp_loss":0,"event_name":"Living Wall","floor":8,"gold_loss":0,"cards_upgraded":["Gash"]},{"damage_healed":0,"gold_gain":0,"player_choice":"Lose Max HP","damage_taken":0,"relics_obtained":["Golden Idol"],"max_hp_gain":0,"max_hp_loss":7,"event_name":"Golden Idol","floor":11,"gold_loss":0},{"damage_healed":21,"gold_gain":0,"player_choice":"Banana","damage_taken":0,"max_hp_gain":0,"max_hp_loss":0,"event_name":"Big Fish","floor":13,"gold_loss":0},{"damage_healed":13,"gold_gain":0,"player_choice":"Heal","damage_taken":0,"max_hp_gain":0,"max_hp_loss":0,"event_name":"The Library","floor":19,"gold_loss":0},{"cards_removed":["Strike_B"],"damage_healed":0,"gold_gain":0,"player_choice":"Offered Basic","damage_taken":0,"max_hp_gain":0,"max_hp_loss":0,"event_name":"Bonfire Elementals","floor":20,"gold_loss":0},{"damage_healed":0,"gold_gain":0,"player_choice":"Obtained Relic","damage_taken":0,"relics_obtained":["Molten Egg 2"],"max_hp_gain":0,"max_hp_loss":0,"event_name":"Addict","floor":22,"gold_loss":85},{"damage_healed":0,"gold_gain":50,"player_choice":"Stole From Cult","damage_taken":0,"max_hp_gain":0,"max_hp_loss":0,"event_name":"Nest","floor":27,"gold_loss":0},{"damage_healed":0,"gold_gain":0,"player_choice":"Fought Bandits","damage_taken":0,"max_hp_gain":0,"max_hp_loss":0,"event_name":"Masked Bandits","floor":30,"gold_loss":0}],"is_beta":false,"boss_relics":[{"not_picked":["Orrery","Astrolabe"],"picked":"Lizard Tail"}],"items_purged_floors":[],"is_endless":false,"potions_floor_spawned":[1,6,16,18,24,28,30],"killed_by":"Champ","ascension_level":16}