{"gold_per_floor":[109,109,34,53,53,53,97,97,97,109,137,167,223,200,212,320,332,364,390,426,170,195,195],"floor_reached":23,"playtime":714,"items_purged":["Shockwave"],"score":342,"play_id":"73289f7a-429a-4f90-9508-b4cc0c8ec074","local_time":"20190428125425","is_ascension_mode":true,"campfire_choices":[{"data":"Whirlwind","floor":6,"key":"SMITH"},{"data":"Bludgeon","floor":8,"key":"SMITH"},{"data":"Offering","floor":10,"key":"SMITH"},{"data":"Sword Boomerang","floor":15,"key":"SMITH"}],"neow_cost":"NONE","seed_source_timestamp":146580772701270,"circlet_count":0,"master_deck":["AscendersBane","Strike_R","Strike_R","Strike_R","Strike_R","Strike_R","Defend_R","Defend_R+1","Defend_R+1","Defend_R","Bash","Offering+1","Cleave","Whirlwind+1","Bludgeon+1","Sword Boomerang+1","Clothesline","Immolate","Thunderclap","Inflame","Power Through"],"relics":["Burning Blood","Golden Idol","Pear","MawBank","War Paint","Busted Crown","Brimstone"],"potions_floor_usage":[7,13,20],"damage_taken":[{"damage":11,"enemies":"Jaw Worm","floor":1,"turns":4},{"damage":6,"enemies":"2 Louse","floor":4,"turns":1},{"damage":21,"enemies":"Gremlin Nob","floor":7,"turns":3},{"damage":0,"enemies":"Cultist","floor":11,"turns":2},{"damage":27,"enemies":"Large Slime","floor":12,"turns":5},{"damage":10,"enemies":"3 Sentries","floor":13,"turns":3},{"damage":29,"enemies":"Slime Boss","floor":16,"turns":8},{"damage":27,"enemies":"Shell Parasite","floor":18,"turns":4},{"damage":7,"enemies":"Chosen","floor":19,"turns":4},{"damage":28,"enemies":"Snake Plant","floor":20,"turns":3},{"damage":7,"enemies":"Cultist and Chosen","floor":22,"turns":3},{"damage":27,"enemies":"Gremlin Leader","floor":23,"turns":2}],"seed_played":"6720729866165323872","potions_obtained":[{"floor":4,"key":"Energy Potion"},{"floor":11,"key":"LiquidBronze"},{"floor":12,"key":"Energy Potion"},{"floor":13,"key":"SpeedPotion"},{"floor":18,"key":"Strength Potion"},{"floor":19,"key":"AttackPotion"},{"floor":20,"key":"FearPotion"}],"is_trial":false,"path_per_floor":["M","?","$","M","$","R","E","R","T","R","M","M","E","?","R","B",null,"M","M","M","$","M","E"],"character_chosen":"IRONCLAD","items_purchased":["Whirlwind","Brimstone"],"campfire_rested":0,"item_purchase_floors":[3,21],"current_hp_per_floor":[63,63,63,63,63,63,58,58,58,58,64,43,39,58,58,35,68,47,46,24,24,23,0],"gold":195,"neow_bonus":"ONE_RANDOM_RARE_CARD","is_prod":false,"is_daily":false,"chose_seed":false,"campfire_upgraded":4,"win_rate":0,"timestamp":1556481265,"path_taken":["M","?","$","M","$","R","E","R","T","R","M","M","E","?","R","BOSS","M","M","M","$","M","E"],"build_version":"2019-01-23","purchased_purges":1,"victory":false,"max_hp_per_floor":[75,69,69,69,69,69,79,79,79,79,79,79,79,79,79,79,79,79,79,79,79,79,79],"card_choices":[{"not_picked":["Anger","Second Wind"],"picked":"Cleave","floor":1},{"not_picked":["Perfected Strike","Heavy Blade","Burning Pact"],"picked":"SKIP","floor":4},{"not_picked":["Warcry","Armaments"],"picked":"Bludgeon","floor":7},{"not_picked":["Searing Blow","Anger"],"picked":"Sword Boomerang","floor":11},{"not_picked":["Second Wind","Wild Strike"],"picked":"Clothesline","floor":12},{"not_picked":["Clash","Anger"],"picked":"Shockwave","floor":13},{"not_picked":["Fiend Fire","Brutality"],"picked":"Immolate","floor":16},{"not_picked":["Sword Boomerang+1"],"picked":"SKIP","floor":18},{"not_picked":[],"picked":"Thunderclap","floor":19},{"not_picked":[],"picked":"Inflame","floor":20},{"not_picked":[],"picked":"Power Through","floor":22}],"player_experience":839521,"relics_obtained":[{"floor":7,"key":"Pear"},{"floor":9,"key":"MawBank"},{"floor":13,"key":"War Paint"}],"event_choices":[{"damage_healed":0,"gold_gain":0,"player_choice":"Lose Max HP","damage_taken":0,"relics_obtained":["Golden Idol"],"max_hp_gain":0,"max_hp_loss":6,"event_name":"Golden Idol","floor":2,"gold_loss":0},{"damage_healed":19,"gold_gain":0,"player_choice":"Healed","damage_taken":0,"max_hp_gain":0,"max_hp_loss":0,"event_name":"The Cleric","floor":14,"gold_loss":35}],"is_beta":false,"boss_relics":[{"not_picked":["Runic Cube","Runic Pyramid"],"picked":"Busted Crown"}],"items_purged_floors":[21],"is_endless":false,"potions_floor_spawned":[4,11,12,13,18,19,20],"killed_by":"Gremlin Leader","ascension_level":14}