{"gold_per_floor":[118,118,137,154,168,168,199,199,199,199,199,26,36,50,50,124,124,137,62,62,62,82,82,82,82,106,106,106,126,41,41],"floor_reached":31,"playtime":963,"items_purged":["Strike_R"],"score":454,"play_id":"18c957e3-29a4-4a4f-9977-2494513753f9","local_time":"20190624161457","is_ascension_mode":true,"campfire_choices":[{"data":"Inflame","floor":6,"key":"SMITH"},{"data":"Barricade","floor":8,"key":"SMITH"},{"data":"Flame Barrier","floor":10,"key":"SMITH"},{"data":"Limit Break","floor":15,"key":"SMITH"},{"data":"Whirlwind","floor":23,"key":"SMITH"},{"data":"Evolve","floor":25,"key":"SMITH"},{"data":"Shrug It Off","floor":27,"key":"SMITH"}],"neow_cost":"TEN_PERCENT_HP_LOSS","seed_source_timestamp":1012462222852564,"circlet_count":0,"master_deck":["AscendersBane","Strike_R+1","Strike_R","Strike_R","Defend_R+1","Defend_R","Defend_R","Bash","Sever Soul","Flame Barrier+1","Anger","Inflame+1","Metallicize+1","Iron Wave","Barricade+1","Limit Break+1","Feel No Pain","Shrug It Off+1","Impervious","Whirlwind+1","J.A.X.","Evolve+1"],"relics":["Burning Blood","Dodecahedron","Mango","Mark of Pain","Red Skull","Nilry\u0027s Codex","Nunchaku"],"potions_floor_usage":[16,22,31],"damage_taken":[{"damage":7,"enemies":"Jaw Worm","floor":1,"turns":3},{"damage":1,"enemies":"2 Louse","floor":3,"turns":3},{"damage":4,"enemies":"Small Slimes","floor":4,"turns":4},{"damage":8,"enemies":"Exordium Wildlife","floor":5,"turns":4},{"damage":26,"enemies":"Lagavulin","floor":7,"turns":7},{"damage":6,"enemies":"Looter","floor":13,"turns":3},{"damage":7,"enemies":"2 Fungi Beasts","floor":14,"turns":3},{"damage":22,"enemies":"Slime Boss","floor":16,"turns":9},{"damage":2,"enemies":"Chosen","floor":18,"turns":7},{"damage":30,"enemies":"Spheric Guardian","floor":22,"turns":6},{"damage":18,"enemies":"Snecko","floor":29,"turns":6},{"damage":17,"enemies":"Snake Plant","floor":31,"turns":2}],"seed_played":"-7661670557733349492","potions_obtained":[{"floor":7,"key":"SpeedPotion"},{"floor":13,"key":"Strength Potion"},{"floor":29,"key":"Energy Potion"}],"is_trial":false,"path_per_floor":["M","?","M","M","M","R","E","R","T","R","?","$","M","M","R","B",null,"M","$","?","$","M","R","$","R","T","R","?","M","?","M"],"character_chosen":"IRONCLAD","items_purchased":["Limit Break","Feel No Pain"],"campfire_rested":0,"item_purchase_floors":[12,12],"current_hp_per_floor":[67,47,52,54,52,52,32,32,46,46,46,46,46,45,45,29,69,73,73,73,73,49,49,49,49,49,49,28,16,16,0],"gold":41,"neow_bonus":"TRANSFORM_TWO_CARDS","is_prod":false,"is_daily":false,"chose_seed":false,"campfire_upgraded":7,"win_rate":0,"timestamp":1561418097,"path_taken":["M","?","M","M","M","R","E","R","T","R","?","$","M","M","R","BOSS","M","$","?","$","M","R","$","R","T","R","?","M","?","M"],"build_version":"2019-01-23","purchased_purges":1,"victory":false,"max_hp_per_floor":[68,68,68,68,68,68,68,68,82,82,82,82,82,82,82,82,82,82,82,82,82,82,82,82,82,82,82,82,82,82,82],"card_choices":[{"not_picked":["Heavy Blade","Perfected Strike"],"picked":"Anger","floor":1},{"not_picked":["Searing Blow","Warcry"],"picked":"Inflame","floor":3},{"not_picked":["Pommel Strike","Anger"],"picked":"Metallicize","floor":4},{"not_picked":["Blood for Blood","Anger"],"picked":"Iron Wave","floor":5},{"not_picked":["Fire Breathing","Sword Boomerang"],"picked":"Barricade","floor":7},{"not_picked":["Bloodletting","Seeing Red","Wild Strike"],"picked":"SKIP","floor":13},{"not_picked":["Second Wind","Anger"],"picked":"Shrug It Off","floor":14},{"not_picked":["Barricade","Offering"],"picked":"Impervious","floor":16},{"not_picked":["Rupture","Dual Wield+1"],"picked":"Whirlwind","floor":18},{"not_picked":["Wild Strike","Anger"],"picked":"Evolve","floor":22},{"not_picked":["Metallicize","Sever Soul+1","Feel No Pain"],"picked":"SKIP","floor":29}],"player_experience":1058623,"relics_obtained":[{"floor":7,"key":"Dodecahedron"},{"floor":9,"key":"Mango"},{"floor":26,"key":"Red Skull"},{"floor":28,"key":"Nilry\u0027s Codex"}],"event_choices":[{"damage_healed":0,"gold_gain":0,"player_choice":"Entered Light","damage_taken":20,"max_hp_gain":0,"max_hp_loss":0,"event_name":"Shining Light","floor":2,"gold_loss":0,"cards_upgraded":["Strike_R","Defend_R"]},{"damage_healed":0,"gold_gain":0,"player_choice":"Grow","damage_taken":0,"max_hp_gain":0,"max_hp_loss":0,"event_name":"Living Wall","floor":11,"gold_loss":0,"cards_upgraded":["Metallicize"]},{"damage_healed":0,"gold_gain":0,"player_choice":"Obtain J.A.X.","damage_taken":0,"max_hp_gain":0,"max_hp_loss":0,"event_name":"Drug Dealer","floor":20,"gold_loss":0,"cards_obtained":["J.A.X."]},{"damage_healed":0,"gold_gain":0,"player_choice":"Obtained Book","damage_taken":21,"max_hp_gain":0,"max_hp_loss":0,"event_name":"Cursed Tome","floor":28,"gold_loss":0},{"damage_healed":0,"gold_gain":0,"player_choice":"Obtained Relic","damage_taken":0,"relics_obtained":["Nunchaku"],"max_hp_gain":0,"max_hp_loss":0,"event_name":"Addict","floor":30,"gold_loss":85}],"is_beta":false,"boss_relics":[{"not_picked":["Fusion Hammer","Black Star"],"picked":"Mark of Pain"}],"items_purged_floors":[19],"is_endless":false,"potions_floor_spawned":[7,13,14,29],"killed_by":"Snake Plant","ascension_level":19}