{"gold_per_floor":[119,294,35,110,110,139,153,171,197,197,197,197,225,239,239,344,344,356,373,121,141,152,152,179,179],"floor_reached":25,"playtime":1802,"items_purged":["Doubt","Bash"],"score":231,"play_id":"8279082a-13da-41c7-9833-20bc1aa46a0c","local_time":"20190130184647","is_ascension_mode":false,"campfire_choices":[{"data":"True Grit","floor":10,"key":"SMITH"},{"data":"Thunderclap","floor":12,"key":"SMITH"},{"data":"Fiend Fire","floor":15,"key":"SMITH"},{"data":"Entrench","floor":23,"key":"SMITH"}],"neow_cost":"NONE","seed_source_timestamp":1064697461881326,"circlet_count":0,"master_deck":["Strike_R","Strike_R","Strike_R","Strike_R","Defend_R","Defend_R","Defend_R","Defend_R+1","Cleave","Apotheosis+1","Thunderclap+1","True Grit+1","Fiend Fire+1","Feel No Pain+1","Demon Form+1","Entrench+1","Evolve+1","Heavy Blade+1","Berserk+1","Ghostly Armor"],"relics":["Burning Blood","Pen Nib","War Paint","Lantern","Frozen Egg 2","Ornamental Fan","Eternal Feather","Bronze Scales","Peace Pipe"],"potions_floor_usage":[16,19,24,24,25],"damage_taken":[{"damage":1,"enemies":"Cultist","floor":1,"turns":4},{"damage":8,"enemies":"Lagavulin","floor":6,"turns":8},{"damage":0,"enemies":"2 Louse","floor":7,"turns":2},{"damage":0,"enemies":"Small Slimes","floor":8,"turns":2},{"damage":6,"enemies":"Gremlin Nob","floor":13,"turns":3},{"damage":9,"enemies":"Exordium Thugs","floor":14,"turns":4},{"damage":43,"enemies":"Hexaghost","floor":16,"turns":15},{"damage":21,"enemies":"Shell Parasite","floor":18,"turns":7},{"damage":10,"enemies":"Chosen","floor":19,"turns":3},{"damage":0,"enemies":"Centurion and Healer","floor":21,"turns":7},{"damage":26,"enemies":"Snake Plant","floor":22,"turns":4},{"damage":54,"enemies":"Gremlin Leader","floor":24,"turns":7},{"damage":16,"enemies":"Snecko","floor":25,"turns":3}],"seed_played":"-1780737449843478662","potions_obtained":[{"floor":8,"key":"EssenceOfSteel"},{"floor":13,"key":"Explosive Potion"},{"floor":14,"key":"Energy Potion"},{"floor":18,"key":"Regen Potion"},{"floor":21,"key":"Fire Potion"},{"floor":22,"key":"PowerPotion"}],"is_trial":false,"path_per_floor":["M","?","$","?","?","E","M","M","T","R","?","R","E","M","R","B",null,"M","M","$","M","M","R","E","M"],"character_chosen":"IRONCLAD","items_purchased":["Apotheosis","Bronze Scales"],"campfire_rested":0,"item_purchase_floors":[3,20],"current_hp_per_floor":[80,80,80,69,69,67,73,79,79,79,79,79,79,76,76,39,80,65,66,66,72,52,61,13,0],"gold":179,"neow_bonus":"RANDOM_COMMON_RELIC","is_prod":false,"is_daily":false,"chose_seed":false,"campfire_upgraded":4,"win_rate":0.0,"timestamp":1548892007,"path_taken":["M","?","$","?","?","E","M","?","T","R","?","R","E","M","R","BOSS","M","M","$","M","M","R","E","M"],"build_version":"2019-01-23","purchased_purges":2,"victory":false,"max_hp_per_floor":[80,80,80,80,80,80,80,80,80,80,80,80,80,80,80,80,80,80,80,80,80,80,80,80,80],"card_choices":[{"not_picked":["Clash","Metallicize"],"picked":"Cleave","floor":1},{"not_picked":["Corruption","Hemokinesis"],"picked":"Thunderclap","floor":6},{"not_picked":["Wild Strike","Inflame"],"picked":"True Grit","floor":7},{"not_picked":["True Grit","Flex"],"picked":"Fiend Fire","floor":8},{"not_picked":["Warcry","Flex"],"picked":"Feel No Pain+1","floor":13},{"not_picked":["Thunderclap","Whirlwind","Body Slam"],"picked":"SKIP","floor":14},{"not_picked":["Immolate","Barricade+1"],"picked":"Demon Form+1","floor":16},{"not_picked":["Armaments+1","Heavy Blade"],"picked":"Entrench","floor":18},{"not_picked":["Thunderclap","Clash"],"picked":"Evolve+1","floor":19},{"not_picked":["Power Through","Intimidate+1"],"picked":"Heavy Blade+1","floor":21},{"not_picked":["Clash","Pommel Strike"],"picked":"Berserk+1","floor":22},{"not_picked":["Headbutt+1","Reckless Charge"],"picked":"Ghostly Armor","floor":24}],"player_experience":90664,"relics_obtained":[{"floor":6,"key":"War Paint"},{"floor":9,"key":"Lantern"},{"floor":11,"key":"Frozen Egg 2"},{"floor":13,"key":"Ornamental Fan"},{"floor":24,"key":"Peace Pipe"}],"event_choices":[{"damage_healed":0,"gold_gain":175,"player_choice":"AGREE","damage_taken":0,"max_hp_gain":0,"max_hp_loss":0,"event_name":"Liars Game","floor":2,"gold_loss":0,"cards_obtained":["Doubt"]},{"damage_healed":0,"gold_gain":75,"player_choice":"Gather Gold","damage_taken":11,"max_hp_gain":0,"max_hp_loss":0,"event_name":"World of Goop","floor":4,"gold_loss":0},{"cards_removed":["Strike_R"],"damage_healed":0,"gold_gain":0,"player_choice":"Purged","damage_taken":0,"max_hp_gain":0,"max_hp_loss":0,"event_name":"Purifier","floor":5,"gold_loss":0},{"damage_healed":0,"gold_gain":0,"player_choice":"Relic","damage_taken":0,"max_hp_gain":0,"max_hp_loss":0,"event_name":"Wheel of Change","floor":11,"gold_loss":0}],"is_beta":false,"boss_relics":[{"not_picked":["White Beast Statue","Runic Dome"],"picked":"Eternal Feather"}],"items_purged_floors":[3,20],"is_endless":false,"potions_floor_spawned":[8,13,14,18,21,22],"killed_by":"Snecko","ascension_level":0}