{"gold_per_floor":[20,33,33,44,44,44,85,85,132,132,43,84,9,9,9,98,98,123,123,23,23,37,37,57,57,57,77,92,5,5,17,17,91,91,104,6,6],"floor_reached":37,"playtime":2212,"items_purged":["Strike_G","Strike_G"],"score":675,"play_id":"43ee96d0-ba47-47b3-aa72-ab6daeafc71e","local_time":"20190413181102","is_ascension_mode":true,"campfire_choices":[{"data":"Underhanded Strike","floor":6,"key":"SMITH"},{"floor":8,"key":"REST"},{"data":"Noxious Fumes","floor":10,"key":"SMITH"},{"data":"Well Laid Plans","floor":15,"key":"SMITH"},{"floor":23,"key":"REST"},{"data":"Predator","floor":25,"key":"SMITH"},{"data":"Reflex","floor":30,"key":"SMITH"},{"floor":32,"key":"REST"}],"neow_cost":"NO_GOLD","seed_source_timestamp":318374975224867,"circlet_count":0,"master_deck":["AscendersBane","Defend_G","Defend_G","Defend_G","Defend_G","Defend_G","Strike_G","Strike_G","Strike_G","Survivor","Neutralize","Dagger Throw","Acrobatics","Underhanded Strike+1","Noxious Fumes+1","Well Laid Plans+1","Prepared","Malaise","Dagger Spray","PiercingWail","Predator+1","Reflex+1","Blur","Footwork","Deflect","Bullet Time","Bandage Up"],"relics":["Ring of the Snake","Incense Burner","Bloody Idol","Pen Nib","Art of War","Dead Branch","HoveringKite","Kunai","Velvet Choker"],"potions_floor_usage":[22,28,31,35],"damage_taken":[{"damage":0,"enemies":"Jaw Worm","floor":1,"turns":5},{"damage":0,"enemies":"2 Louse","floor":2,"turns":2},{"damage":0,"enemies":"Small Slimes","floor":4,"turns":4},{"damage":32,"enemies":"Gremlin Nob","floor":7,"turns":4},{"damage":8,"enemies":"3 Sentries","floor":12,"turns":7},{"damage":28,"enemies":"Slime Boss","floor":16,"turns":8},{"damage":33,"enemies":"Spheric Guardian","floor":18,"turns":5},{"damage":4,"enemies":"3 Byrds","floor":22,"turns":5},{"damage":3,"enemies":"Snake Plant","floor":24,"turns":5},{"damage":9,"enemies":"3 Cultists","floor":27,"turns":5},{"damage":1,"enemies":"Cultist and Chosen","floor":28,"turns":6},{"damage":0,"enemies":"Sentry and Sphere","floor":31,"turns":6},{"damage":53,"enemies":"Collector","floor":33,"turns":11},{"damage":40,"enemies":"3 Darklings","floor":35,"turns":7},{"damage":19,"enemies":"Orb Walker","floor":37,"turns":3}],"seed_played":"-8512916377784892805","potions_obtained":[{"floor":16,"key":"Ancient Potion"},{"floor":18,"key":"SpeedPotion"},{"floor":24,"key":"SkillPotion"},{"floor":33,"key":"SpeedPotion"}],"is_trial":false,"path_per_floor":["M","M","?","M","?","R","E","R","T","R","$","E","$","?","R","B",null,"M","?","$","?","M","R","M","R","T","M","M","$","R","M","R","B",null,"M","$","M"],"character_chosen":"THE_SILENT","items_purchased":["Well Laid Plans","Footwork","Bandage Up"],"campfire_rested":3,"item_purchase_floors":[11,29,36],"current_hp_per_floor":[59,59,64,64,64,64,32,51,51,51,51,43,43,43,43,15,52,19,19,19,19,20,39,41,41,41,37,41,41,41,46,64,16,52,17,17,0],"gold":6,"neow_bonus":"ONE_RARE_RELIC","is_prod":false,"is_daily":false,"chose_seed":false,"campfire_upgraded":5,"win_rate":0,"timestamp":1555193462,"path_taken":["M","M","?","M","?","R","E","R","T","R","$","E","$","?","R","BOSS","M","?","$","?","M","R","?","R","T","M","M","?","R","M","R","BOSS","M","$","M"],"build_version":"2019-01-23","purchased_purges":2,"victory":false,"max_hp_per_floor":[66,66,71,71,64,64,64,64,64,64,64,64,64,64,64,64,64,64,64,64,64,64,64,64,64,64,64,64,64,64,64,64,64,64,64,64,64],"card_choices":[{"not_picked":["Deflect","PiercingWail"],"picked":"Dagger Throw","floor":1},{"not_picked":["Dodge and Roll","Doppelganger"],"picked":"Acrobatics","floor":2},{"not_picked":["Terror","Dagger Throw"],"picked":"Underhanded Strike","floor":4},{"not_picked":["Dodge and Roll","Slice"],"picked":"Noxious Fumes","floor":7},{"not_picked":["Cloak And Dagger","Deadly Poison"],"picked":"Prepared","floor":12},{"not_picked":["Phantasmal Killer","Storm of Steel"],"picked":"Malaise","floor":16},{"not_picked":["Riddle With Holes","Finisher+1"],"picked":"Dagger Spray","floor":18},{"not_picked":["Slice","Quick Slash"],"picked":"PiercingWail","floor":22},{"not_picked":["Concentrate","Infinite Blades"],"picked":"Predator","floor":24},{"not_picked":["Blade Dance","Backstab+1"],"picked":"Reflex","floor":27},{"not_picked":["Poisoned Stab+1","Terror"],"picked":"Blur","floor":28},{"not_picked":["Dagger Throw","Concentrate+1"],"picked":"Deflect","floor":31},{"not_picked":["Grand Finale","Doppelganger"],"picked":"Bullet Time","floor":33},{"not_picked":["Dodge and Roll","Bane","Poisoned Stab+1"],"picked":"SKIP","floor":35}],"player_experience":575736,"relics_obtained":[{"floor":7,"key":"Pen Nib"},{"floor":9,"key":"Art of War"},{"floor":12,"key":"Dead Branch"},{"floor":26,"key":"Kunai"}],"event_choices":[{"damage_healed":0,"gold_gain":0,"player_choice":"Donut","damage_taken":0,"max_hp_gain":5,"max_hp_loss":0,"event_name":"Big Fish","floor":3,"gold_loss":0},{"damage_healed":0,"gold_gain":0,"player_choice":"Lose Max HP","damage_taken":0,"relics_obtained":["Golden Idol"],"max_hp_gain":0,"max_hp_loss":7,"event_name":"Golden Idol","floor":5,"gold_loss":0},{"damage_healed":0,"gold_gain":0,"player_choice":"Leave","damage_taken":0,"max_hp_gain":0,"max_hp_loss":0,"event_name":"The Cleric","floor":14,"gold_loss":0},{"damage_healed":0,"gold_gain":0,"player_choice":"Gave Idol","damage_taken":0,"relics_obtained":["Bloody Idol"],"max_hp_gain":0,"max_hp_loss":0,"event_name":"Forgotten Altar","floor":19,"relics_lost":["Golden Idol"],"gold_loss":0},{"damage_healed":0,"gold_gain":0,"player_choice":"Ignored","damage_taken":0,"max_hp_gain":0,"max_hp_loss":0,"event_name":"N\u0027loth","floor":21,"gold_loss":0}],"is_beta":false,"boss_relics":[{"not_picked":["Calling Bell","Runic Dome"],"picked":"HoveringKite"},{"not_picked":["Tiny House","Black Star"],"picked":"Velvet Choker"}],"items_purged_floors":[13,20],"is_endless":false,"potions_floor_spawned":[16,18,24,33],"killed_by":"Orb Walker","ascension_level":16}