{"gold_per_floor":[117,137,137,137,155,155,155,186,186,186,225,225,258,273,273,369,369,389,389,64,89,89,127,150,150,202,202,43,86,86],"floor_reached":30,"playtime":1317,"items_purged":["Strike_R"],"score":554,"play_id":"21b188cc-f58e-4775-88d4-94c31f89cadf","local_time":"20190622194936","is_ascension_mode":true,"campfire_choices":[{"data":"Uppercut","floor":6,"key":"SMITH"},{"floor":10,"key":"REST"},{"data":"1","floor":12,"key":"LIFT"},{"floor":15,"key":"REST"},{"data":"Demon Form","floor":25,"key":"SMITH"},{"floor":27,"key":"REST"}],"neow_cost":"PERCENT_DAMAGE","seed_source_timestamp":852182596562886,"circlet_count":0,"master_deck":["AscendersBane","Strike_R","Strike_R","Defend_R","Defend_R","Defend_R","Defend_R","Bash","Feed","Uppercut+1","Shrug It Off","Headbutt","Battle Trance","Power Through","Shockwave","Immolate","Demon Form+1","Battle Trance","Power Through+1","Iron Wave","Sword Boomerang"],"relics":["Black Blood","Golden Idol","Blue Candle","Omamori","Girya","Oddly Smooth Stone","Bottled Tornado","Letter Opener","Lantern","Vajra"],"potions_floor_usage":[11,13,13,16,21,29,30,30],"damage_taken":[{"damage":6,"enemies":"2 Louse","floor":1,"turns":4},{"damage":4,"enemies":"Small Slimes","floor":2,"turns":3},{"damage":6,"enemies":"Jaw Worm","floor":5,"turns":4},{"damage":44,"enemies":"Gremlin Nob","floor":8,"turns":5},{"damage":30,"enemies":"Lagavulin","floor":11,"turns":4},{"damage":15,"enemies":"Gremlin Nob","floor":13,"turns":5},{"damage":6,"enemies":"Lots of Slimes","floor":14,"turns":6},{"damage":18,"enemies":"The Guardian","floor":16,"turns":15},{"damage":16,"enemies":"Chosen","floor":18,"turns":4},{"damage":61,"enemies":"3 Byrds","floor":21,"turns":6},{"damage":56,"enemies":"Gremlin Leader","floor":23,"turns":8},{"damage":26,"enemies":"Centurion and Healer","floor":24,"turns":7},{"damage":71,"enemies":"Slavers","floor":29,"turns":7},{"damage":16,"enemies":"Snake Plant","floor":30,"turns":5}],"seed_played":"5600462482502476721","potions_obtained":[{"floor":2,"key":"Dexterity Potion"},{"floor":8,"key":"AttackPotion"},{"floor":11,"key":"PowerPotion"},{"floor":14,"key":"SpeedPotion"},{"floor":24,"key":"LiquidBronze"},{"floor":29,"key":"Weak Potion"}],"is_trial":false,"path_per_floor":["M","M","?","?","M","R","$","E","T","R","E","R","E","M","R","B",null,"M","?","$","M","?","E","M","R","T","R","$","E","M"],"character_chosen":"IRONCLAD","items_purchased":["Bottled Tornado","AttackPotion","Regen Potion"],"campfire_rested":3,"item_purchase_floors":[20,20,28],"current_hp_per_floor":[53,58,51,51,54,54,54,19,19,42,21,21,12,15,40,28,71,65,65,65,17,88,42,29,29,29,56,56,13,0],"gold":86,"neow_bonus":"THREE_RARE_CARDS","is_prod":false,"is_daily":false,"chose_seed":false,"campfire_upgraded":2,"win_rate":0,"timestamp":1561258176,"path_taken":["M","M","?","?","M","R","$","E","T","R","E","R","E","M","R","BOSS","M","?","$","?","?","E","M","R","T","R","$","E","?"],"build_version":"2019-01-23","purchased_purges":1,"victory":false,"max_hp_per_floor":[78,81,81,73,76,76,76,79,79,79,82,82,82,85,85,85,85,85,85,85,88,88,88,91,91,91,91,91,94,94],"card_choices":[{"not_picked":["Barricade","Fiend Fire"],"picked":"Feed","floor":0},{"not_picked":["Heavy Blade","Hemokinesis"],"picked":"Uppercut","floor":1},{"not_picked":["Armaments","Sword Boomerang"],"picked":"Shrug It Off","floor":2},{"not_picked":["Rupture","Twin Strike"],"picked":"Headbutt","floor":5},{"not_picked":["Whirlwind","Heavy Blade"],"picked":"Battle Trance","floor":8},{"not_picked":["Armaments","Dual Wield"],"picked":"Power Through","floor":11},{"not_picked":["Cleave","Seeing Red"],"picked":"Shockwave","floor":13},{"not_picked":["Disarm","True Grit"],"picked":"Immolate","floor":14},{"not_picked":["Berserk","Juggernaut"],"picked":"Demon Form","floor":16},{"not_picked":["Bloodletting","Twin Strike"],"picked":"Battle Trance","floor":18},{"not_picked":["Inflame","Clash"],"picked":"Power Through+1","floor":21},{"not_picked":["Warcry","Body Slam"],"picked":"Iron Wave","floor":23},{"not_picked":["Dropkick","Warcry","Flex+1"],"picked":"SKIP","floor":24},{"not_picked":["Fire Breathing","Dual Wield"],"picked":"Sword Boomerang","floor":29}],"player_experience":1049284,"relics_obtained":[{"floor":8,"key":"Blue Candle"},{"floor":9,"key":"Omamori"},{"floor":11,"key":"Girya"},{"floor":13,"key":"Oddly Smooth Stone"},{"floor":23,"key":"Letter Opener"},{"floor":26,"key":"Lantern"},{"floor":29,"key":"Vajra"}],"event_choices":[{"cards_removed":["Strike_R"],"damage_healed":0,"gold_gain":0,"player_choice":"Card Removal","damage_taken":7,"max_hp_gain":0,"max_hp_loss":0,"event_name":"Golden Wing","floor":3,"gold_loss":0},{"damage_healed":0,"gold_gain":0,"player_choice":"Lose Max HP","damage_taken":0,"relics_obtained":["Golden Idol"],"max_hp_gain":0,"max_hp_loss":8,"event_name":"Golden Idol","floor":4,"gold_loss":0},{"damage_healed":0,"gold_gain":0,"cards_transformed":["Strike_R"],"player_choice":"Transformed","damage_taken":0,"max_hp_gain":0,"max_hp_loss":0,"event_name":"Transmorgrifier","floor":19,"gold_loss":0,"cards_obtained":["Rampage"]},{"cards_removed":["Rampage"],"damage_healed":71,"gold_gain":0,"player_choice":"Offered Uncommon","damage_taken":0,"max_hp_gain":0,"max_hp_loss":0,"event_name":"Bonfire Elementals","floor":22,"gold_loss":0}],"is_beta":false,"boss_relics":[{"not_picked":["Tiny House","Pandora\u0027s Box"],"picked":"Black Blood"}],"items_purged_floors":[28],"is_endless":false,"potions_floor_spawned":[2,8,11,14,24,29],"killed_by":"Snake Plant","ascension_level":19}