{"gold_per_floor":[116,127,144,65,65,91,91,91,117,130,140,167,167,167],"floor_reached":14,"playtime":483,"items_purged":[],"score":113,"play_id":"0f8d9f7f-99a7-4f65-93a7-637b3c39a6ff","local_time":"20190613183815","is_ascension_mode":true,"campfire_choices":[{"floor":7.0,"key":"REST"}],"neow_cost":"NONE","seed_source_timestamp":0,"circlet_count":0,"master_deck":["Defend_G","Defend_G","Defend_G","Defend_G","Defend_G","Strike_G","Strike_G","Strike_G","Strike_G","Survivor","Neutralize","Backflip","Blade Dance","Infinite Blades","Footwork","Regret","Backstab","Noxious Fumes","Blade Dance","Outmaneuver"],"special_seed":0,"relics":["Ring of the Snake","NeowsBlessing","Dream Catcher","The Specimen","Centennial Puzzle","Odd Mushroom","WingedGreaves"],"potions_floor_usage":[],"damage_taken":[{"damage":0.0,"enemies":"Cultist","floor":1.0,"turns":1.0},{"damage":0.0,"enemies":"Small Slimes","floor":2.0,"turns":1.0},{"damage":0.0,"enemies":"2 Louse","floor":3.0,"turns":1.0},{"damage":27.0,"enemies":"Lagavulin","floor":6.0,"turns":11.0},{"damage":0.0,"enemies":"Exordium Wildlife","floor":10.0,"turns":4.0},{"damage":6.0,"enemies":"Looter","floor":11.0,"turns":3.0},{"damage":16.0,"enemies":"The Mushroom Lair","floor":12.0,"turns":4.0},{"damage":0,"enemies":"Gremlin Gang","floor":14,"turns":1}],"seed_played":"-1263778389394557204","potions_obtained":[{"floor":3.0,"key":"Block Potion"},{"floor":10.0,"key":"SteroidPotion"},{"floor":12.0,"key":"Ancient Potion"}],"is_trial":false,"path_per_floor":["M","M","M","$","?","E","R","?","T","M","M","?","?","M"],"character_chosen":"THE_SILENT","items_purchased":["Footwork"],"campfire_rested":1,"item_purchase_floors":[4],"current_hp_per_floor":[70,70,70,70,70,43,64,57,57,57,51,35,23,23],"gold":167,"neow_bonus":"THREE_ENEMY_KILL","is_prod":false,"is_daily":false,"chose_seed":false,"campfire_upgraded":0,"win_rate":0,"timestamp":1560469095,"path_taken":["M","?","M","$","?","E","R","?","T","M","M","?","?","?"],"build_version":"2019-01-23","purchased_purges":0,"victory":false,"max_hp_per_floor":[70,70,70,70,70,70,70,70,70,70,70,70,70,70],"card_choices":[{"not_picked":["Dagger Spray","Dagger Throw"],"picked":"Backflip","floor":1.0},{"not_picked":["Dodge and Roll","Reflex"],"picked":"Blade Dance","floor":2.0},{"not_picked":["Sucker Punch","Deadly Poison"],"picked":"Infinite Blades","floor":3.0},{"not_picked":["Slice","Flechettes"],"picked":"Backstab","floor":6.0},{"not_picked":["Quick Slash","Deflect"],"picked":"Noxious Fumes","floor":7.0},{"not_picked":["Dagger Throw","PiercingWail"],"picked":"Blade Dance","floor":10.0},{"not_picked":["Eviscerate","Dash","Deadly Poison"],"picked":"SKIP","floor":11.0},{"not_picked":["Expertise","Crippling Poison"],"picked":"Outmaneuver","floor":12.0}],"player_experience":93839,"relics_obtained":[{"floor":6.0,"key":"The Specimen"},{"floor":9.0,"key":"Centennial Puzzle"},{"floor":12.0,"key":"Odd Mushroom"}],"event_choices":[{"damage_healed":0.0,"max_hp_gain":0.0,"max_hp_loss":0.0,"gold_gain":0.0,"event_name":"Big Fish","player_choice":"Box","floor":5.0,"gold_loss":0.0,"damage_taken":0.0,"relics_obtained":["Dream Catcher"],"cards_obtained":["Regret"]},{"cards_removed":["Strike_G"],"damage_healed":0.0,"max_hp_gain":0.0,"max_hp_loss":0.0,"gold_gain":0.0,"event_name":"Golden Wing","player_choice":"Card Removal","floor":8.0,"gold_loss":0.0,"damage_taken":7.0},{"damage_healed":0.0,"max_hp_gain":0.0,"max_hp_loss":0.0,"gold_gain":0.0,"event_name":"Mushrooms","player_choice":"Fought Mushrooms","floor":12.0,"gold_loss":0.0,"damage_taken":0.0},{"damage_healed":0.0,"max_hp_gain":0.0,"max_hp_loss":0.0,"gold_gain":0.0,"event_name":"Scrap Ooze","player_choice":"Success","floor":13.0,"gold_loss":0.0,"damage_taken":12.0,"relics_obtained":["WingedGreaves"]}],"is_beta":false,"boss_relics":[],"items_purged_floors":[],"is_endless":false,"potions_floor_spawned":[3,10,12],"killed_by":"Gremlin Gang","ascension_level":5}