{"gold_per_floor":[119,129,147,163,180,180,208,224,224,224,224,250,265,265,265,368,368,379,398,416,341,351,351,384,384,384,399,399,412,430,55,55,154,154,173,173,173,191,202,202,232,232,232,264,264],"floor_reached":45,"playtime":2722,"items_purged":["Strike_R"],"score":731,"play_id":"11e3395a-4d8d-4ea5-9715-e706eacbe56c","local_time":"20190620224438","is_ascension_mode":true,"campfire_choices":[{"data":"Body Slam","floor":6,"key":"SMITH"},{"data":"Shrug It Off","floor":11,"key":"SMITH"},{"data":"Defend_R","floor":15,"key":"SMITH"},{"floor":23,"key":"REST"},{"data":"Impervious","floor":25,"key":"SMITH"},{"floor":32,"key":"REST"},{"data":"Armaments","floor":40,"key":"SMITH"},{"data":"Rage","floor":42,"key":"SMITH"}],"neow_cost":"TEN_PERCENT_HP_LOSS","seed_source_timestamp":102119328384735,"circlet_count":0,"master_deck":["Defend_R+1","Defend_R","Defend_R+1","Defend_R+1","Bash","Body Slam+1","Immolate","Shrug It Off+1","Demon Form","Shrug It Off+1","Armaments+1","Headbutt","Impervious+1","Armaments+1","Reaper","Sentinel+1","Barricade+1","Juggernaut+1","Rage+1","Dual Wield+1","Impervious"],"relics":["Burning Blood","Thread and Needle","Dream Catcher","Ancient Tea Set","Red Skull","Philosopher\u0027s Stone","War Paint","Bottled Tornado","Gambling Chip","Astrolabe","Molten Egg 2","Gremlin Horn","Ornamental Fan"],"potions_floor_usage":[3,4,12,16,20,22,24,33,38,44,45],"damage_taken":[{"damage":2,"enemies":"Cultist","floor":1,"turns":3},{"damage":3,"enemies":"Small Slimes","floor":2,"turns":4},{"damage":0,"enemies":"2 Louse","floor":3,"turns":1},{"damage":8,"enemies":"Large Slime","floor":4,"turns":6},{"damage":13,"enemies":"Exordium Wildlife","floor":5,"turns":4},{"damage":16,"enemies":"Gremlin Nob","floor":7,"turns":4},{"damage":0,"enemies":"3 Louse","floor":8,"turns":1},{"damage":14,"enemies":"Lagavulin","floor":12,"turns":7},{"damage":0,"enemies":"2 Fungi Beasts","floor":13,"turns":2},{"damage":24,"enemies":"The Guardian","floor":16,"turns":16},{"damage":0,"enemies":"Chosen","floor":18,"turns":4},{"damage":10,"enemies":"Shell Parasite","floor":19,"turns":4},{"damage":0,"enemies":"3 Cultists","floor":20,"turns":4},{"damage":37,"enemies":"Shelled Parasite and Fungi","floor":22,"turns":5},{"damage":0,"enemies":"Slavers","floor":24,"turns":5},{"damage":14,"enemies":"Centurion and Healer","floor":27,"turns":4},{"damage":23,"enemies":"3 Cultists","floor":29,"turns":5},{"damage":21,"enemies":"Shelled Parasite and Fungi","floor":30,"turns":4},{"damage":70,"enemies":"Champ","floor":33,"turns":13},{"damage":0,"enemies":"Orb Walker","floor":35,"turns":4},{"damage":3,"enemies":"3 Shapes","floor":38,"turns":4},{"damage":0,"enemies":"Spire Growth","floor":39,"turns":5},{"damage":0,"enemies":"Nemesis","floor":41,"turns":9},{"damage":0,"enemies":"Giant Head","floor":44,"turns":6},{"damage":90,"enemies":"2 Orb Walkers","floor":45,"turns":6}],"seed_played":"2426750091166717581","potions_obtained":[{"floor":1,"key":"AttackPotion"},{"floor":2,"key":"Explosive Potion"},{"floor":8,"key":"Regen Potion"},{"floor":13,"key":"Weak Potion"},{"floor":19,"key":"PowerPotion"},{"floor":20,"key":"Explosive Potion"},{"floor":22,"key":"Explosive Potion"},{"floor":30,"key":"Regen Potion"},{"floor":35,"key":"FearPotion"},{"floor":38,"key":"Weak Potion"},{"floor":39,"key":"GamblersBrew"}],"is_trial":false,"path_per_floor":["M","M","M","M","M","R","E","M","T","?","R","E","M","?","R","B",null,"M","M","M","?","M","R","E","R","T","M","?","M","M","$","R","B",null,"M","?","?","M","M","R","E","R","T","E","?"],"character_chosen":"IRONCLAD","items_purchased":["Gambling Chip"],"campfire_rested":2,"item_purchase_floors":[31],"current_hp_per_floor":[72,72,72,70,63,63,53,59,59,59,59,65,71,71,71,53,72,72,68,72,72,41,62,68,68,68,60,72,55,40,40,61,8,72,72,72,72,72,72,72,72,72,72,72,0],"gold":264,"neow_bonus":"ONE_RARE_RELIC","is_prod":false,"is_daily":false,"chose_seed":false,"campfire_upgraded":6,"win_rate":0,"timestamp":1561095878,"path_taken":["M","?","M","M","M","R","E","M","T","?","R","E","M","?","R","BOSS","M","M","M","?","M","R","E","R","T","M","?","M","M","$","R","BOSS","M","?","?","M","M","R","E","R","T","E","?"],"build_version":"2019-01-23","purchased_purges":1,"victory":false,"max_hp_per_floor":[72,72,72,72,72,72,72,72,72,72,72,72,72,72,72,72,72,72,72,72,72,72,72,72,72,72,72,72,72,72,72,72,72,72,72,72,72,72,72,72,72,72,72,72,72],"card_choices":[{"not_picked":["Thunderclap","Inflame"],"picked":"Body Slam","floor":1},{"not_picked":["Thunderclap","Clash","Clothesline"],"picked":"SKIP","floor":2},{"not_picked":["Thunderclap","Rampage","Clash"],"picked":"SKIP","floor":3},{"not_picked":["Wild Strike","Clash"],"picked":"Immolate","floor":4},{"not_picked":["Wild Strike","Body Slam","Infernal Blade"],"picked":"SKIP","floor":5},{"not_picked":["Rupture","Havoc","Exhume"],"picked":"SKIP","floor":7},{"not_picked":["Carnage","Perfected Strike"],"picked":"Shrug It Off","floor":8},{"not_picked":["Inflame","Second Wind","Heavy Blade"],"picked":"SKIP","floor":12},{"not_picked":["Clash","Sword Boomerang","Anger"],"picked":"SKIP","floor":13},{"not_picked":["Bludgeon","Dark Embrace"],"picked":"Demon Form","floor":16},{"not_picked":["Thunderclap","Inflame","Havoc"],"picked":"SKIP","floor":18},{"not_picked":["Clash","Disarm"],"picked":"Shrug It Off","floor":19},{"not_picked":["True Grit","Warcry"],"picked":"Armaments","floor":20},{"not_picked":["Metallicize","Dropkick"],"picked":"Headbutt","floor":22},{"not_picked":["Feed","Dropkick"],"picked":"Headbutt","floor":23},{"not_picked":["Perfected Strike+1","Second Wind"],"picked":"Impervious","floor":24},{"not_picked":["Second Wind","Perfected Strike","Havoc+1"],"picked":"SKIP","floor":27},{"not_picked":["Heavy Blade","Corruption","Hemokinesis"],"picked":"SKIP","floor":29},{"not_picked":["Blood for Blood","Clash+1"],"picked":"Armaments+1","floor":30},{"not_picked":["Berserk","Fiend Fire"],"picked":"Reaper","floor":33},{"not_picked":["Searing Blow+1","Heavy Blade+1"],"picked":"Rage","floor":35},{"not_picked":["Headbutt+1","Disarm+1","Flex"],"picked":"SKIP","floor":38},{"not_picked":["Clothesline+1","Havoc","Perfected Strike"],"picked":"SKIP","floor":39},{"not_picked":["Heavy Blade+1","Wild Strike+1"],"picked":"Dual Wield+1","floor":41},{"not_picked":["Havoc","Feel No Pain"],"picked":"Impervious","floor":44}],"player_experience":450494,"relics_obtained":[{"floor":7,"key":"Dream Catcher"},{"floor":9,"key":"Ancient Tea Set"},{"floor":12,"key":"Red Skull"},{"floor":24,"key":"War Paint"},{"floor":26,"key":"Bottled Tornado"},{"floor":41,"key":"Molten Egg 2"},{"floor":43,"key":"Gremlin Horn"},{"floor":44,"key":"Ornamental Fan"}],"event_choices":[{"damage_healed":0,"gold_gain":0,"player_choice":"Ignored","damage_taken":0,"max_hp_gain":0,"max_hp_loss":0,"event_name":"Liars Game","floor":10,"gold_loss":0},{"damage_healed":0,"gold_gain":0,"player_choice":"Grow","damage_taken":0,"max_hp_gain":0,"max_hp_loss":0,"event_name":"Living Wall","floor":14,"gold_loss":0,"cards_upgraded":["Defend_R"]},{"cards_removed":["Strike_R"],"damage_healed":0,"gold_gain":0,"player_choice":"Gave Gold","damage_taken":0,"max_hp_gain":0,"max_hp_loss":0,"event_name":"Beggar","floor":21,"gold_loss":75},{"damage_healed":24,"gold_gain":0,"player_choice":"Heal","damage_taken":0,"max_hp_gain":0,"max_hp_loss":0,"event_name":"The Library","floor":28,"gold_loss":0},{"damage_healed":0,"gold_gain":0,"player_choice":"Memory 1","damage_taken":0,"max_hp_gain":0,"max_hp_loss":0,"event_name":"SensoryStone","floor":36,"gold_loss":0},{"cards_removed":["Headbutt"],"damage_healed":0,"gold_gain":0,"player_choice":"Removed Attack","damage_taken":0,"max_hp_gain":0,"max_hp_loss":0,"event_name":"Falling","floor":37,"gold_loss":0},{"damage_healed":0,"gold_gain":0,"player_choice":"Fight","damage_taken":0,"max_hp_gain":0,"max_hp_loss":0,"event_name":"Mysterious Sphere","floor":45,"gold_loss":0}],"is_beta":false,"boss_relics":[{"not_picked":["Black Blood","Eternal Feather"],"picked":"Philosopher\u0027s Stone"},{"not_picked":["Snecko Eye","Calling Bell"],"picked":"Astrolabe"}],"items_purged_floors":[31],"is_endless":false,"potions_floor_spawned":[1,2,8,13,19,20,22,30,35,38,39],"killed_by":"2 Orb Walkers","ascension_level":4}