{"gold_per_floor":[117,67,16,0,0,27,44,64,87,106,132,132,148,160,160,260,260,277,78,78,78,98,123,123,155,180,195,211,61,61,61,61,61],"floor_reached":33,"playtime":1461,"items_purged":["Decay"],"score":325,"play_id":"dcaa429a-acf4-4798-ac1c-d9e8b2115ba2","local_time":"20190204210945","is_ascension_mode":true,"campfire_choices":[{"data":"True Grit","floor":12,"key":"SMITH"},{"data":"Heavy Blade","floor":15,"key":"SMITH"},{"floor":24,"key":"REST"},{"floor":30,"key":"REST"},{"floor":32,"key":"REST"}],"neow_cost":"NONE","seed_source_timestamp":389552148023140,"circlet_count":0,"master_deck":["Strike_R","Strike_R","Strike_R","Strike_R+1","Defend_R","Defend_R","Defend_R","Defend_R","Bash","Impatience","Iron Wave+1","Pommel Strike","Cleave","Inflame","Heavy Blade+1","True Grit+1","Reaper","Limit Break","Inflame","Iron Wave","Metallicize+1","Dual Wield+1","Armaments+1","Clash","Pommel Strike+1","Impervious+1"],"relics":["Burning Blood","Whetstone","Ancient Tea Set","Bag of Preparation","Fusion Hammer","Anchor","CultistMask","Toxic Egg 2","Bag of Marbles","Strawberry"],"potions_floor_usage":[10,16,16,16,28,33,33],"damage_taken":[{"damage":0,"enemies":"2 Louse","floor":1,"turns":2},{"damage":15,"enemies":"Gremlin Nob","floor":6,"turns":4},{"damage":2,"enemies":"Jaw Worm","floor":7,"turns":3},{"damage":4,"enemies":"Small Slimes","floor":8,"turns":3},{"damage":1,"enemies":"2 Fungi Beasts","floor":10,"turns":2},{"damage":24,"enemies":"Lagavulin","floor":11,"turns":7},{"damage":2,"enemies":"Red Slaver","floor":13,"turns":2},{"damage":10,"enemies":"Exordium Thugs","floor":14,"turns":4},{"damage":38,"enemies":"Hexaghost","floor":16,"turns":11},{"damage":19,"enemies":"Spheric Guardian","floor":18,"turns":4},{"damage":17,"enemies":"Shell Parasite","floor":22,"turns":5},{"damage":27,"enemies":"Book of Stabbing","floor":23,"turns":6},{"damage":49,"enemies":"Slavers","floor":25,"turns":7},{"damage":42,"enemies":"Snecko","floor":27,"turns":5},{"damage":23,"enemies":"Snake Plant","floor":28,"turns":5},{"damage":83,"enemies":"Collector","floor":33,"turns":7}],"seed_played":"3207213130525267141","potions_obtained":[{"floor":1,"key":"Dexterity Potion"},{"floor":8,"key":"Fire Potion"},{"floor":11,"key":"SpeedPotion"},{"floor":13,"key":"Poison Potion"},{"floor":16,"key":"LiquidBronze"},{"floor":22,"key":"Energy Potion"},{"floor":23,"key":"Poison Potion"}],"is_trial":false,"path_per_floor":["M","?","$","?","?","E","M","M","T","M","E","R","M","M","R","B",null,"M","$","?","?","M","E","R","E","T","M","M","$","R","$","R","B"],"character_chosen":"IRONCLAD","items_purchased":["Pommel Strike","Iron Wave","Anchor","Impervious+1"],"campfire_rested":3,"item_purchase_floors":[3,19,19,29],"current_hp_per_floor":[80,80,80,80,80,71,75,77,77,80,62,62,66,62,62,39,80,67,67,67,67,68,47,71,49,56,27,13,13,39,39,65,0],"gold":61,"neow_bonus":"RANDOM_COLORLESS","is_prod":false,"is_daily":false,"chose_seed":false,"campfire_upgraded":2,"win_rate":0,"timestamp":1549332585,"path_taken":["M","?","$","?","?","E","M","M","T","M","E","R","?","M","R","BOSS","M","$","?","?","M","E","R","E","T","M","?","$","R","?","R","BOSS"],"build_version":"2019-01-23","purchased_purges":1,"victory":false,"max_hp_per_floor":[80,80,80,80,80,80,80,80,80,80,80,80,80,80,80,80,80,80,80,80,80,80,80,80,80,87,87,87,87,87,87,87,87],"card_choices":[{"not_picked":["Fire Breathing","Battle Trance"],"picked":"Iron Wave","floor":1},{"not_picked":["Havoc","Sword Boomerang"],"picked":"Cleave","floor":6},{"not_picked":["Shockwave","Twin Strike","Blood for Blood"],"picked":"SKIP","floor":7},{"not_picked":["Clothesline","Second Wind"],"picked":"Inflame","floor":8},{"not_picked":["Cleave","Wild Strike"],"picked":"Heavy Blade","floor":10},{"not_picked":["Bloodletting","Wild Strike"],"picked":"True Grit","floor":11},{"not_picked":["Body Slam","True Grit","Warcry"],"picked":"SKIP","floor":13},{"not_picked":["Headbutt","Sword Boomerang"],"picked":"Reaper","floor":14},{"not_picked":["Barricade","Fiend Fire"],"picked":"Limit Break","floor":16},{"not_picked":["True Grit","Shrug It Off"],"picked":"Inflame","floor":18},{"not_picked":["Sentinel","True Grit"],"picked":"Metallicize+1","floor":22},{"not_picked":["Rampage","Searing Blow"],"picked":"Dual Wield","floor":23},{"not_picked":["Thunderclap","Sword Boomerang+1"],"picked":"Armaments+1","floor":25},{"not_picked":["Twin Strike+1","Havoc+1"],"picked":"Clash","floor":27},{"not_picked":["Feel No Pain","Rupture+1"],"picked":"Pommel Strike+1","floor":28}],"player_experience":157232,"relics_obtained":[{"floor":6,"key":"Whetstone"},{"floor":9,"key":"Ancient Tea Set"},{"floor":11,"key":"Bag of Preparation"},{"floor":23,"key":"Toxic Egg 2"},{"floor":25,"key":"Bag of Marbles"},{"floor":26,"key":"Strawberry"}],"event_choices":[{"cards_removed":["Strike_R"],"damage_healed":0,"gold_gain":0,"player_choice":"Card Removal","damage_taken":0,"max_hp_gain":0,"max_hp_loss":0,"event_name":"The Cleric","floor":2,"gold_loss":50},{"damage_healed":0,"gold_gain":0,"player_choice":"Left Gold","damage_taken":0,"max_hp_gain":0,"max_hp_loss":0,"event_name":"World of Goop","floor":4,"gold_loss":16},{"damage_healed":0,"gold_gain":0,"player_choice":"Ignored","damage_taken":0,"max_hp_gain":0,"max_hp_loss":0,"event_name":"Liars Game","floor":5,"gold_loss":0},{"damage_healed":0,"gold_gain":0,"player_choice":"Smashed Altar","damage_taken":0,"max_hp_gain":0,"max_hp_loss":0,"event_name":"Forgotten Altar","floor":20,"gold_loss":0,"cards_obtained":["Decay"]},{"damage_healed":0,"gold_gain":0,"player_choice":"Trade","damage_taken":0,"relics_obtained":["CultistMask"],"max_hp_gain":0,"max_hp_loss":0,"event_name":"FaceTrader","floor":21,"gold_loss":0}],"is_beta":false,"boss_relics":[{"not_picked":["Runic Cube","Lizard Tail"],"picked":"Fusion Hammer"}],"items_purged_floors":[29],"is_endless":false,"potions_floor_spawned":[1,8,11,13,16,22,23,25],"killed_by":"Collector","ascension_level":2}