{"gold_per_floor":[10,10,10,24,39,39,69,69,69,89,89,105,121,156,156,232,232,249,249,58,74,74,74,108,2,2,20,20,20,38,50,50,122,122,138,150,150,150,169,169,169,185,185,185,0,17,32,51,51,51],"floor_reached":51,"playtime":2365,"items_purged":["Decay"],"score":1381,"play_id":"7ac0508f-8c39-46e0-9abc-7b96286c6824","local_time":"20190606230547","is_ascension_mode":true,"campfire_choices":[{"data":"Corruption","floor":6,"key":"SMITH"},{"data":"Shockwave","floor":11,"key":"SMITH"},{"floor":15,"key":"REST"},{"floor":23,"key":"REST"},{"floor":28,"key":"REST"},{"floor":32,"key":"REST"},{"floor":40,"key":"RECALL"},{"floor":44,"key":"REST"},{"floor":49,"key":"REST"}],"neow_cost":"NO_GOLD","seed_source_timestamp":458021860859709,"circlet_count":0,"master_deck":["AscendersBane","Strike_R+1","Defend_R","Defend_R","Defend_R+1","Defend_R","Bash","Shockwave+1","Rampage","Corruption+1","Ghostly Armor","Seeing Red","Juggernaut","Necronomicurse","Apotheosis","Fiend Fire","Barricade","Shrug It Off","Warcry","Shrug It Off","Impervious","Blood for Blood+1","Battle Trance","Impervious","Shockwave+1","Parasite"],"relics":["Burning Blood","Dead Branch","Singing Bowl","Potion Belt","Happy Flower","Fusion Hammer","Necronomicon","The Courier","Centennial Puzzle","Astrolabe","Meat on the Bone","Red Mask"],"potions_floor_usage":[7,16,16,27,33,50,50,50,50],"damage_taken":[{"damage":12,"enemies":"Small Slimes","floor":1,"turns":4},{"damage":8,"enemies":"2 Louse","floor":4,"turns":3},{"damage":5,"enemies":"Cultist","floor":5,"turns":4},{"damage":12,"enemies":"Gremlin Nob","floor":7,"turns":2},{"damage":0,"enemies":"Red Slaver","floor":10,"turns":4},{"damage":11,"enemies":"Exordium Wildlife","floor":12,"turns":5},{"damage":3,"enemies":"Blue Slaver","floor":13,"turns":3},{"damage":12,"enemies":"Lagavulin","floor":14,"turns":5},{"damage":50,"enemies":"Hexaghost","floor":16,"turns":8},{"damage":0,"enemies":"Chosen","floor":18,"turns":4},{"damage":3,"enemies":"Spheric Guardian","floor":21,"turns":2},{"damage":11,"enemies":"Gremlin Leader","floor":24,"turns":3},{"damage":1,"enemies":"Snake Plant","floor":27,"turns":4},{"damage":0,"enemies":"Chosen and Byrds","floor":30,"turns":3},{"damage":21,"enemies":"Shelled Parasite and Fungi","floor":31,"turns":1},{"damage":4,"enemies":"Collector","floor":33,"turns":4},{"damage":4,"enemies":"3 Shapes","floor":35,"turns":3},{"damage":0,"enemies":"Orb Walker","floor":36,"turns":2},{"damage":0,"enemies":"Spire Growth","floor":39,"turns":3},{"damage":9,"enemies":"3 Darklings","floor":42,"turns":4},{"damage":4,"enemies":"Sphere and 2 Shapes","floor":46,"turns":5},{"damage":0,"enemies":"Spire Growth","floor":47,"turns":3},{"damage":0,"enemies":"Writhing Mass","floor":48,"turns":5},{"damage":16,"enemies":"Time Eater","floor":50,"turns":6}],"seed_played":"343522887854907917","potions_obtained":[{"floor":5,"key":"SkillPotion"},{"floor":12,"key":"FearPotion"},{"floor":13,"key":"Energy Potion"},{"floor":16,"key":"GamblersBrew"},{"floor":27,"key":"Strength Potion"},{"floor":33,"key":"Poison Potion"},{"floor":35,"key":"Ancient Potion"},{"floor":46,"key":"Poison Potion"},{"floor":47,"key":"SkillPotion"}],"is_trial":false,"path_per_floor":["M","?","?","M","M","R","E","$","T","M","R","M","M","E","R","B",null,"M","?","$","M","?","R","E","$","T","M","R","?","M","M","R","B",null,"M","M","?","?","M","R","?","M","T","R","?","M","M","M","R","B",null],"character_chosen":"IRONCLAD","items_purchased":["Apotheosis","Shrug It Off"],"campfire_rested":6,"item_purchase_floors":[20,25],"current_hp_per_floor":[62,39,39,37,38,38,34,34,34,40,40,37,40,36,60,16,65,73,52,52,57,57,82,77,77,77,82,85,85,85,72,87,87,87,89,89,89,89,91,91,91,88,88,91,91,93,93,95,95,85],"gold":51,"neow_bonus":"ONE_RARE_RELIC","is_prod":false,"is_daily":false,"chose_seed":false,"campfire_upgraded":2,"win_rate":0,"timestamp":1559887547,"path_taken":["M","?","?","M","?","R","E","?","T","M","R","M","M","E","R","BOSS","M","?","$","M","?","R","E","$","T","?","R","?","M","M","R","BOSS","M","?","?","?","?","R","?","M","T","R","?","M","M","M","R","BOSS"],"build_version":"2019-01-23","purchased_purges":1,"victory":true,"max_hp_per_floor":[75,75,75,75,75,75,77,77,77,77,77,79,79,81,81,81,81,83,83,83,85,85,85,85,85,85,85,85,85,85,87,87,87,87,89,89,89,89,91,91,91,91,91,91,91,93,93,95,95,95],"card_choices":[{"not_picked":["Headbutt","Body Slam"],"picked":"Shockwave","floor":1},{"not_picked":["Clothesline","Perfected Strike"],"picked":"Rampage","floor":4},{"not_picked":["Dual Wield","Disarm"],"picked":"Corruption","floor":5},{"not_picked":["Clash","Rage","Reaper"],"picked":"Singing Bowl","floor":7},{"not_picked":["Clash","Searing Blow"],"picked":"Ghostly Armor","floor":10},{"not_picked":["Sentinel","Rampage","Sword Boomerang"],"picked":"Singing Bowl","floor":12},{"not_picked":["Carnage","Hemokinesis"],"picked":"Seeing Red","floor":13},{"not_picked":["Anger","Fire Breathing","Reckless Charge"],"picked":"Singing Bowl","floor":14},{"not_picked":["Berserk","Reaper"],"picked":"Juggernaut","floor":16},{"not_picked":["Dropkick","Corruption+1","Inflame"],"picked":"Singing Bowl","floor":18},{"not_picked":["Iron Wave+1","Dual Wield","Cleave"],"picked":"Singing Bowl","floor":21},{"not_picked":["Searing Blow","Dropkick"],"picked":"Barricade","floor":24},{"not_picked":["Intimidate","Twin Strike"],"picked":"Warcry","floor":27},{"not_picked":["Inflame+1","Clothesline"],"picked":"Shrug It Off","floor":30},{"not_picked":["Perfected Strike","Heavy Blade","Cleave"],"picked":"Singing Bowl","floor":31},{"not_picked":["Berserk","Limit Break"],"picked":"Impervious","floor":33},{"not_picked":["Pommel Strike","Dual Wield+1","Rupture"],"picked":"Singing Bowl","floor":35},{"not_picked":["Hemokinesis","Clothesline+1"],"picked":"Battle Trance","floor":36},{"not_picked":["Wild Strike","Dual Wield","Armaments+1"],"picked":"Singing Bowl","floor":39},{"not_picked":["Heavy Blade","Pommel Strike"],"picked":"Impervious","floor":42},{"not_picked":["Spot Weakness","Wild Strike","True Grit"],"picked":"Singing Bowl","floor":46},{"not_picked":["Battle Trance","True Grit"],"picked":"Shockwave+1","floor":47},{"not_picked":["Cleave","Evolve+1","Infernal Blade"],"picked":"Singing Bowl","floor":48}],"player_experience":961954,"relics_obtained":[{"floor":7,"key":"Singing Bowl"},{"floor":9,"key":"Potion Belt"},{"floor":14,"key":"Happy Flower"},{"floor":19,"key":"Necronomicon"},{"floor":24,"key":"The Courier"},{"floor":26,"key":"Centennial Puzzle"},{"floor":43,"key":"Meat on the Bone"}],"event_choices":[{"damage_healed":0,"gold_gain":0,"player_choice":"Entered Light","damage_taken":23,"max_hp_gain":0,"max_hp_loss":0,"event_name":"Shining Light","floor":2,"gold_loss":0,"cards_upgraded":["Defend_R","Strike_R"]},{"damage_healed":0,"gold_gain":0,"player_choice":"Cursed","damage_taken":0,"max_hp_gain":0,"max_hp_loss":0,"event_name":"Wheel of Change","floor":3,"gold_loss":0,"cards_obtained":["Decay"]},{"damage_healed":0,"gold_gain":0,"player_choice":"Obtained Book","damage_taken":21,"max_hp_gain":0,"max_hp_loss":0,"event_name":"Cursed Tome","floor":19,"gold_loss":0},{"damage_healed":0,"gold_gain":0,"player_choice":"1 cards matched","damage_taken":0,"max_hp_gain":0,"max_hp_loss":0,"event_name":"Match and Keep!","floor":22,"gold_loss":0,"cards_obtained":["Fiend Fire"]},{"cards_removed":["Strike_R"],"damage_healed":0,"gold_gain":0,"player_choice":"Offered Basic","damage_taken":0,"max_hp_gain":0,"max_hp_loss":0,"event_name":"Bonfire Elementals","floor":29,"gold_loss":0},{"damage_healed":0,"gold_gain":0,"player_choice":"Ignored","damage_taken":0,"max_hp_gain":0,"max_hp_loss":0,"event_name":"Mysterious Sphere","floor":37,"gold_loss":0},{"cards_removed":["Perfected Strike"],"damage_healed":0,"gold_gain":0,"player_choice":"Purged","damage_taken":0,"max_hp_gain":0,"max_hp_loss":0,"event_name":"Purifier","floor":38,"gold_loss":0},{"cards_removed":["Exhume"],"damage_healed":0,"gold_gain":0,"player_choice":"Removed Skill","damage_taken":0,"max_hp_gain":0,"max_hp_loss":0,"event_name":"Falling","floor":41,"gold_loss":0},{"damage_healed":0,"gold_gain":0,"player_choice":"Paid","damage_taken":0,"relics_obtained":["Red Mask"],"max_hp_gain":0,"max_hp_loss":0,"event_name":"Tomb of Lord Red Mask","floor":45,"gold_loss":185}],"is_beta":false,"boss_relics":[{"not_picked":["Snecko Eye","Runic Cube"],"picked":"Fusion Hammer"},{"not_picked":["Coffee Dripper","White Beast Statue"],"picked":"Astrolabe"}],"items_purged_floors":[25],"is_endless":false,"potions_floor_spawned":[5,12,13,16,27,33,35,46,47],"ascension_level":17}