{"gold_per_floor":[119,119,129,152,227,227,260,260,313,345,363,377,387,42,42,42],"floor_reached":16,"playtime":629,"items_purged":["Strike_G"],"score":209,"play_id":"477598a2-6c5e-49eb-8e3a-6ae5f06956a0","local_time":"20190317181210","is_ascension_mode":true,"campfire_choices":[{"data":"Neutralize","floor":6,"key":"SMITH"},{"data":"Deflect","floor":15,"key":"SMITH"}],"neow_cost":"NONE","seed_source_timestamp":2584626320692247,"circlet_count":0,"master_deck":["AscendersBane","Defend_G","Defend_G","Defend_G","Defend_G","Defend_G","Strike_G","Strike_G","Strike_G","Strike_G","Survivor","Neutralize+1","Deflect+1","Dagger Spray","Predator","Backflip","Flying Knee","Cloak And Dagger","Quick Slash+1"],"relics":["Ring of the Snake","NeowsBlessing","Paper Crane","Pen Nib","Bottled Lightning","Smiling Mask","Orichalcum","Molten Egg 2"],"potions_floor_usage":[8,10,12,16,16],"damage_taken":[{"damage":0,"enemies":"Jaw Worm","floor":1,"turns":1},{"damage":0,"enemies":"Small Slimes","floor":3,"turns":1},{"damage":0,"enemies":"Lagavulin","floor":7,"turns":1},{"damage":10,"enemies":"3 Sentries","floor":10,"turns":7},{"damage":0,"enemies":"Cultist","floor":11,"turns":3},{"damage":0,"enemies":"Exordium Wildlife","floor":12,"turns":4},{"damage":0,"enemies":"Blue Slaver","floor":13,"turns":4},{"damage":43,"enemies":"Hexaghost","floor":16,"turns":14}],"seed_played":"-2177577791642783384","potions_obtained":[{"floor":3,"key":"SpeedPotion"},{"floor":7,"key":"GamblersBrew"},{"floor":8,"key":"Fruit Juice"},{"floor":8,"key":"GhostInAJar"},{"floor":8,"key":"Block Potion"},{"floor":12,"key":"PowerPotion"},{"floor":13,"key":"Fire Potion"}],"is_trial":false,"path_per_floor":["M","?","M","T","?","R","E","?","T","E","M","M","M","$","R","B"],"character_chosen":"THE_SILENT","items_purchased":["Molten Egg 2","Quick Slash+1"],"campfire_rested":0,"item_purchase_floors":[14,14],"current_hp_per_floor":[63,56,56,56,45,45,45,50,50,40,40,40,40,40,40,0],"gold":42,"neow_bonus":"THREE_ENEMY_KILL","is_prod":false,"is_daily":false,"chose_seed":false,"campfire_upgraded":2,"win_rate":0,"timestamp":1552860730,"path_taken":["M","?","M","?","?","R","E","?","T","E","M","M","?","$","R","BOSS"],"build_version":"2019-01-23","purchased_purges":1,"victory":false,"max_hp_per_floor":[70,70,70,70,70,70,70,75,75,75,75,75,75,75,75,75],"card_choices":[{"not_picked":["Poisoned Stab","Distraction"],"picked":"Deflect","floor":1},{"not_picked":["Outmaneuver","Dash"],"picked":"Dagger Spray","floor":3},{"not_picked":["Accuracy","Night Terror","Bane"],"picked":"SKIP","floor":7},{"not_picked":["Accuracy","Night Terror","Bane"],"picked":"SKIP","floor":7},{"not_picked":["Dagger Spray","Wraith Form v2"],"picked":"Predator","floor":10},{"not_picked":["Finisher","Distraction"],"picked":"Backflip","floor":11},{"not_picked":["Cloak And Dagger","Escape Plan"],"picked":"Flying Knee","floor":12},{"not_picked":["Accuracy","All Out Attack"],"picked":"Cloak And Dagger","floor":13}],"player_experience":405740,"relics_obtained":[{"floor":4,"key":"Pen Nib"},{"floor":7,"key":"Bottled Lightning"},{"floor":9,"key":"Smiling Mask"},{"floor":10,"key":"Orichalcum"}],"event_choices":[{"damage_healed":0,"gold_gain":0,"player_choice":"Success","damage_taken":7,"relics_obtained":["Paper Crane"],"max_hp_gain":0,"max_hp_loss":0,"event_name":"Scrap Ooze","floor":2,"gold_loss":0},{"damage_healed":0,"gold_gain":75,"player_choice":"Gather Gold","damage_taken":11,"max_hp_gain":0,"max_hp_loss":0,"event_name":"World of Goop","floor":5,"gold_loss":0},{"damage_healed":0,"gold_gain":0,"player_choice":"Got Potions","damage_taken":0,"max_hp_gain":0,"max_hp_loss":0,"event_name":"Lab","floor":8,"gold_loss":0}],"is_beta":false,"boss_relics":[],"items_purged_floors":[14],"is_endless":false,"potions_floor_spawned":[3,7,12,13],"killed_by":"Hexaghost","ascension_level":11}