{"gold_per_floor":[209,228,44,44,84,119,119,170,170,170,18,48,59,97,97,97],"floor_reached":16,"playtime":1189,"items_purged":[],"score":177,"play_id":"8a62d4f5-53b2-447e-86dc-0d30522cea4b","local_time":"20181120214334","is_ascension_mode":true,"campfire_choices":[{"floor":10,"key":"REST"},{"floor":15,"key":"REST"}],"neow_cost":"NONE","seed_source_timestamp":13805872407552,"circlet_count":0,"master_deck":["AscendersBane","Strike_R","Strike_R+1","Strike_R","Strike_R+1","Strike_R","Defend_R","Defend_R","Defend_R","Defend_R","Bash","Armaments","HandOfGreed","Iron Wave","Feed","Iron Wave","Feel No Pain+1","Ghostly Armor"],"relics":["Burning Blood","Happy Flower","Gambling Chip","Frozen Egg 2","Vajra"],"potions_floor_usage":[6,8,14],"damage_taken":[{"damage":7,"enemies":"Small Slimes","floor":1,"turns":4},{"damage":5,"enemies":"Cultist","floor":2,"turns":5},{"damage":12,"enemies":"Jaw Worm","floor":5,"turns":3},{"damage":30,"enemies":"Lagavulin","floor":6,"turns":5},{"damage":25,"enemies":"Gremlin Gang","floor":8,"turns":4},{"damage":10,"enemies":"Looter","floor":12,"turns":4},{"damage":17,"enemies":"Exordium Thugs","floor":13,"turns":4},{"damage":25,"enemies":"Gremlin Gang","floor":14,"turns":5},{"damage":36,"enemies":"The Guardian","floor":16,"turns":2}],"seed_played":"5412637584463806905","potions_obtained":[{"floor":1,"key":"Poison Potion"},{"floor":2,"key":"BloodPotion"},{"floor":12,"key":"Poison Potion"},{"floor":14,"key":"Strength Potion"}],"is_trial":false,"path_per_floor":["M","M","$","?","M","E","?","M","T","R","$","M","M","M","R","B"],"character_chosen":"IRONCLAD","items_purchased":["HandOfGreed","Vajra"],"campfire_rested":2,"item_purchase_floors":[3,11],"current_hp_per_floor":[67,68,68,53,47,23,23,14,14,37,37,33,25,9,34,0],"gold":97,"neow_bonus":"HUNDRED_GOLD","is_prod":false,"is_daily":false,"chose_seed":false,"campfire_upgraded":0,"win_rate":0,"timestamp":1542779014,"path_taken":["M","M","$","?","M","E","?","?","T","R","$","?","M","M","R","BOSS"],"build_version":"2018-11-15","purchased_purges":0,"victory":false,"max_hp_per_floor":[75,75,75,75,75,75,75,78,78,78,78,78,81,84,84,84],"card_choices":[{"not_picked":["Dropkick","Rage"],"picked":"Armaments","floor":1},{"not_picked":["Anger","Twin Strike"],"picked":"Carnage","floor":2},{"not_picked":["Seeing Red","Body Slam"],"picked":"Iron Wave","floor":5},{"not_picked":["Twin Strike","Searing Blow"],"picked":"Feed","floor":6},{"not_picked":["Flex","Second Wind"],"picked":"Iron Wave","floor":8},{"not_picked":["Heavy Blade","Havoc"],"picked":"Feel No Pain+1","floor":12},{"not_picked":["Body Slam","Warcry","Rampage"],"picked":"SKIP","floor":13},{"not_picked":["True Grit","Rupture+1"],"picked":"Ghostly Armor","floor":14}],"player_experience":809258,"relics_obtained":[{"floor":6,"key":"Happy Flower"},{"floor":9,"key":"Frozen Egg 2"}],"event_choices":[{"damage_healed":0,"gold_gain":0,"player_choice":"Entered Light","damage_taken":15,"max_hp_gain":0,"max_hp_loss":0,"event_name":"Shining Light","floor":4,"gold_loss":0,"cards_upgraded":["Strike_R","Strike_R"]},{"cards_removed":["Carnage"],"damage_healed":0,"gold_gain":0,"player_choice":"Gave Card","damage_taken":0,"relics_obtained":["Gambling Chip"],"max_hp_gain":0,"max_hp_loss":0,"event_name":"WeMeetAgain","floor":7,"gold_loss":0}],"is_beta":false,"boss_relics":[],"items_purged_floors":[],"is_endless":false,"potions_floor_spawned":[1,2,12,14],"killed_by":"The Guardian","ascension_level":14}