{"gold_per_floor":[212,226,226,239,239,239,302,313,337,337],"floor_reached":10,"playtime":318,"items_purged":[],"score":129,"play_id":"612e108f-03c5-4fa9-ab2c-342fa258f924","local_time":"20190615184802","is_ascension_mode":true,"campfire_choices":[{"data":"Headbutt","floor":6,"key":"SMITH"}],"neow_cost":"NONE","seed_source_timestamp":244698751108147,"circlet_count":0,"master_deck":["AscendersBane","Strike_R","Strike_R","Strike_R","Strike_R","Strike_R","Defend_R","Defend_R","Defend_R","Defend_R","Bash","Cleave","Headbutt+1","Juggernaut","True Grit"],"relics":["Burning Blood","GremlinMask","Tiny Chest","Ancient Tea Set"],"potions_floor_usage":[4,7,8],"damage_taken":[{"damage":12,"enemies":"Jaw Worm","floor":1,"turns":2},{"damage":6,"enemies":"Cultist","floor":2,"turns":3},{"damage":0,"enemies":"2 Louse","floor":4,"turns":2},{"damage":36,"enemies":"3 Sentries","floor":7,"turns":8},{"damage":7,"enemies":"Large Slime","floor":8,"turns":6},{"damage":49,"enemies":"Exordium Thugs","floor":10,"turns":3}],"seed_played":"-4903340315438927444","potions_obtained":[{"floor":1,"key":"Dexterity Potion"},{"floor":2,"key":"SteroidPotion"},{"floor":7,"key":"GamblersBrew"}],"is_trial":false,"path_per_floor":["M","M","$","M","?","R","E","M","T","M"],"character_chosen":"IRONCLAD","items_purchased":[],"campfire_rested":0,"item_purchase_floors":[],"current_hp_per_floor":[62,62,62,68,68,68,38,37,37,0],"gold":337,"neow_bonus":"HUNDRED_GOLD","is_prod":false,"is_daily":false,"chose_seed":false,"campfire_upgraded":1,"win_rate":0,"timestamp":1560649682,"path_taken":["M","M","$","M","?","R","E","?","T","M"],"build_version":"2019-01-23","purchased_purges":0,"victory":false,"max_hp_per_floor":[75,75,75,75,75,75,75,75,75,75],"card_choices":[{"not_picked":["Blood for Blood","Fire Breathing","Burning Pact"],"picked":"SKIP","floor":1},{"not_picked":["Heavy Blade","Sword Boomerang"],"picked":"Cleave","floor":2},{"not_picked":["Entrench","Iron Wave"],"picked":"Headbutt","floor":4},{"not_picked":["Pommel Strike","Armaments"],"picked":"Juggernaut","floor":7},{"not_picked":["Body Slam","Uppercut"],"picked":"True Grit","floor":8}],"player_experience":1017732,"relics_obtained":[{"floor":7,"key":"Tiny Chest"},{"floor":9,"key":"Ancient Tea Set"}],"event_choices":[{"damage_healed":0,"gold_gain":0,"player_choice":"Trade","damage_taken":0,"relics_obtained":["GremlinMask"],"max_hp_gain":0,"max_hp_loss":0,"event_name":"FaceTrader","floor":5,"gold_loss":0}],"is_beta":false,"boss_relics":[],"items_purged_floors":[],"is_endless":false,"potions_floor_spawned":[1,2,7],"killed_by":"Exordium Thugs","ascension_level":18}