{"gold_per_floor":[109,126,126,126,51,82,82,116,116,66,79,94,94,244,244,244],"floor_reached":16,"playtime":422,"items_purged":["Strike_R"],"score":211,"play_id":"58c9c933-7be7-4b26-b87d-79209bbb592a","local_time":"20190701192544","is_ascension_mode":true,"campfire_choices":[{"floor":7,"key":"REST"},{"data":"Berserk","floor":15,"key":"SMITH"}],"neow_cost":"TEN_PERCENT_HP_LOSS","seed_source_timestamp":1629246948636485,"circlet_count":0,"master_deck":["AscendersBane","Strike_R","Strike_R","Strike_R","Strike_R","Defend_R","Defend_R","Defend_R","Defend_R","Bash","Berserk+1","Power Through","Battle Trance","Seeing Red","Clothesline","Shrug It Off","Carnage","Parasite","Doubt"],"relics":["Burning Blood","Golden Idol","Mercury Hourglass","WingedGreaves","Oddly Smooth Stone"],"potions_floor_usage":[12],"damage_taken":[{"damage":13,"enemies":"2 Louse","floor":1,"turns":3},{"damage":8,"enemies":"Jaw Worm","floor":2,"turns":4},{"damage":46,"enemies":"Lagavulin","floor":6,"turns":9},{"damage":25,"enemies":"3 Sentries","floor":8,"turns":8},{"damage":0,"enemies":"Cultist","floor":11,"turns":3},{"damage":6,"enemies":"3 Louse","floor":12,"turns":2},{"damage":41,"enemies":"Slime Boss","floor":16,"turns":3}],"seed_played":"9012865043298468490","potions_obtained":[{"floor":8,"key":"Explosive Potion"},{"floor":12,"key":"SpeedPotion"}],"is_trial":false,"path_per_floor":["M","M","?","?","$","E","R","E","T","$","M","M","?","?","R","B"],"character_chosen":"IRONCLAD","items_purchased":["Clothesline"],"campfire_rested":1,"item_purchase_floors":[10],"current_hp_per_floor":[61,59,59,59,59,19,37,18,18,18,24,24,39,39,39,0],"gold":244,"neow_bonus":"THREE_RARE_CARDS","is_prod":false,"is_daily":false,"chose_seed":false,"campfire_upgraded":1,"win_rate":0,"timestamp":1562034344,"path_taken":["M","M","?","?","$","E","R","E","T","?","?","M","?","?","R","BOSS"],"build_version":"2019-07-01","purchased_purges":1,"victory":false,"max_hp_per_floor":[68,68,68,62,62,62,62,62,62,62,62,62,62,62,62,62],"card_choices":[{"not_picked":["Demon Form","Exhume"],"picked":"Berserk","floor":0},{"not_picked":["Headbutt","Fire Breathing"],"picked":"Power Through","floor":1},{"not_picked":["Power Through","Metallicize"],"picked":"Battle Trance","floor":2},{"not_picked":["Body Slam","Dual Wield","Pummel"],"picked":"SKIP","floor":6},{"not_picked":["Cleave","Sentinel"],"picked":"Seeing Red","floor":8},{"not_picked":["Flex","Headbutt"],"picked":"Shrug It Off","floor":11},{"not_picked":["Wild Strike","Headbutt"],"picked":"Carnage","floor":12}],"player_experience":1109353,"relics_obtained":[{"floor":6,"key":"Mercury Hourglass"},{"floor":8,"key":"WingedGreaves"},{"floor":9,"key":"Oddly Smooth Stone"}],"event_choices":[{"damage_healed":0,"gold_gain":0,"player_choice":"Ignored","damage_taken":0,"max_hp_gain":0,"max_hp_loss":0,"event_name":"Golden Wing","floor":3,"gold_loss":0},{"damage_healed":0,"gold_gain":0,"player_choice":"Lose Max HP","damage_taken":0,"relics_obtained":["Golden Idol"],"max_hp_gain":0,"max_hp_loss":6,"event_name":"Golden Idol","floor":4,"gold_loss":0},{"damage_healed":15,"gold_gain":0,"player_choice":"Healed and dodged fight","damage_taken":0,"max_hp_gain":0,"max_hp_loss":0,"event_name":"Mushrooms","floor":13,"gold_loss":0,"cards_obtained":["Parasite"]},{"damage_healed":0,"gold_gain":150,"player_choice":"AGREE","damage_taken":0,"max_hp_gain":0,"max_hp_loss":0,"event_name":"Liars Game","floor":14,"gold_loss":0,"cards_obtained":["Doubt"]}],"is_beta":false,"boss_relics":[],"items_purged_floors":[5],"is_endless":false,"potions_floor_spawned":[8,12],"killed_by":"Slime Boss","ascension_level":19}