{"gold_per_floor":[110,110,123,46,57,122,137,51,78,78,78,108,121,131,131,131],"floor_reached":16,"playtime":429,"items_purged":[],"score":224,"play_id":"383337cc-b83f-4d95-9ea4-9009be46c701","local_time":"20190612215915","is_ascension_mode":true,"campfire_choices":[{"floor":10,"key":"REST"},{"data":"Sunder","floor":15,"key":"SMITH"}],"neow_cost":"NONE","seed_source_timestamp":45166617920677,"circlet_count":0,"master_deck":["AscendersBane","Strike_B","Strike_B","Strike_B","Strike_B","Defend_B","Defend_B","Defend_B","Defend_B","Zap","Dualcast","Ball Lightning","Sunder+1","FTL","Coolheaded","Beam Cell","Defragment","Consume","Conserve Battery","Go for the Eyes"],"relics":["Cracked Core","NeowsBlessing","Gambling Chip","Tiny Chest","Bronze Scales","Darkstone Periapt"],"potions_floor_usage":[6,7,16,16],"damage_taken":[{"damage":0,"enemies":"Cultist","floor":1,"turns":1},{"damage":0,"enemies":"Small Slimes","floor":3,"turns":1},{"damage":0,"enemies":"Jaw Worm","floor":5,"turns":1},{"damage":55,"enemies":"3 Sentries","floor":6,"turns":7},{"damage":12,"enemies":"Exordium Thugs","floor":7,"turns":4},{"damage":11,"enemies":"Gremlin Nob","floor":12,"turns":3},{"damage":0,"enemies":"3 Louse","floor":13,"turns":2},{"damage":6,"enemies":"Looter","floor":14,"turns":3},{"damage":18,"enemies":"The Guardian","floor":16,"turns":8}],"seed_played":"-3641627753279699230","potions_obtained":[{"floor":1,"key":"Regen Potion"},{"floor":5,"key":"Swift Potion"},{"floor":6,"key":"Strength Potion"},{"floor":13,"key":"Block Potion"}],"is_trial":false,"path_per_floor":["M","T","M","$","M","E","M","$","T","R","$","E","M","M","R","B"],"character_chosen":"DEFECT","items_purchased":["Sunder","Defragment"],"campfire_rested":1,"item_purchase_floors":[4,8],"current_hp_per_floor":[64,64,64,64,64,24,12,12,12,33,33,22,22,16,16,0],"gold":131,"neow_bonus":"THREE_ENEMY_KILL","is_prod":false,"is_daily":false,"chose_seed":false,"campfire_upgraded":1,"win_rate":0,"timestamp":1560391155,"path_taken":["M","?","M","?","?","E","M","$","T","R","$","E","M","M","R","BOSS"],"build_version":"2019-01-23","purchased_purges":0,"victory":false,"max_hp_per_floor":[71,71,71,71,71,71,71,71,71,71,71,71,71,71,71,71],"card_choices":[{"not_picked":["Tempest","Leap"],"picked":"Ball Lightning","floor":1},{"not_picked":["Blizzard","Gash","Meteor Strike"],"picked":"SKIP","floor":3},{"not_picked":["Streamline","Redo"],"picked":"FTL","floor":5},{"not_picked":["Redo","Steam"],"picked":"Coolheaded","floor":6},{"not_picked":["Coolheaded","Redo"],"picked":"Beam Cell","floor":7},{"not_picked":["Rip and Tear","Tempest"],"picked":"Consume","floor":12},{"not_picked":["BootSequence","Rebound"],"picked":"Conserve Battery","floor":13},{"not_picked":["Beam Cell","Force Field"],"picked":"Go for the Eyes","floor":14}],"player_experience":886950,"relics_obtained":[{"floor":2,"key":"Gambling Chip"},{"floor":6,"key":"Tiny Chest"},{"floor":9,"key":"Bronze Scales"},{"floor":12,"key":"Darkstone Periapt"}],"event_choices":[],"is_beta":false,"boss_relics":[],"items_purged_floors":[],"is_endless":false,"potions_floor_spawned":[1,5,6,13,14],"killed_by":"The Guardian","ascension_level":20}