{"gold_per_floor":[110,129,129,129,152,152,47,82,128,128,151,174,197,7,7,133,133,156,156,108,132,132,132,156,156,156,180,80,80,80,100,100,100],"floor_reached":33,"playtime":857,"items_purged":["Strike_R","Injury"],"score":297,"play_id":"e09b7ffd-e1bd-477d-b7e5-f3b7684f1800","local_time":"20190414142848","is_ascension_mode":false,"campfire_choices":[{"data":"Brutality","floor":6,"key":"SMITH"},{"data":"Blood for Blood","floor":10,"key":"SMITH"},{"data":"Blood for Blood","floor":15,"key":"SMITH"},{"floor":23,"key":"RECALL"},{"data":"Armaments","floor":25,"key":"SMITH"},{"data":"Double Tap","floor":29,"key":"SMITH"},{"floor":32,"key":"REST"}],"neow_cost":"TEN_PERCENT_HP_LOSS","seed_source_timestamp":392795704518290,"circlet_count":0,"master_deck":["Strike_R","Strike_R","Strike_R","Strike_R","Defend_R","Defend_R","Defend_R","Defend_R","Bash","Brutality+1","Blood for Blood+1","Cleave","Inflame","Spot Weakness","Cleave","Combust","Shrug It Off","Blood for Blood+1","Inflame","Double Tap+1","Flame Barrier","Flame Barrier","Armaments+1","Clothesline+1","Cleave+1"],"relics":["Burning Blood","Golden Idol","Potion Belt","Strawberry","Sozu"],"potions_floor_usage":[8,13,16,24],"damage_taken":[{"damage":8,"enemies":"Jaw Worm","floor":1,"turns":3},{"damage":3,"enemies":"Cultist","floor":2,"turns":3},{"damage":7,"enemies":"2 Louse","floor":5,"turns":2},{"damage":33,"enemies":"Gremlin Nob","floor":8,"turns":4},{"damage":4,"enemies":"Exordium Thugs","floor":11,"turns":4},{"damage":7,"enemies":"Exordium Wildlife","floor":12,"turns":2},{"damage":2,"enemies":"Lots of Slimes","floor":13,"turns":2},{"damage":8,"enemies":"Slime Boss","floor":16,"turns":5},{"damage":7,"enemies":"Shell Parasite","floor":18,"turns":2},{"damage":11,"enemies":"2 Thieves","floor":21,"turns":4},{"damage":29,"enemies":"Cultist and Chosen","floor":24,"turns":5},{"damage":5,"enemies":"Centurion and Healer","floor":27,"turns":5},{"damage":32,"enemies":"Shelled Parasite and Fungi","floor":31,"turns":5},{"damage":46,"enemies":"Automaton","floor":33,"turns":6}],"seed_played":"-7407326379144510872","potions_obtained":[{"floor":2,"key":"SteroidPotion"},{"floor":5,"key":"SpeedPotion"},{"floor":13,"key":"Strength Potion"},{"floor":16,"key":"Ancient Potion"}],"is_trial":false,"path_per_floor":["M","M","?","$","M","R","$","E","T","R","M","M","M","$","R","B",null,"M","?","$","M","$","R","M","R","T","M","$","R","?","M","R","B"],"character_chosen":"IRONCLAD","items_purchased":["Inflame","Spot Weakness","Blood for Blood","Inflame","Armaments"],"campfire_rested":1,"item_purchase_floors":[7,7,14,14,20],"current_hp_per_floor":[70,72,72,72,71,71,71,44,51,51,53,52,56,56,56,54,79,78,78,78,73,73,73,50,50,50,51,51,51,44,18,41,0],"gold":100,"neow_bonus":"THREE_RARE_CARDS","is_prod":false,"is_daily":false,"chose_seed":false,"campfire_upgraded":5,"win_rate":0,"timestamp":1555266528,"path_taken":["M","M","?","?","?","R","$","E","T","R","M","M","M","$","R","BOSS","M","?","$","M","$","R","M","R","T","?","$","R","?","M","R","BOSS"],"build_version":"2019-01-23","purchased_purges":2,"victory":false,"max_hp_per_floor":[72,72,72,72,72,72,72,72,79,79,79,79,79,79,79,79,79,79,79,79,79,79,79,79,79,79,79,79,79,79,79,79,79],"card_choices":[{"not_picked":["Juggernaut","Exhume"],"picked":"Brutality","floor":0},{"not_picked":["Perfected Strike","True Grit"],"picked":"Blood for Blood","floor":1},{"not_picked":["Warcry","Exhume","Disarm"],"picked":"SKIP","floor":2},{"not_picked":["Heavy Blade","Iron Wave"],"picked":"Cleave","floor":5},{"not_picked":["Sword Boomerang","Burning Pact"],"picked":"Cleave","floor":8},{"not_picked":["Sentinel","Havoc","Second Wind"],"picked":"SKIP","floor":11},{"not_picked":["Rage","Pommel Strike"],"picked":"Combust","floor":12},{"not_picked":["Shockwave","Dark Embrace"],"picked":"Shrug It Off","floor":13},{"not_picked":["Juggernaut","Impervious"],"picked":"Double Tap","floor":16},{"not_picked":["Twin Strike+1","Headbutt"],"picked":"Flame Barrier","floor":18},{"not_picked":["Clash","Seeing Red"],"picked":"Clothesline+1","floor":21},{"not_picked":["Havoc+1","Searing Blow","Perfected Strike"],"picked":"SKIP","floor":24},{"not_picked":["Barricade","Clothesline","Intimidate"],"picked":"SKIP","floor":27},{"not_picked":["Intimidate+1","Headbutt"],"picked":"Cleave+1","floor":31}],"player_experience":583762,"relics_obtained":[{"floor":8,"key":"Potion Belt"},{"floor":9,"key":"Strawberry"}],"event_choices":[{"damage_healed":0,"gold_gain":0,"player_choice":"Take Wound","damage_taken":0,"relics_obtained":["Golden Idol"],"max_hp_gain":0,"max_hp_loss":0,"event_name":"Golden Idol","floor":3,"gold_loss":0,"cards_obtained":["Injury"]},{"damage_healed":0,"gold_gain":0,"player_choice":"Copied","damage_taken":0,"max_hp_gain":0,"max_hp_loss":0,"event_name":"Duplicator","floor":19,"gold_loss":0,"cards_obtained":["Flame Barrier"]},{"damage_healed":0,"gold_gain":0,"player_choice":"Damaged","damage_taken":7,"max_hp_gain":0,"max_hp_loss":0,"event_name":"Wheel of Change","floor":30,"gold_loss":0}],"is_beta":false,"boss_relics":[{"not_picked":["Astrolabe","Ectoplasm"],"picked":"Sozu"}],"items_purged_floors":[14,28],"is_endless":false,"potions_floor_spawned":[2,5,13,16,18,24],"killed_by":"Automaton","ascension_level":0}