{"gold_per_floor":[116,116,131,131,81,81,117,117,417,417,447,466,491,504,504,632,632,645,670,272,293,313,348,369,369,369,369,384,402,415,19,19,19],"floor_reached":33,"playtime":2158,"items_purged":["Regret"],"score":296,"play_id":"068303c1-9de0-44d5-8339-91c3ff5e65fe","local_time":"20190201182232","is_ascension_mode":false,"campfire_choices":[{"data":"Armaments","floor":6,"key":"SMITH"},{"data":"Armaments","floor":8,"key":"SMITH"},{"data":"Iron Wave","floor":10,"key":"SMITH"},{"data":"Perfected Strike","floor":15,"key":"SMITH"},{"data":"Uppercut","floor":25,"key":"SMITH"},{"floor":32,"key":"REST"}],"neow_cost":"NONE","seed_source_timestamp":119615460067140,"circlet_count":0,"master_deck":["Strike_R","Strike_R","Strike_R","Strike_R","Defend_R","Defend_R","Defend_R","Defend_R","Bash","Armaments+1","Iron Wave+1","Armaments+1","Body Slam","Perfected Strike+1","Clash","Barricade","Thunderclap","Uppercut+1","Fire Breathing","Blood for Blood","Bludgeon","Iron Wave","Infernal Blade","Iron Wave","Rage"],"relics":["Burning Blood","NeowsBlessing","Golden Idol","Magic Flower","Old Coin","Tiny Chest","Busted Crown","Nunchaku","PreservedInsect","Happy Flower","Sundial","Bronze Scales"],"potions_floor_usage":[16,16,23,33,33,33],"damage_taken":[{"damage":0,"enemies":"Jaw Worm","floor":1,"turns":1},{"damage":0,"enemies":"Small Slimes","floor":3,"turns":1},{"damage":0,"enemies":"Lagavulin","floor":7,"turns":1},{"damage":4,"enemies":"Cultist","floor":12,"turns":4},{"damage":12,"enemies":"3 Louse","floor":13,"turns":4},{"damage":13,"enemies":"Red Slaver","floor":14,"turns":4},{"damage":24,"enemies":"Hexaghost","floor":16,"turns":12},{"damage":0,"enemies":"Chosen","floor":18,"turns":4},{"damage":15,"enemies":"Shell Parasite","floor":19,"turns":6},{"damage":10,"enemies":"3 Cultists","floor":21,"turns":5},{"damage":16,"enemies":"Snecko","floor":22,"turns":6},{"damage":19,"enemies":"Book of Stabbing","floor":23,"turns":5},{"damage":22,"enemies":"Sentry and Sphere","floor":24,"turns":4},{"damage":15,"enemies":"Snake Plant","floor":28,"turns":3},{"damage":7,"enemies":"Shelled Parasite and Fungi","floor":29,"turns":3},{"damage":25,"enemies":"Centurion and Healer","floor":30,"turns":4},{"damage":50,"enemies":"Automaton","floor":33,"turns":6}],"seed_played":"1348421511300642037","potions_obtained":[{"floor":3,"key":"Block Potion"},{"floor":13,"key":"PowerPotion"},{"floor":16,"key":"Ancient Potion"},{"floor":18,"key":"Block Potion"},{"floor":24,"key":"Poison Potion"},{"floor":28,"key":"LiquidBronze"}],"is_trial":false,"path_per_floor":["M","$","M","?","?","R","E","R","T","R","?","M","M","M","R","B",null,"M","M","$","M","M","E","M","R","T","?","M","M","M","$","R","B"],"character_chosen":"IRONCLAD","items_purchased":["Uppercut","Nunchaku","Sundial","Bronze Scales"],"campfire_rested":1,"item_purchase_floors":[20,20,31,31],"current_hp_per_floor":[80,80,80,80,80,80,80,80,80,80,80,80,77,73,73,58,80,80,74,74,73,66,56,43,43,43,43,37,39,23,23,47,0],"gold":19,"neow_bonus":"THREE_ENEMY_KILL","is_prod":false,"is_daily":false,"chose_seed":false,"campfire_upgraded":5,"win_rate":0.0,"timestamp":1549063352,"path_taken":["M","$","M","?","?","R","E","R","T","R","?","M","?","M","R","BOSS","M","M","$","M","M","E","M","R","T","?","M","?","M","$","R","BOSS"],"build_version":"2019-01-23","purchased_purges":1,"victory":false,"max_hp_per_floor":[80,80,80,80,80,80,80,80,80,80,80,80,80,80,80,80,80,80,80,80,80,80,80,80,80,80,80,80,80,80,80,80,80],"card_choices":[{"not_picked":["Cleave","Heavy Blade"],"picked":"Armaments","floor":1},{"not_picked":["Evolve","Hemokinesis"],"picked":"Iron Wave","floor":3},{"not_picked":["Flex","Dual Wield"],"picked":"Armaments","floor":7},{"not_picked":["Twin Strike","Intimidate"],"picked":"Body Slam","floor":12},{"not_picked":["Spot Weakness","Bloodletting"],"picked":"Perfected Strike","floor":13},{"not_picked":["Iron Wave","Whirlwind"],"picked":"Clash","floor":14},{"not_picked":["Brutality","Exhume"],"picked":"Barricade","floor":16},{"not_picked":["Wild Strike+1"],"picked":"SKIP","floor":18},{"not_picked":[],"picked":"Thunderclap","floor":19},{"not_picked":[],"picked":"Fire Breathing","floor":21},{"not_picked":[],"picked":"Blood for Blood","floor":22},{"not_picked":[],"picked":"Bludgeon","floor":23},{"not_picked":[],"picked":"Iron Wave","floor":24},{"not_picked":[],"picked":"Iron Wave","floor":28},{"not_picked":[],"picked":"Rage","floor":29},{"not_picked":["Headbutt+1"],"picked":"SKIP","floor":30}],"player_experience":102424,"relics_obtained":[{"floor":7,"key":"Magic Flower"},{"floor":9,"key":"Old Coin"},{"floor":23,"key":"PreservedInsect"},{"floor":26,"key":"Happy Flower"}],"event_choices":[{"damage_healed":0,"gold_gain":0,"player_choice":"Take Wound","damage_taken":0,"relics_obtained":["Golden Idol"],"max_hp_gain":0,"max_hp_loss":0,"event_name":"Golden Idol","floor":4,"gold_loss":0,"cards_obtained":["Injury"]},{"cards_removed":["Injury"],"damage_healed":0,"gold_gain":0,"player_choice":"Card Removal","damage_taken":0,"max_hp_gain":0,"max_hp_loss":0,"event_name":"The Cleric","floor":5,"gold_loss":50},{"damage_healed":0,"gold_gain":0,"player_choice":"Box","damage_taken":0,"relics_obtained":["Tiny Chest"],"max_hp_gain":0,"max_hp_loss":0,"event_name":"Big Fish","floor":11,"gold_loss":0,"cards_obtained":["Regret"]},{"damage_healed":0,"gold_gain":0,"cards_transformed":["Strike_R"],"player_choice":"Transformed","damage_taken":0,"max_hp_gain":0,"max_hp_loss":0,"event_name":"Transmorgrifier","floor":27,"gold_loss":0,"cards_obtained":["Infernal Blade"]}],"is_beta":false,"boss_relics":[{"not_picked":["Tiny House","Calling Bell"],"picked":"Busted Crown"}],"items_purged_floors":[20],"is_endless":false,"potions_floor_spawned":[3,13,16,18,24,28],"killed_by":"Automaton","ascension_level":0}