{"gold_per_floor":[110,126,140,151,166,166,195,195,242,268,268,295,81,91,91,193,193,211,224,242,242,157,157,185,185],"floor_reached":25,"playtime":1378,"items_purged":["Strike_G"],"score":292,"play_id":"a1a8dfce-7840-4de5-a937-aa52617481bc","local_time":"20190602013233","is_ascension_mode":true,"campfire_choices":[{"data":"Bouncing Flask","floor":6,"key":"SMITH"},{"floor":8,"key":"REST"},{"floor":11,"key":"REST"},{"data":"Envenom","floor":15,"key":"SMITH"},{"floor":23,"key":"REST"}],"neow_cost":"NONE","seed_source_timestamp":537399752869293,"circlet_count":0,"master_deck":["Defend_G","Defend_G","Defend_G","Defend_G","Strike_G","Strike_G","Strike_G","Strike_G","Survivor","Neutralize","Bane","Bouncing Flask+1","Well Laid Plans","Dagger Spray","Bane","PiercingWail","Bane","Envenom+1","Adrenaline","Poisoned Stab","Poisoned Stab+1","Deadly Poison","Ghostly","Ghostly","Ghostly","Ghostly","Ghostly","Night Terror"],"relics":["Ring of the Snake","WingedGreaves","Anchor","Pantograph","Potion Belt","Philosopher\u0027s Stone","StoneCalendar","Strawberry"],"potions_floor_usage":[4,5,7,12,18],"damage_taken":[{"damage":5,"enemies":"Cultist","floor":1,"turns":4},{"damage":1,"enemies":"2 Louse","floor":2,"turns":3},{"damage":0,"enemies":"Small Slimes","floor":3,"turns":2},{"damage":6,"enemies":"Exordium Wildlife","floor":4,"turns":4},{"damage":4,"enemies":"Red Slaver","floor":5,"turns":4},{"damage":13,"enemies":"Lagavulin","floor":7,"turns":5},{"damage":11,"enemies":"Gremlin Nob","floor":10,"turns":3},{"damage":19,"enemies":"Lagavulin","floor":12,"turns":6},{"damage":0,"enemies":"Looter","floor":14,"turns":4},{"damage":44,"enemies":"The Guardian","floor":16,"turns":7},{"damage":22,"enemies":"2 Thieves","floor":18,"turns":4},{"damage":23,"enemies":"Shell Parasite","floor":19,"turns":4},{"damage":10,"enemies":"Centurion and Healer","floor":20,"turns":5},{"damage":19,"enemies":"Gremlin Leader","floor":24,"turns":7},{"damage":41,"enemies":"3 Cultists","floor":25,"turns":6}],"seed_played":"1093078923396566911","potions_obtained":[{"floor":1,"key":"FearPotion"},{"floor":4,"key":"Fruit Juice"},{"floor":5,"key":"Weak Potion"},{"floor":10,"key":"Weak Potion"},{"floor":14,"key":"Strength Potion"}],"is_trial":false,"path_per_floor":["M","M","M","M","M","R","E","R","T","E","R","E","$","M","R","B",null,"M","M","M","?","?","R","E","M"],"character_chosen":"THE_SILENT","items_purchased":["Envenom"],"campfire_rested":3,"item_purchase_floors":[13],"current_hp_per_floor":[65,64,64,58,59,59,46,68,68,57,75,56,56,56,56,31,75,53,30,20,20,20,31,19,0],"gold":185,"neow_bonus":"REMOVE_CARD","is_prod":false,"is_daily":false,"chose_seed":false,"campfire_upgraded":2,"win_rate":0,"timestamp":1559464353,"path_taken":["M","M","M","M","M","R","E","R","T","E","R","E","$","M","R","BOSS","M","M","?","?","?","R","E","M"],"build_version":"2019-01-23","purchased_purges":1,"victory":false,"max_hp_per_floor":[70,70,70,70,75,75,75,75,75,75,75,75,75,75,75,75,75,75,75,75,37,37,37,44,44],"card_choices":[{"not_picked":["Heel Hook","Dagger Throw"],"picked":"Bane","floor":1},{"not_picked":["Bane","Underhanded Strike"],"picked":"Bouncing Flask","floor":2},{"not_picked":["Deadly Poison","Quick Slash"],"picked":"Well Laid Plans","floor":3},{"not_picked":["Finisher","Sucker Punch"],"picked":"Dagger Spray","floor":4},{"not_picked":["Deflect","Dagger Throw","Caltrops"],"picked":"SKIP","floor":5},{"not_picked":["All Out Attack","Crippling Poison"],"picked":"Bane","floor":7},{"not_picked":["Masterful Stab","Well Laid Plans"],"picked":"PiercingWail","floor":10},{"not_picked":["Reflex","Finisher"],"picked":"Bane","floor":12},{"not_picked":["Terror","PiercingWail","Heel Hook"],"picked":"SKIP","floor":14},{"not_picked":["Wraith Form v2","A Thousand Cuts"],"picked":"Adrenaline","floor":16},{"not_picked":["Backflip","PiercingWail"],"picked":"Poisoned Stab","floor":18},{"not_picked":["Slice","Reflex"],"picked":"Poisoned Stab+1","floor":19},{"not_picked":["Slice+1","Masterful Stab"],"picked":"Deadly Poison","floor":20},{"not_picked":["Deflect+1","Accuracy"],"picked":"Night Terror","floor":24}],"player_experience":262990,"relics_obtained":[{"floor":7,"key":"WingedGreaves"},{"floor":9,"key":"Anchor"},{"floor":10,"key":"Pantograph"},{"floor":12,"key":"Potion Belt"},{"floor":24,"key":"Strawberry"}],"event_choices":[{"damage_healed":0,"gold_gain":0,"player_choice":"Became a Ghost","damage_taken":0,"max_hp_gain":0,"max_hp_loss":38,"event_name":"Ghosts","floor":21,"gold_loss":0,"cards_obtained":["Ghostly","Ghostly","Ghostly","Ghostly","Ghostly"]},{"damage_healed":0,"gold_gain":0,"player_choice":"Obtained Relic","damage_taken":0,"relics_obtained":["StoneCalendar"],"max_hp_gain":0,"max_hp_loss":0,"event_name":"Addict","floor":22,"gold_loss":85}],"is_beta":false,"boss_relics":[{"not_picked":["Lizard Tail","White Beast Statue"],"picked":"Philosopher\u0027s Stone"}],"items_purged_floors":[13],"is_endless":false,"potions_floor_spawned":[1,4,5,10,14],"killed_by":"3 Cultists","ascension_level":2}