{"gold_per_floor":[109,209,132,12,24,24,51,51,77,96,96,112,152,168,168,261,261,280,280,293,293,293],"floor_reached":22,"playtime":1118,"items_purged":[],"score":378,"play_id":"ca7c5146-2743-40b3-8b14-d6e0bda68cf3","local_time":"20190624183259","is_ascension_mode":true,"campfire_choices":[{"data":"Corruption","floor":6,"key":"SMITH"},{"data":"Intimidate","floor":8,"key":"SMITH"},{"floor":15,"key":"REST"}],"neow_cost":"NONE","seed_source_timestamp":1020590683750570,"circlet_count":0,"master_deck":["AscendersBane","Strike_R+1","Strike_R+1","Strike_R+1","Defend_R+1","Defend_R+1","Defend_R+1","Bash","Uppercut","Sever Soul","Corruption+1","Rampage","Iron Wave","Intimidate+1","Body Slam","Spot Weakness","Sentinel","Ghostly Armor","Juggernaut","Warcry+1","Carnage+1","Heavy Blade+1","Pommel Strike","Sever Soul"],"relics":["Burning Blood","Bag of Preparation","FossilizedHelix","War Paint","Golden Idol","Centennial Puzzle","Astrolabe"],"potions_floor_usage":[7,12,13,14],"damage_taken":[{"damage":4,"enemies":"2 Louse","floor":1,"turns":6},{"damage":4,"enemies":"Cultist","floor":5,"turns":3},{"damage":30,"enemies":"3 Sentries","floor":7,"turns":8},{"damage":4,"enemies":"Small Slimes","floor":10,"turns":5},{"damage":0,"enemies":"2 Fungi Beasts","floor":12,"turns":3},{"damage":22,"enemies":"Lagavulin","floor":13,"turns":8},{"damage":17,"enemies":"Gremlin Gang","floor":14,"turns":5},{"damage":44,"enemies":"The Guardian","floor":16,"turns":14},{"damage":21,"enemies":"2 Thieves","floor":18,"turns":4},{"damage":3,"enemies":"Shell Parasite","floor":20,"turns":5},{"damage":53,"enemies":"Chosen and Byrds","floor":22,"turns":5}],"seed_played":"1549677199991743051","potions_obtained":[{"floor":5,"key":"PowerPotion"},{"floor":7,"key":"Energy Potion"},{"floor":12,"key":"Swift Potion"},{"floor":13,"key":"Weak Potion"}],"is_trial":false,"path_per_floor":["M","?","$","$","M","R","E","R","T","M","?","M","E","M","R","B",null,"M","?","M","?","M"],"character_chosen":"IRONCLAD","items_purchased":["Sever Soul","Corruption","Rampage"],"campfire_rested":1,"item_purchase_floors":[3,4,4],"current_hp_per_floor":[70,70,70,70,72,72,48,48,48,50,50,56,40,29,49,11,54,39,39,42,42,0],"gold":293,"neow_bonus":"RANDOM_COMMON_RELIC","is_prod":false,"is_daily":false,"chose_seed":false,"campfire_upgraded":2,"win_rate":0,"timestamp":1561426379,"path_taken":["M","?","?","$","M","R","E","R","T","?","?","M","E","M","R","BOSS","M","?","M","?","M"],"build_version":"2019-01-23","purchased_purges":0,"victory":false,"max_hp_per_floor":[75,75,75,75,75,75,75,75,75,75,68,68,68,68,68,68,68,68,68,68,68,68],"card_choices":[{"not_picked":["Cleave","Havoc"],"picked":"Uppercut","floor":1},{"not_picked":["Body Slam","Flex"],"picked":"Iron Wave","floor":5},{"not_picked":["Thunderclap","Seeing Red"],"picked":"Intimidate","floor":7},{"not_picked":["Shrug It Off","Battle Trance"],"picked":"Body Slam","floor":10},{"not_picked":["Rage","Sever Soul"],"picked":"Spot Weakness","floor":12},{"not_picked":["Fiend Fire","Entrench"],"picked":"Sentinel","floor":13},{"not_picked":["Body Slam","Pommel Strike"],"picked":"Ghostly Armor","floor":14},{"not_picked":["Immolate","Bludgeon"],"picked":"Juggernaut","floor":16},{"not_picked":["Perfected Strike","Armaments"],"picked":"Pommel Strike","floor":18},{"not_picked":["True Grit","Intimidate"],"picked":"Sever Soul","floor":20}],"player_experience":1066579,"relics_obtained":[{"floor":7,"key":"FossilizedHelix"},{"floor":9,"key":"War Paint"},{"floor":13,"key":"Centennial Puzzle"}],"event_choices":[{"damage_healed":0,"gold_gain":100,"player_choice":"Gold","damage_taken":0,"max_hp_gain":0,"max_hp_loss":0,"event_name":"Wheel of Change","floor":2,"gold_loss":0},{"damage_healed":0,"gold_gain":0,"player_choice":"Lose Max HP","damage_taken":0,"relics_obtained":["Golden Idol"],"max_hp_gain":0,"max_hp_loss":7,"event_name":"Golden Idol","floor":11,"gold_loss":0},{"damage_healed":0,"gold_gain":0,"player_choice":"Ignored","damage_taken":0,"max_hp_gain":0,"max_hp_loss":0,"event_name":"Beggar","floor":19,"gold_loss":0},{"damage_healed":0,"gold_gain":0,"player_choice":"Simplicity","damage_taken":0,"max_hp_gain":0,"max_hp_loss":0,"event_name":"Back to Basics","floor":21,"gold_loss":0,"cards_upgraded":["Strike_R","Strike_R","Strike_R","Defend_R"]}],"is_beta":false,"boss_relics":[{"not_picked":["Runic Cube","Lizard Tail"],"picked":"Astrolabe"}],"items_purged_floors":[],"is_endless":false,"potions_floor_spawned":[5,7,12,13],"killed_by":"Chosen and Byrds","ascension_level":19}