{"gold_per_floor":[109,74,89,89,14,14,89,89,116,135,90,36,36,54,54,54],"floor_reached":16,"playtime":473,"items_purged":["Regret"],"score":172,"play_id":"40330bdc-e89d-4192-a334-bcd1fabc4aff","local_time":"20190622192710","is_ascension_mode":true,"campfire_choices":[{"data":"True Grit","floor":6,"key":"SMITH"},{"data":"Power Through","floor":8,"key":"SMITH"},{"data":"Heavy Blade","floor":15,"key":"SMITH"}],"neow_cost":"PERCENT_DAMAGE","seed_source_timestamp":851686932318078,"circlet_count":0,"master_deck":["AscendersBane","Strike_R","Strike_R","Strike_R","Strike_R","Strike_R","Defend_R","Defend_R","Defend_R","Defend_R","Bash","True Grit+1","Power Through+1","Flex","Corruption","Sword Boomerang","Heavy Blade+1"],"relics":["Burning Blood","WingedGreaves","Gambling Chip","Bronze Scales","CultistMask"],"potions_floor_usage":[16,16],"damage_taken":[{"damage":17,"enemies":"Cultist","floor":1,"turns":5},{"damage":7,"enemies":"Jaw Worm","floor":3,"turns":4},{"damage":0,"enemies":"Small Slimes","floor":10,"turns":5},{"damage":6,"enemies":"Blue Slaver","floor":14,"turns":5},{"damage":54,"enemies":"The Guardian","floor":16,"turns":11}],"seed_played":"2731567169114368126","potions_obtained":[{"floor":1,"key":"SpeedPotion"},{"floor":3,"key":"GamblersBrew"}],"is_trial":false,"path_per_floor":["M","?","M","?","$","R","?","R","T","M","$","$","?","M","R","B"],"character_chosen":"IRONCLAD","items_purchased":["Corruption","Sword Boomerang"],"campfire_rested":0,"item_purchase_floors":[11,12],"current_hp_per_floor":[39,57,56,56,56,56,45,45,45,51,51,51,51,51,51,0],"gold":54,"neow_bonus":"ONE_RARE_RELIC","is_prod":false,"is_daily":false,"chose_seed":false,"campfire_upgraded":3,"win_rate":0,"timestamp":1561256830,"path_taken":["M","?","M","?","$","R","?","R","T","M","?","$","?","M","R","BOSS"],"build_version":"2019-01-23","purchased_purges":1,"victory":false,"max_hp_per_floor":[75,75,75,75,75,75,75,75,75,75,75,75,75,75,75,75],"card_choices":[{"not_picked":["Fire Breathing","Pommel Strike"],"picked":"True Grit","floor":1},{"not_picked":["Thunderclap","Pommel Strike"],"picked":"Power Through","floor":3},{"not_picked":["Reckless Charge","Sword Boomerang"],"picked":"Flex","floor":10},{"not_picked":["Infernal Blade","Whirlwind"],"picked":"Heavy Blade","floor":14}],"player_experience":1048811,"relics_obtained":[{"floor":9,"key":"Bronze Scales"}],"event_choices":[{"damage_healed":18,"gold_gain":0,"player_choice":"Healed","damage_taken":0,"max_hp_gain":0,"max_hp_loss":0,"event_name":"The Cleric","floor":2,"gold_loss":35},{"damage_healed":0,"gold_gain":0,"player_choice":"Box","damage_taken":0,"relics_obtained":["Gambling Chip"],"max_hp_gain":0,"max_hp_loss":0,"event_name":"Big Fish","floor":4,"gold_loss":0,"cards_obtained":["Regret"]},{"damage_healed":0,"gold_gain":75,"player_choice":"Gather Gold","damage_taken":11,"max_hp_gain":0,"max_hp_loss":0,"event_name":"World of Goop","floor":7,"gold_loss":0},{"damage_healed":0,"gold_gain":0,"player_choice":"Trade","damage_taken":0,"relics_obtained":["CultistMask"],"max_hp_gain":0,"max_hp_loss":0,"event_name":"FaceTrader","floor":13,"gold_loss":0}],"is_beta":false,"boss_relics":[],"items_purged_floors":[5],"is_endless":false,"potions_floor_spawned":[1,3],"killed_by":"The Guardian","ascension_level":19}