{"gold_per_floor":[111,128,128,141,141,141,176,190,216,216,231,231,250,122,122,122],"floor_reached":16,"playtime":748,"items_purged":["Strike_R"],"score":112,"play_id":"4dc8fb67-9bbb-4e11-ab2e-92cbcff36d79","local_time":"20190604032743","is_ascension_mode":true,"campfire_choices":[{"data":"Panacea","floor":6,"key":"SMITH"},{"data":"Defend_R","floor":10,"key":"SMITH"},{"data":"Defend_R","floor":12,"key":"SMITH"},{"data":"Rage","floor":15,"key":"SMITH"}],"neow_cost":"NONE","seed_source_timestamp":717738030294857,"circlet_count":0,"master_deck":["Strike_R","Strike_R","Strike_R","Strike_R","Defend_R+1","Defend_R","Defend_R+1","Defend_R+1","Panacea+1","Shrug It Off","Body Slam+1","Whirlwind","Bludgeon","Rage+1","Flame Barrier","Shrug It Off"],"relics":["Burning Blood","Juzu Bracelet","PreservedInsect"],"potions_floor_usage":[7,7,16],"damage_taken":[{"damage":0,"enemies":"Small Slimes","floor":1,"turns":3},{"damage":6,"enemies":"2 Louse","floor":2,"turns":3},{"damage":2,"enemies":"Cultist","floor":4,"turns":4},{"damage":11,"enemies":"3 Sentries","floor":7,"turns":6},{"damage":17,"enemies":"Exordium Thugs","floor":8,"turns":7},{"damage":0,"enemies":"Looter","floor":11,"turns":3},{"damage":6,"enemies":"2 Fungi Beasts","floor":13,"turns":3},{"damage":54,"enemies":"Hexaghost","floor":16,"turns":14}],"seed_played":"7377521904476968727","potions_obtained":[{"floor":1,"key":"Weak Potion"},{"floor":2,"key":"FearPotion"},{"floor":13,"key":"GamblersBrew"}],"is_trial":false,"path_per_floor":["M","M","?","M","?","R","E","M","T","R","M","R","M","$","R","B"],"character_chosen":"IRONCLAD","items_purchased":["Shrug It Off"],"campfire_rested":0,"item_purchase_floors":[14],"current_hp_per_floor":[80,80,64,68,61,61,56,45,45,45,51,51,51,51,51,0],"gold":122,"neow_bonus":"RANDOM_COLORLESS","is_prod":false,"is_daily":false,"chose_seed":false,"campfire_upgraded":4,"win_rate":0,"timestamp":1559644063,"path_taken":["M","M","?","M","?","R","E","M","T","R","M","R","M","$","R","BOSS"],"build_version":"2019-01-23","purchased_purges":1,"victory":false,"max_hp_per_floor":[80,80,80,80,80,80,80,80,80,80,80,80,80,80,80,80],"card_choices":[{"not_picked":["Twin Strike","Uppercut"],"picked":"Shrug It Off","floor":1},{"not_picked":["True Grit","Heavy Blade"],"picked":"Body Slam","floor":2},{"not_picked":["Double Tap","Power Through"],"picked":"Whirlwind","floor":4},{"not_picked":["Thunderclap","Heavy Blade"],"picked":"Bludgeon","floor":7},{"not_picked":["Armaments","True Grit"],"picked":"Rage","floor":8},{"not_picked":["Anger","Whirlwind","Blood for Blood"],"picked":"SKIP","floor":11},{"not_picked":["Headbutt","Berserk"],"picked":"Flame Barrier","floor":13}],"player_experience":309275,"relics_obtained":[{"floor":7,"key":"Juzu Bracelet"},{"floor":9,"key":"PreservedInsect"}],"event_choices":[{"damage_healed":0,"gold_gain":0,"player_choice":"Entered Light","damage_taken":16,"max_hp_gain":0,"max_hp_loss":0,"event_name":"Shining Light","floor":3,"gold_loss":0,"cards_upgraded":["Defend_R","Body Slam"]},{"cards_removed":["Bash"],"damage_healed":0,"gold_gain":0,"player_choice":"Card Removal","damage_taken":7,"max_hp_gain":0,"max_hp_loss":0,"event_name":"Golden Wing","floor":5,"gold_loss":0}],"is_beta":false,"boss_relics":[],"items_purged_floors":[14],"is_endless":false,"potions_floor_spawned":[1,2,13],"killed_by":"Hexaghost","ascension_level":2}