{"gold_per_floor":[16,116,69,88,98,123,123,139,139,152,152,177,75,90,90,188,188,203,128,128,145,165,165,265,265,313,331,331,231,241,259,259,364,364,384,21,36,52,52,67,67,86,112,131,131,146,146,246,246,246],"floor_reached":50,"playtime":2255,"items_purged":["Strike_B","Strike_B","Strike_B"],"score":458,"play_id":"f477d51b-a129-4edd-9574-c9d4dd7aa425","local_time":"20190430173338","is_ascension_mode":false,"campfire_choices":[{"data":"Hologram","floor":7,"key":"SMITH"},{"data":"Beam Cell","floor":11,"key":"SMITH"},{"data":"Gash","floor":15,"key":"SMITH"},{"floor":23,"key":"REST"},{"floor":25,"key":"REST"},{"floor":32,"key":"RECALL"},{"floor":47,"key":"REST"},{"floor":49,"key":"REST"}],"neow_cost":"NO_GOLD","seed_source_timestamp":162644760428850,"circlet_count":0,"master_deck":["Defend_B","Defend_B","Defend_B","Defend_B","Zap","Dualcast","Rebound","Beam Cell+1","Hologram+1","Hologram","Coolheaded","Ball Lightning","Gash+1","Conserve Battery","Coolheaded+1","Hologram","Beam Cell+1","Conserve Battery+1","Streamline+1","Coolheaded+1"],"relics":["Cracked Core","Gambling Chip","Letter Opener","Dodecahedron","Mummified Hand","Fusion Hammer","FossilizedHelix","Shuriken","Happy Flower","Sozu","Toxic Egg 2","Juzu Bracelet"],"potions_floor_usage":[18,24,24,24,33,50,50],"damage_taken":[{"damage":1,"enemies":"Cultist","floor":1,"turns":3},{"damage":3,"enemies":"2 Louse","floor":4,"turns":2},{"damage":0,"enemies":"Jaw Worm","floor":5,"turns":1},{"damage":19,"enemies":"3 Sentries","floor":6,"turns":7},{"damage":3,"enemies":"Red Slaver","floor":8,"turns":3},{"damage":6,"enemies":"Large Slime","floor":10,"turns":5},{"damage":6,"enemies":"Gremlin Nob","floor":12,"turns":3},{"damage":5,"enemies":"Blue Slaver","floor":14,"turns":2},{"damage":22,"enemies":"Hexaghost","floor":16,"turns":9},{"damage":0,"enemies":"2 Thieves","floor":18,"turns":3},{"damage":0,"enemies":"Shell Parasite","floor":21,"turns":3},{"damage":0,"enemies":"Snecko","floor":22,"turns":4},{"damage":2,"enemies":"Colosseum Slavers","floor":24,"turns":2},{"damage":6,"enemies":"Colosseum Nobs","floor":24,"turns":4},{"damage":0,"enemies":"3 Cultists","floor":27,"turns":4},{"damage":0,"enemies":"Cultist and Chosen","floor":30,"turns":5},{"damage":0,"enemies":"Snecko","floor":31,"turns":4},{"damage":41,"enemies":"Champ","floor":33,"turns":8},{"damage":0,"enemies":"3 Shapes","floor":35,"turns":3},{"damage":0,"enemies":"3 Darklings","floor":37,"turns":6},{"damage":12,"enemies":"Jaw Worm Horde","floor":38,"turns":4},{"damage":4,"enemies":"Maw","floor":40,"turns":7},{"damage":0,"enemies":"4 Shapes","floor":42,"turns":5},{"damage":0,"enemies":"Spire Growth","floor":44,"turns":4},{"damage":0,"enemies":"Sphere and 2 Shapes","floor":46,"turns":4},{"damage":73,"enemies":"Donu and Deca","floor":50,"turns":10}],"seed_played":"-5361751224910374018","potions_obtained":[{"floor":6,"key":"SkillPotion"},{"floor":8,"key":"Ancient Potion"},{"floor":14,"key":"Block Potion"},{"floor":16,"key":"Dexterity Potion"},{"floor":18,"key":"Dexterity Potion"},{"floor":27,"key":"GamblersBrew"},{"floor":28,"key":"FearPotion"},{"floor":28,"key":"LiquidBronze"}],"is_trial":false,"path_per_floor":["M","?","$","M","M","E","R","M","T","M","R","E","$","M","R","B",null,"M","?","?","M","M","R","?","R","T","M","?","$","M","M","R","B",null,"M","$","M","M","?","M","?","M","T","M","?","M","R","?","R","B"],"character_chosen":"DEFECT","items_purchased":["Beam Cell","Gash","Toxic Egg 2"],"campfire_rested":4,"item_purchase_floors":[3,13,36],"current_hp_per_floor":[74,74,74,71,71,52,52,49,49,43,43,37,37,32,32,10,75,75,75,75,75,75,75,67,75,75,75,75,75,75,75,75,34,75,75,75,75,63,63,59,59,59,59,59,59,59,71,71,71,0],"gold":246,"neow_bonus":"ONE_RARE_RELIC","is_prod":false,"is_daily":false,"chose_seed":false,"campfire_upgraded":3,"win_rate":0,"timestamp":1556660018,"path_taken":["M","?","?","M","M","E","R","?","T","M","R","E","$","M","R","BOSS","M","?","?","M","?","R","?","R","T","M","?","$","M","?","R","BOSS","M","$","M","M","?","M","?","M","T","M","?","M","R","?","R","BOSS"],"build_version":"2019-01-23","purchased_purges":3,"victory":false,"max_hp_per_floor":[75,75,75,75,75,75,75,75,75,75,75,75,75,75,75,75,75,75,75,75,75,75,75,75,75,75,75,75,75,75,75,75,75,75,75,75,75,75,75,75,75,75,75,75,71,71,71,71,71,71],"card_choices":[{"not_picked":["Streamline","Go for the Eyes"],"picked":"Rebound","floor":1},{"not_picked":["Beam Cell","Multi-Cast"],"picked":"Hologram","floor":4},{"not_picked":["Capacitor","Chill"],"picked":"Hologram","floor":5},{"not_picked":["Compile Driver","Reprogram","Doom and Gloom"],"picked":"SKIP","floor":6},{"not_picked":["Redo","Scrape"],"picked":"Coolheaded","floor":8},{"not_picked":["Ball Lightning","Defragment","Hologram"],"picked":"SKIP","floor":10},{"not_picked":["Coolheaded","Sunder"],"picked":"Ball Lightning","floor":12},{"not_picked":["Redo","Cold Snap","Hello World"],"picked":"SKIP","floor":14},{"not_picked":["Undo+1","Go for the Eyes"],"picked":"Conserve Battery","floor":18},{"not_picked":["Turbo+1","Steam","Conserve Battery"],"picked":"SKIP","floor":21},{"not_picked":["Streamline","Steam Power","Turbo"],"picked":"SKIP","floor":22},{"not_picked":["Skim","Coolheaded","Melter"],"picked":"SKIP","floor":27},{"not_picked":["Ball Lightning","Blizzard+1"],"picked":"Coolheaded+1","floor":30},{"not_picked":["Hologram","Echo Form","Lockon"],"picked":"SKIP","floor":31},{"not_picked":["Echo Form","Lockon"],"picked":"Hologram","floor":31},{"not_picked":["Loop","Cold Snap"],"picked":"Beam Cell+1","floor":35},{"not_picked":["Stack+1","Beam Cell+1","Turbo+1"],"picked":"SKIP","floor":37},{"not_picked":["Redo+1","Storm+1"],"picked":"Conserve Battery+1","floor":38},{"not_picked":["Genetic Algorithm+1","Streamline+1","Redo+1"],"picked":"SKIP","floor":40},{"not_picked":["Genetic Algorithm+1","Redo+1"],"picked":"Streamline+1","floor":40},{"not_picked":["Steam+1","Barrage","Ball Lightning"],"picked":"SKIP","floor":42},{"not_picked":["Reprogram+1","Turbo+1"],"picked":"Coolheaded+1","floor":44},{"not_picked":["Leap+1","Lockon+1","BootSequence+1"],"picked":"SKIP","floor":46}],"player_experience":633589,"relics_obtained":[{"floor":6,"key":"Letter Opener"},{"floor":9,"key":"Dodecahedron"},{"floor":12,"key":"Mummified Hand"},{"floor":24,"key":"FossilizedHelix"},{"floor":24,"key":"Shuriken"},{"floor":26,"key":"Happy Flower"},{"floor":43,"key":"Juzu Bracelet"}],"event_choices":[{"damage_healed":0,"gold_gain":100,"player_choice":"Pray","damage_taken":0,"max_hp_gain":0,"max_hp_loss":0,"event_name":"Golden Shrine","floor":2,"gold_loss":0},{"cards_removed":["Strike_B"],"damage_healed":0,"gold_gain":0,"player_choice":"Gave Gold","damage_taken":0,"max_hp_gain":0,"max_hp_loss":0,"event_name":"Beggar","floor":19,"gold_loss":75},{"damage_healed":0,"gold_gain":0,"player_choice":"Bought 0 Potions","damage_taken":0,"max_hp_gain":0,"max_hp_loss":0,"event_name":"The Woman in Blue","floor":20,"gold_loss":0},{"damage_healed":0,"gold_gain":0,"player_choice":"Fight","damage_taken":0,"max_hp_gain":0,"max_hp_loss":0,"event_name":"Colosseum","floor":24,"gold_loss":0},{"damage_healed":0,"gold_gain":0,"player_choice":"Fought Nobs","damage_taken":0,"max_hp_gain":0,"max_hp_loss":0,"event_name":"Colosseum","floor":24,"gold_loss":0},{"damage_healed":0,"gold_gain":0,"player_choice":"Got Potions","damage_taken":0,"max_hp_gain":0,"max_hp_loss":0,"event_name":"Lab","floor":28,"gold_loss":0},{"damage_healed":0,"gold_gain":0,"player_choice":"Memory 1","damage_taken":0,"max_hp_gain":0,"max_hp_loss":0,"event_name":"SensoryStone","floor":39,"gold_loss":0},{"damage_healed":0,"gold_gain":0,"player_choice":"Ignored","damage_taken":0,"max_hp_gain":0,"max_hp_loss":0,"event_name":"Mysterious Sphere","floor":41,"gold_loss":0},{"damage_healed":0,"gold_gain":0,"player_choice":"Max HP","damage_taken":0,"max_hp_gain":0,"max_hp_loss":4,"event_name":"Winding Halls","floor":45,"gold_loss":0},{"damage_healed":0,"gold_gain":100,"player_choice":"Pray","damage_taken":0,"max_hp_gain":0,"max_hp_loss":0,"event_name":"Golden Shrine","floor":48,"gold_loss":0}],"is_beta":false,"boss_relics":[{"not_picked":["Tiny House","FrozenCore"],"picked":"Fusion Hammer"},{"not_picked":["Runic Pyramid","Snecko Eye"],"picked":"Sozu"}],"items_purged_floors":[13,29,36],"is_endless":false,"potions_floor_spawned":[6,8,14,16,18,24,27,30,37],"killed_by":"Donu and Deca","ascension_level":0}