{"gold_per_floor":[115,78,78,97,113,139,139,92,92,80,90,103,103,113,113,113],"floor_reached":16,"playtime":819,"items_purged":[],"score":104,"play_id":"e77c61d0-56a9-48e9-9f6b-3d4eb0ff7c81","local_time":"20190518225524","is_ascension_mode":false,"campfire_choices":[{"floor":7,"key":"REST"},{"floor":13,"key":"REST"},{"floor":15,"key":"REST"}],"neow_cost":"NONE","seed_source_timestamp":468424184000264,"circlet_count":0,"master_deck":["Strike_R","Strike_R","Strike_R","Strike_R","Defend_R","Defend_R","Defend_R","Defend_R","Bash","Brutality","Dropkick","Sever Soul","Shrug It Off","Juggernaut","Shrug It Off","Thunderclap","Whirlwind","Thunderclap"],"relics":["Burning Blood","Turnip","Charon\u0027s Ashes"],"potions_floor_usage":[6,12,14],"damage_taken":[{"damage":9,"enemies":"2 Louse","floor":1,"turns":3},{"damage":8,"enemies":"Jaw Worm","floor":4,"turns":3},{"damage":1,"enemies":"Cultist","floor":5,"turns":3},{"damage":62,"enemies":"Gremlin Nob","floor":6,"turns":6},{"damage":8,"enemies":"Exordium Thugs","floor":10,"turns":4},{"damage":29,"enemies":"Gremlin Gang","floor":11,"turns":6},{"damage":14,"enemies":"Large Slime","floor":12,"turns":7},{"damage":0,"enemies":"Blue Slaver","floor":14,"turns":4},{"damage":66,"enemies":"The Guardian","floor":16,"turns":11}],"seed_played":"-1318654351082490786","potions_obtained":[{"floor":5,"key":"LiquidBronze"},{"floor":11,"key":"Block Potion"},{"floor":12,"key":"Swift Potion"}],"is_trial":false,"path_per_floor":["M","?","?","M","M","E","R","$","T","M","M","M","R","M","R","B"],"character_chosen":"IRONCLAD","items_purchased":["Shrug It Off"],"campfire_rested":3,"item_purchase_floors":[8],"current_hp_per_floor":[77,77,77,75,80,24,48,48,48,46,23,15,39,45,69,3],"gold":113,"neow_bonus":"ONE_RANDOM_RARE_CARD","is_prod":false,"is_daily":false,"chose_seed":false,"campfire_upgraded":0,"win_rate":0,"timestamp":1558245324,"path_taken":["M","?","?","M","M","E","R","$","T","M","?","M","R","M","R","BOSS"],"build_version":"2019-01-23","purchased_purges":0,"victory":false,"max_hp_per_floor":[80,80,80,80,80,80,80,80,80,80,80,80,80,80,80,80],"card_choices":[{"not_picked":["Headbutt","Wild Strike"],"picked":"Dropkick","floor":1},{"not_picked":["Armaments","Perfected Strike"],"picked":"Sever Soul","floor":4},{"not_picked":["Rupture","Battle Trance"],"picked":"Shrug It Off","floor":5},{"not_picked":["Infernal Blade","Ghostly Armor"],"picked":"Juggernaut","floor":6},{"not_picked":["Perfected Strike","Wild Strike"],"picked":"Thunderclap","floor":10},{"not_picked":["Armaments","Body Slam"],"picked":"Whirlwind","floor":11},{"not_picked":["Havoc","Thunderclap","Second Wind"],"picked":"SKIP","floor":12},{"not_picked":["Armaments","Headbutt"],"picked":"Thunderclap","floor":14}],"player_experience":231488,"relics_obtained":[{"floor":6,"key":"Turnip"},{"floor":9,"key":"Charon\u0027s Ashes"}],"event_choices":[{"damage_healed":0,"gold_gain":0,"player_choice":"Left Gold","damage_taken":0,"max_hp_gain":0,"max_hp_loss":0,"event_name":"World of Goop","floor":2,"gold_loss":37},{"cards_removed":["Strike_R"],"damage_healed":0,"gold_gain":0,"player_choice":"Purged","damage_taken":0,"max_hp_gain":0,"max_hp_loss":0,"event_name":"Purifier","floor":3,"gold_loss":0}],"is_beta":false,"boss_relics":[],"items_purged_floors":[],"is_endless":false,"potions_floor_spawned":[5,11,12],"killed_by":"The Guardian","ascension_level":0}