{"gold_per_floor":[117,129,143,143,159,159,190,205,228,228,253,253,270,285,285,383,383,397,397,412,427,527,527],"floor_reached":23,"playtime":1602,"items_purged":[],"score":226,"play_id":"796e0fa5-44bb-47fd-8ebb-3c94a1cdbca1","local_time":"20190604020001","is_ascension_mode":true,"campfire_choices":[{"data":"Forethought","floor":6,"key":"SMITH"},{"floor":12,"key":"REST"},{"floor":15,"key":"REST"}],"neow_cost":"NONE","seed_source_timestamp":711616276738496,"circlet_count":0,"master_deck":["Strike_R","Strike_R","Strike_R","Strike_R","Strike_R","Defend_R","Defend_R","Bash","Forethought+1","Cleave","Rage","Shrug It Off","Body Slam","Clash","Headbutt","Warcry","Headbutt","Double Tap","Clash","Iron Wave","Iron Wave"],"relics":["Burning Blood","Blood Vial","Dream Catcher","Potion Belt","Empty Cage"],"potions_floor_usage":[7,8,11,16,16,21],"damage_taken":[{"damage":11,"enemies":"Small Slimes","floor":1,"turns":5},{"damage":0,"enemies":"2 Louse","floor":2,"turns":2},{"damage":9,"enemies":"Jaw Worm","floor":3,"turns":4},{"damage":6,"enemies":"Looter","floor":5,"turns":4},{"damage":10,"enemies":"3 Sentries","floor":7,"turns":8},{"damage":13,"enemies":"Gremlin Gang","floor":8,"turns":5},{"damage":33,"enemies":"Lagavulin","floor":11,"turns":7},{"damage":12,"enemies":"Exordium Wildlife","floor":13,"turns":4},{"damage":15,"enemies":"2 Fungi Beasts","floor":14,"turns":4},{"damage":32,"enemies":"The Guardian","floor":16,"turns":12},{"damage":13,"enemies":"Shell Parasite","floor":18,"turns":6},{"damage":7,"enemies":"3 Byrds","floor":20,"turns":6},{"damage":47,"enemies":"Cultist and Chosen","floor":21,"turns":9},{"damage":42,"enemies":"Slavers","floor":23,"turns":3}],"seed_played":"8557244312113119436","potions_obtained":[{"floor":1,"key":"Dexterity Potion"},{"floor":5,"key":"Explosive Potion"},{"floor":8,"key":"AttackPotion"},{"floor":11,"key":"LiquidBronze"},{"floor":14,"key":"Explosive Potion"},{"floor":20,"key":"Block Potion"}],"is_trial":false,"path_per_floor":["M","M","M","?","M","R","E","M","T","?","E","R","M","M","R","B",null,"M","?","M","M","?","E"],"character_chosen":"IRONCLAD","items_purchased":[],"campfire_rested":2,"item_purchase_floors":[],"current_hp_per_floor":[75,80,77,82,82,82,78,73,73,73,48,73,69,62,85,59,85,78,78,79,40,40,0],"gold":527,"neow_bonus":"RANDOM_COLORLESS","is_prod":false,"is_daily":false,"chose_seed":false,"campfire_upgraded":1,"win_rate":0,"timestamp":1559638801,"path_taken":["M","M","M","?","M","R","E","M","T","?","E","R","M","M","R","BOSS","M","?","M","M","?","E"],"build_version":"2019-01-23","purchased_purges":0,"victory":false,"max_hp_per_floor":[80,80,80,85,85,85,85,85,85,85,85,85,85,85,85,85,85,85,85,85,85,85,85],"card_choices":[{"not_picked":["Seeing Red","Combust"],"picked":"Cleave","floor":1},{"not_picked":["Second Wind","Perfected Strike"],"picked":"Rage","floor":2},{"not_picked":["Second Wind","Rupture"],"picked":"Shrug It Off","floor":3},{"not_picked":["Shrug It Off","Infernal Blade","Thunderclap"],"picked":"SKIP","floor":5},{"not_picked":["Flex","Combust","Disarm"],"picked":"SKIP","floor":7},{"not_picked":["Armaments","Dual Wield"],"picked":"Body Slam","floor":8},{"not_picked":["Carnage","Pommel Strike"],"picked":"Clash","floor":11},{"not_picked":["Demon Form","Shrug It Off"],"picked":"Headbutt","floor":12},{"not_picked":["Flex","True Grit","Armaments"],"picked":"SKIP","floor":13},{"not_picked":["True Grit","Blood for Blood"],"picked":"Warcry","floor":14},{"not_picked":["Shrug It Off","Armaments"],"picked":"Headbutt","floor":15},{"not_picked":["Immolate","Fiend Fire"],"picked":"Double Tap","floor":16},{"not_picked":["Corruption","Iron Wave"],"picked":"Clash","floor":18},{"not_picked":["Clothesline","Infernal Blade","Shrug It Off+1"],"picked":"SKIP","floor":20},{"not_picked":["Body Slam","Rage"],"picked":"Iron Wave","floor":21}],"player_experience":303620,"relics_obtained":[{"floor":7,"key":"Blood Vial"},{"floor":9,"key":"Dream Catcher"},{"floor":11,"key":"Potion Belt"}],"event_choices":[{"damage_healed":0,"gold_gain":0,"player_choice":"Donut","damage_taken":0,"max_hp_gain":5,"max_hp_loss":0,"event_name":"Big Fish","floor":4,"gold_loss":0},{"damage_healed":0,"gold_gain":0,"player_choice":"Ignored","damage_taken":0,"max_hp_gain":0,"max_hp_loss":0,"event_name":"Liars Game","floor":10,"gold_loss":0},{"damage_healed":0,"gold_gain":0,"player_choice":"Read","damage_taken":0,"max_hp_gain":0,"max_hp_loss":0,"event_name":"The Library","floor":19,"gold_loss":0,"cards_obtained":["Iron Wave"]},{"damage_healed":0,"gold_gain":100,"player_choice":"Pray","damage_taken":0,"max_hp_gain":0,"max_hp_loss":0,"event_name":"Golden Shrine","floor":22,"gold_loss":0}],"is_beta":false,"boss_relics":[{"not_picked":["Fusion Hammer","Astrolabe"],"picked":"Empty Cage"}],"items_purged_floors":[],"is_endless":false,"potions_floor_spawned":[1,5,8,11,14,20],"killed_by":"Slavers","ascension_level":2}