{"gold_per_floor":[112,112,42,63,86,86,425,23,23,23,23,41,61,85,85,85],"floor_reached":16,"playtime":885,"items_purged":["Injury"],"score":128,"play_id":"c9827c26-14a3-4f21-b854-552b085824b7","local_time":"20190211002804","is_ascension_mode":true,"campfire_choices":[{"data":"Machine Learning","floor":6,"key":"SMITH"},{"data":"Genetic Algorithm","floor":10,"key":"SMITH"},{"data":"Consume","floor":15,"key":"SMITH"}],"neow_cost":"NONE","seed_source_timestamp":920449999788373,"circlet_count":0,"master_deck":["Strike_B","Strike_B","Strike_B","Strike_B","Defend_B","Defend_B","Defend_B","Defend_B","Zap+1","Dualcast","Leap","Self Repair","Redo","Machine Learning+1","BootSequence","Genetic Algorithm+1","Auto Shields","Sunder","Cold Snap","Stack","Consume+1","Coolheaded"],"relics":["Cracked Core","Lantern","Golden Idol","Old Coin","Mummified Hand","Prayer Wheel"],"potions_floor_usage":[4,14],"damage_taken":[{"damage":2,"enemies":"Small Slimes","floor":1,"turns":3},{"damage":1,"enemies":"Cultist","floor":4,"turns":3},{"damage":2,"enemies":"Jaw Worm","floor":5,"turns":4},{"damage":41,"enemies":"3 Sentries","floor":7,"turns":9},{"damage":13,"enemies":"3 Louse","floor":12,"turns":3},{"damage":3,"enemies":"Looter","floor":13,"turns":4},{"damage":0,"enemies":"2 Fungi Beasts","floor":14,"turns":4},{"damage":52,"enemies":"Hexaghost","floor":16,"turns":21}],"seed_played":"5080652741848140766","potions_obtained":[{"floor":1,"key":"Fruit Juice"},{"floor":4,"key":"LiquidBronze"},{"floor":13,"key":"Energy Potion"},{"floor":14,"key":"Ancient Potion"}],"is_trial":false,"path_per_floor":["M","?","$","M","M","R","E","$","T","R","?","M","M","M","R","B"],"character_chosen":"DEFECT","items_purchased":["Self Repair","Mummified Hand","Genetic Algorithm"],"campfire_rested":0,"item_purchase_floors":[3,8,8],"current_hp_per_floor":[73,73,73,80,80,80,46,46,46,46,46,40,44,51,51,0],"gold":85,"neow_bonus":"RANDOM_COMMON_RELIC","is_prod":false,"is_daily":false,"chose_seed":false,"campfire_upgraded":3,"win_rate":0,"timestamp":1549862884,"path_taken":["M","?","$","M","M","R","E","$","T","R","?","?","M","M","R","BOSS"],"build_version":"2019-01-23","purchased_purges":1,"victory":false,"max_hp_per_floor":[75,75,75,80,80,80,80,80,80,80,80,80,80,80,80,80],"card_choices":[{"not_picked":["Force Field","Ball Lightning"],"picked":"Leap","floor":1},{"not_picked":["Aggregate","Heatsinks"],"picked":"Redo","floor":4},{"not_picked":["Ball Lightning","Beam Cell"],"picked":"Machine Learning","floor":5},{"not_picked":["Steam","Streamline"],"picked":"BootSequence","floor":7},{"not_picked":["Rebound","Steam"],"picked":"Auto Shields","floor":12},{"not_picked":["Go for the Eyes","Fusion"],"picked":"Sunder","floor":12},{"not_picked":["Darkness","Skim"],"picked":"Cold Snap","floor":13},{"not_picked":["Barrage","Genetic Algorithm"],"picked":"Stack","floor":13},{"not_picked":["Reprogram","Streamline"],"picked":"Consume","floor":14},{"not_picked":["Gash","FTL"],"picked":"Coolheaded","floor":14}],"player_experience":215265,"relics_obtained":[{"floor":7,"key":"Old Coin"},{"floor":9,"key":"Prayer Wheel"}],"event_choices":[{"damage_healed":0,"gold_gain":0,"player_choice":"Take Wound","damage_taken":0,"relics_obtained":["Golden Idol"],"max_hp_gain":0,"max_hp_loss":0,"event_name":"Golden Idol","floor":2,"gold_loss":0,"cards_obtained":["Injury"]},{"damage_healed":0,"gold_gain":0,"player_choice":"Forge","damage_taken":0,"max_hp_gain":0,"max_hp_loss":0,"event_name":"Accursed Blacksmith","floor":11,"gold_loss":0,"cards_upgraded":["Zap"]}],"is_beta":false,"boss_relics":[],"items_purged_floors":[8],"is_endless":false,"potions_floor_spawned":[1,4,13,14],"killed_by":"Hexaghost","ascension_level":5}