{"gold_per_floor":[215,140,150,160,174,205,205,233,263,293,305,305,305,324,324,421,421,436,446,84,84,100,100,100,117,144,162,178,81,81],"floor_reached":30,"playtime":1657,"items_purged":["Strike_G","Defend_G"],"score":381,"play_id":"b8135f49-edd1-424f-a731-8c7149376df2","local_time":"20190228213429","is_ascension_mode":true,"campfire_choices":[{"floor":7,"key":"REST"},{"data":"Footwork","floor":13,"key":"SMITH"},{"floor":15,"key":"REST"},{"data":"Apotheosis","floor":23,"key":"SMITH"}],"neow_cost":"NONE","seed_source_timestamp":1130523407154799,"circlet_count":0,"master_deck":["AscendersBane","Defend_G","Defend_G","Defend_G","Defend_G","Strike_G","Strike_G","Strike_G","Survivor","Neutralize","Dagger Spray","Noxious Fumes","Flying Knee","Infinite Blades","Malaise","Footwork","Footwork+1","Flying Knee","Bullet Time","Flechettes","Poisoned Stab","Apotheosis+1","Trip","Decay","Deflect+1","Doppelganger","Purity","Crippling Poison","Catalyst","Masterful Stab","Caltrops","Deadly Poison"],"relics":["Ring of the Snake","Meat on the Bone","Anchor","Tiny Chest","Question Card","Velvet Choker","Blood Vial"],"potions_floor_usage":[8,16,16,16],"damage_taken":[{"damage":0,"enemies":"Cultist","floor":1,"turns":5},{"damage":1,"enemies":"2 Louse","floor":3,"turns":4},{"damage":12,"enemies":"Small Slimes","floor":4,"turns":5},{"damage":2,"enemies":"Red Slaver","floor":5,"turns":4},{"damage":24,"enemies":"3 Sentries","floor":6,"turns":8},{"damage":22,"enemies":"Lagavulin","floor":8,"turns":6},{"damage":26,"enemies":"Gremlin Nob","floor":10,"turns":5},{"damage":0,"enemies":"Blue Slaver","floor":11,"turns":5},{"damage":0,"enemies":"3 Louse","floor":14,"turns":4},{"damage":8,"enemies":"Hexaghost","floor":16,"turns":11},{"damage":9,"enemies":"Chosen","floor":18,"turns":7},{"damage":29,"enemies":"Spheric Guardian","floor":19,"turns":8},{"damage":15,"enemies":"Snake Plant","floor":22,"turns":7},{"damage":13,"enemies":"Cultist and Chosen","floor":25,"turns":6},{"damage":15,"enemies":"3 Cultists","floor":27,"turns":6},{"damage":24,"enemies":"Snecko","floor":28,"turns":5},{"damage":26,"enemies":"Snake Plant","floor":30,"turns":4}],"seed_played":"383390411818802484","potions_obtained":[{"floor":4,"key":"SteroidPotion"},{"floor":5,"key":"Energy Potion"},{"floor":10,"key":"Swift Potion"},{"floor":11,"key":"AttackPotion"},{"floor":14,"key":"Strength Potion"},{"floor":19,"key":"LiquidBronze"},{"floor":22,"key":"AttackPotion"},{"floor":25,"key":"FearPotion"}],"is_trial":false,"path_per_floor":["M","$","M","M","M","E","R","E","T","E","M","?","R","M","R","B",null,"M","M","$","?","M","R","?","M","T","M","M","$","M"],"character_chosen":"THE_SILENT","items_purchased":["Apotheosis","Trip","Caltrops","Deadly Poison"],"campfire_rested":2,"item_purchase_floors":[20,20,29,29],"current_hp_per_floor":[63,63,62,50,48,24,45,35,35,21,33,26,26,38,59,51,65,56,39,39,39,36,36,36,35,35,34,24,24,0],"gold":81,"neow_bonus":"HUNDRED_GOLD","is_prod":false,"is_daily":false,"chose_seed":false,"campfire_upgraded":2,"win_rate":0,"timestamp":1551407669,"path_taken":["M","$","M","M","?","E","R","E","T","E","M","?","R","M","R","BOSS","M","M","$","?","M","R","?","M","T","M","?","$","M"],"build_version":"2019-01-23","purchased_purges":2,"victory":false,"max_hp_per_floor":[70,70,70,70,70,70,70,70,70,70,70,70,70,70,70,70,70,70,70,70,70,70,70,70,70,70,70,70,70,70],"card_choices":[{"not_picked":["Flechettes","Sucker Punch"],"picked":"Dagger Spray","floor":1},{"not_picked":["Setup","Accuracy"],"picked":"Noxious Fumes","floor":3},{"not_picked":["Endless Agony","Dagger Throw"],"picked":"Flying Knee","floor":4},{"not_picked":["Backflip","Choke"],"picked":"Infinite Blades","floor":5},{"not_picked":["Expertise","Phantasmal Killer","Eviscerate"],"picked":"SKIP","floor":6},{"not_picked":["Deflect","Heel Hook"],"picked":"Malaise","floor":8},{"not_picked":["Bouncing Flask","Masterful Stab"],"picked":"Footwork","floor":10},{"not_picked":["Dagger Throw","Poisoned Stab","Underhanded Strike"],"picked":"Footwork","floor":11},{"not_picked":["Distraction","Setup","Deflect"],"picked":"Flying Knee","floor":14},{"not_picked":["Phantasmal Killer","Storm of Steel","Night Terror"],"picked":"Bullet Time","floor":16},{"not_picked":["Slice","Finisher+1","Dagger Spray"],"picked":"Flechettes","floor":18},{"not_picked":["Quick Slash","Outmaneuver","Deflect"],"picked":"Poisoned Stab","floor":19},{"not_picked":["Acrobatics","Backflip","Accuracy"],"picked":"Deflect+1","floor":22},{"not_picked":["Night Terror","Blade Dance","Endless Agony","Bane"],"picked":"SKIP","floor":25},{"not_picked":["Dagger Throw","Slice","Prepared"],"picked":"Catalyst","floor":27},{"not_picked":["Heel Hook","Prepared","Backflip"],"picked":"Masterful Stab","floor":28}],"player_experience":343100,"relics_obtained":[{"floor":6,"key":"Meat on the Bone"},{"floor":8,"key":"Anchor"},{"floor":9,"key":"Tiny Chest"},{"floor":10,"key":"Question Card"},{"floor":26,"key":"Blood Vial"}],"event_choices":[{"cards_removed":["Strike_G"],"damage_healed":0,"gold_gain":0,"player_choice":"Card Removal","damage_taken":7,"max_hp_gain":0,"max_hp_loss":0,"event_name":"Golden Wing","floor":12,"gold_loss":0},{"damage_healed":0,"gold_gain":0,"player_choice":"Smashed Altar","damage_taken":0,"max_hp_gain":0,"max_hp_loss":0,"event_name":"Forgotten Altar","floor":21,"gold_loss":0,"cards_obtained":["Decay"]},{"damage_healed":0,"gold_gain":0,"player_choice":"3 cards matched","damage_taken":0,"max_hp_gain":0,"max_hp_loss":0,"event_name":"Match and Keep!","floor":24,"gold_loss":0,"cards_obtained":["Doppelganger","Purity","Crippling Poison"]}],"is_beta":false,"boss_relics":[{"not_picked":["WristBlade","Calling Bell"],"picked":"Velvet Choker"}],"items_purged_floors":[2,20],"is_endless":false,"potions_floor_spawned":[4,5,10,11,14,19,22,25,28],"killed_by":"Snake Plant","ascension_level":10}