{"gold_per_floor":[113,126,137,155,155,155,155,188,213,246,246,23,48,77,89,197,209,239,251,38,50,64,64,89,89,89,14,43,57,57,74,74,74],"floor_reached":33,"playtime":2140,"items_purged":["Strike_R"],"score":366,"play_id":"17c5b7ca-06b4-4c28-a3c0-5061b3163d3e","local_time":"20190625220301","is_ascension_mode":true,"campfire_choices":[{"data":"Iron Wave","floor":6,"key":"SMITH"},{"data":"Cleave","floor":11,"key":"SMITH"},{"data":"Iron Wave","floor":15,"key":"SMITH"},{"data":"Apotheosis","floor":23,"key":"SMITH"},{"floor":30,"key":"REST"},{"floor":32,"key":"REST"}],"neow_cost":"NONE","seed_source_timestamp":247022330560549,"circlet_count":0,"master_deck":["Strike_R","Strike_R","Strike_R","Defend_R","Defend_R","Defend_R","Bash+1","Iron Wave+1","Cleave+1","Pommel Strike","Clash","Thunderclap","Iron Wave","Pommel Strike","Iron Wave+1","Double Tap","Seeing Red","Apotheosis+1","Clothesline+1","Shrug It Off"],"relics":["Burning Blood","Art of War","Pen Nib","Vajra","MawBank","Lizard Tail","Torii","Molten Egg 2","Potion Belt"],"potions_floor_usage":[4,8,10,14,16,16,21,22,28,29,33],"damage_taken":[{"damage":2,"enemies":"2 Louse","floor":1,"turns":4},{"damage":2,"enemies":"Jaw Worm","floor":2,"turns":3},{"damage":0,"enemies":"Small Slimes","floor":3,"turns":3},{"damage":9,"enemies":"Exordium Wildlife","floor":4,"turns":6},{"damage":23,"enemies":"3 Sentries","floor":8,"turns":5},{"damage":13,"enemies":"Lagavulin","floor":10,"turns":3},{"damage":16,"enemies":"Gremlin Nob","floor":13,"turns":3},{"damage":0,"enemies":"2 Fungi Beasts","floor":14,"turns":1},{"damage":16,"enemies":"The Guardian","floor":16,"turns":10},{"damage":2,"enemies":"Chosen","floor":18,"turns":4},{"damage":21,"enemies":"2 Thieves","floor":21,"turns":3},{"damage":29,"enemies":"3 Cultists","floor":22,"turns":5},{"damage":73,"enemies":"Book of Stabbing","floor":24,"turns":6},{"damage":27,"enemies":"Slavers","floor":28,"turns":7},{"damage":15,"enemies":"Centurion and Healer","floor":29,"turns":6},{"damage":1,"enemies":"Chosen and Byrds","floor":31,"turns":4},{"damage":102,"enemies":"Champ","floor":33,"turns":12}],"seed_played":"4667961801364006979","potions_obtained":[{"floor":1,"key":"Regen Potion"},{"floor":2,"key":"Energy Potion"},{"floor":3,"key":"Swift Potion"},{"floor":8,"key":"Fire Potion"},{"floor":18,"key":"Regen Potion"},{"floor":28,"key":"Poison Potion"},{"floor":31,"key":"EssenceOfSteel"}],"is_trial":false,"path_per_floor":["M","M","M","M","?","R","?","E","T","E","R","$","E","M","R","B",null,"M","?","$","M","M","R","E","?","T","$","E","M","R","M","R","B"],"character_chosen":"IRONCLAD","items_purchased":["Iron Wave","SpeedPotion","Explosive Potion","Apotheosis","FearPotion","Clothesline+1","Dexterity Potion"],"campfire_rested":2,"item_purchase_floors":[12,12,12,20,20,27,27],"current_hp_per_floor":[80,80,80,77,77,77,77,72,72,65,65,65,55,61,61,51,80,80,80,80,70,47,47,25,51,51,51,30,21,45,50,74,0],"gold":74,"neow_bonus":"UPGRADE_CARD","is_prod":false,"is_daily":false,"chose_seed":false,"campfire_upgraded":4,"win_rate":0,"timestamp":1561525381,"path_taken":["M","M","M","M","?","R","?","E","T","E","R","?","E","M","R","BOSS","M","?","$","M","M","R","E","?","T","?","E","M","R","M","R","BOSS"],"build_version":"2019-01-23","purchased_purges":1,"victory":false,"max_hp_per_floor":[80,80,80,80,80,80,80,80,80,80,80,80,80,80,80,80,80,80,80,80,80,80,80,80,80,80,80,80,80,80,80,80,80],"card_choices":[{"not_picked":["Infernal Blade","Flex"],"picked":"Iron Wave","floor":1},{"not_picked":["Ghostly Armor","Blood for Blood"],"picked":"Cleave","floor":2},{"not_picked":["Heavy Blade","Sword Boomerang"],"picked":"Pommel Strike","floor":3},{"not_picked":["Warcry","Havoc"],"picked":"Clash","floor":4},{"not_picked":["Pummel","Sever Soul","Body Slam"],"picked":"SKIP","floor":8},{"not_picked":["Shrug It Off","Flex"],"picked":"Thunderclap","floor":10},{"not_picked":["Spot Weakness","Fire Breathing"],"picked":"Pommel Strike","floor":13},{"not_picked":["Flex","Dual Wield"],"picked":"Iron Wave","floor":14},{"not_picked":["Immolate","Limit Break"],"picked":"Double Tap","floor":16},{"not_picked":["Shrug It Off","Iron Wave"],"picked":"Seeing Red","floor":18},{"not_picked":["Iron Wave+1","Intimidate","Bloodletting+1"],"picked":"SKIP","floor":21},{"not_picked":["Havoc","Flex","Rupture"],"picked":"SKIP","floor":22},{"not_picked":["Havoc+1","Cleave","Corruption"],"picked":"SKIP","floor":24},{"not_picked":["Corruption","Armaments"],"picked":"Shrug It Off","floor":28},{"not_picked":["Rupture+1","Clothesline+1","Intimidate"],"picked":"SKIP","floor":29},{"not_picked":["Inflame","Perfected Strike+1","True Grit"],"picked":"SKIP","floor":31}],"player_experience":493918,"relics_obtained":[{"floor":8,"key":"Art of War"},{"floor":9,"key":"Pen Nib"},{"floor":10,"key":"Vajra"},{"floor":13,"key":"MawBank"},{"floor":24,"key":"Torii"},{"floor":26,"key":"Molten Egg 2"},{"floor":28,"key":"Potion Belt"}],"event_choices":[{"cards_removed":["Defend_R"],"damage_healed":0,"gold_gain":0,"player_choice":"Forget","damage_taken":0,"max_hp_gain":0,"max_hp_loss":0,"event_name":"Living Wall","floor":5,"gold_loss":0},{"damage_healed":0,"gold_gain":0,"player_choice":"Ignored","damage_taken":0,"max_hp_gain":0,"max_hp_loss":0,"event_name":"Golden Idol","floor":7,"gold_loss":0},{"cards_removed":["Strike_R"],"damage_healed":0,"gold_gain":0,"player_choice":"Elegance","damage_taken":0,"max_hp_gain":0,"max_hp_loss":0,"event_name":"Back to Basics","floor":19,"gold_loss":0},{"damage_healed":26,"gold_gain":0,"player_choice":"Heal","damage_taken":0,"max_hp_gain":0,"max_hp_loss":0,"event_name":"The Library","floor":25,"gold_loss":0}],"is_beta":false,"boss_relics":[{"not_picked":["Orrery","Black Star"],"picked":"Lizard Tail"}],"items_purged_floors":[12],"is_endless":false,"potions_floor_spawned":[1,2,3,8,18,28,31],"killed_by":"Champ","ascension_level":4}