{"gold_per_floor":[116,116,31,41,41,71,71,104,104,118,118,118,132,132,132,132],"floor_reached":16,"playtime":415,"items_purged":[],"score":211,"play_id":"8f02f6c8-a243-4eca-9f62-b6999d80e259","local_time":"20190630220416","is_ascension_mode":true,"campfire_choices":[{"floor":7,"key":"REST"},{"floor":12,"key":"REST"},{"data":"Carnage","floor":15,"key":"SMITH"}],"neow_cost":"TEN_PERCENT_HP_LOSS","seed_source_timestamp":1552364833128428,"circlet_count":0,"master_deck":["AscendersBane","Strike_R","Strike_R","Strike_R+1","Strike_R","Strike_R","Defend_R+1","Defend_R","Defend_R","Defend_R","Bash","Inflame+1","Carnage+1","Pommel Strike","Feed","Flame Barrier+1","Armaments+1"],"relics":["Burning Blood","Mango","Mummified Hand","Toxic Egg 2","Pantograph"],"potions_floor_usage":[6,10,16],"damage_taken":[{"damage":16,"enemies":"Jaw Worm","floor":1,"turns":4},{"damage":8,"enemies":"2 Louse","floor":4,"turns":2},{"damage":35,"enemies":"Lagavulin","floor":6,"turns":5},{"damage":39,"enemies":"3 Sentries","floor":8,"turns":7},{"damage":0,"enemies":"Small Slimes","floor":10,"turns":2},{"damage":11,"enemies":"Blue Slaver","floor":13,"turns":4},{"damage":70,"enemies":"Hexaghost","floor":16,"turns":9}],"seed_played":"6917171790322312052","potions_obtained":[{"floor":4,"key":"PowerPotion"},{"floor":8,"key":"Fire Potion"},{"floor":13,"key":"BloodPotion"}],"is_trial":false,"path_per_floor":["M","?","$","M","$","E","R","E","T","M","?","R","M","?","R","B"],"character_chosen":"IRONCLAD","items_purchased":["Carnage"],"campfire_rested":2,"item_purchase_floors":[3],"current_hp_per_floor":[72,47,47,45,45,16,40,10,10,16,16,41,36,36,36,0],"gold":132,"neow_bonus":"ONE_RARE_RELIC","is_prod":false,"is_daily":false,"chose_seed":false,"campfire_upgraded":1,"win_rate":0,"timestamp":1561957456,"path_taken":["M","?","$","M","$","E","R","E","T","M","?","R","M","?","R","BOSS"],"build_version":"2019-01-23","purchased_purges":0,"victory":false,"max_hp_per_floor":[82,82,82,82,82,82,82,85,85,85,85,85,85,85,85,85],"card_choices":[{"not_picked":["Perfected Strike","Thunderclap"],"picked":"Inflame","floor":1},{"not_picked":["Armaments","Twin Strike"],"picked":"Pommel Strike","floor":4},{"not_picked":["Perfected Strike","Sword Boomerang"],"picked":"Feed","floor":6},{"not_picked":["Uppercut","Havoc"],"picked":"Flame Barrier","floor":8},{"not_picked":["Burning Pact+1","Body Slam"],"picked":"Armaments+1","floor":10},{"not_picked":["Pummel","Twin Strike","Flex+1"],"picked":"SKIP","floor":13}],"player_experience":1105353,"relics_obtained":[{"floor":6,"key":"Mummified Hand"},{"floor":8,"key":"Toxic Egg 2"},{"floor":9,"key":"Pantograph"}],"event_choices":[{"damage_healed":0,"gold_gain":0,"player_choice":"Entered Light","damage_taken":25,"max_hp_gain":0,"max_hp_loss":0,"event_name":"Shining Light","floor":2,"gold_loss":0,"cards_upgraded":["Strike_R","Defend_R"]},{"damage_healed":0,"gold_gain":0,"player_choice":"Fled","damage_taken":0,"max_hp_gain":0,"max_hp_loss":0,"event_name":"Scrap Ooze","floor":11,"gold_loss":0},{"damage_healed":0,"gold_gain":0,"player_choice":"Grow","damage_taken":0,"max_hp_gain":0,"max_hp_loss":0,"event_name":"Living Wall","floor":14,"gold_loss":0,"cards_upgraded":["Inflame"]}],"is_beta":false,"boss_relics":[],"items_purged_floors":[],"is_endless":false,"potions_floor_spawned":[4,8,13],"killed_by":"Hexaghost","ascension_level":19}